{"gold_per_floor":[144,144,189,234,279,324,414,459,459,504,594,639,639,684,684,984,984,1029,1074,1074,1119,1119,1209,1254,1254,1279,91,136,136,226,271,271,571,901,946,991,5,50,95,185,230,275,300,300,390,390,15,60,60,60],"floor_reached":51,"playtime":2551,"items_purged":["Darkness"],"score":1294,"play_id":"80b84a50-c3fb-4ca7-a664-6a3409f1d6ad","local_time":"20180702232259","daily_mods":["Insanity","Midas","Vintage"],"is_ascension_mode":false,"campfire_choices":[{"floor":13,"key":"REST"},{"floor":15,"key":"REST"},{"data":"Darkness","floor":25,"key":"PURGE"},{"data":"Fusion","floor":32,"key":"PURGE"},{"data":"Doom and Gloom","floor":44,"key":"PURGE"},{"data":"Blizzard","floor":49,"key":"PURGE"}],"neow_cost":"","seed_source_timestamp":0,"circlet_count":0,"master_deck":["Compile Driver+1","FTL","Barrage","Hologram","Electrodynamics","White Noise+1","Self Repair","Seek+1","Chaos","Creative AI","Rebound","Auto Shields+1","Tempest","Loop","Rainbow","Heatsinks","Rebound","Lockon+1","Go for the Eyes","Capacitor","Steam Power","Double Energy","Leap","Biased Cognition","Rebound","Fission","Thunder Strike","Lockon","Force Field","Buffer","Barrage","Amplify","Coolheaded","Lockon","Biased Cognition","Blizzard","Thunder Strike","Sunder","Meteor Strike","Core Surge","Auto Shields","Rainbow","Streamline","Reinforced Body","Leap","All For One+1","Seek","BootSequence","Go for the Eyes+1","Go for the Eyes+1","Sweeping Beam+1","Hologram","Bite+1","Bite+1","Bite+1","Bite+1","Bite+1","Stack","Go for the Eyes+1","Apotheosis","Flash of Steel+1","Rebound+1","Turbo","Meteor Strike+1","Gash+1","Gash+1","Compile Driver+1","Multi-Cast","Writhe","All For One+1","White Noise+1","Core Surge+1","Finesse","Thinking Ahead","Mind Blast+1","Capacitor","Capacitor","Capacitor","Defragment","Defragment","Self Repair"],"special_seed":17714,"relics":["Cracked Core","Lantern","Anchor","Pear","The Courier","Strawberry","Sundial","Gremlin Horn","Mercury Hourglass","Molten Egg 2","Ornamental Fan","Whetstone","Potion Belt","Orichalcum","Orrery","Bottled Lightning","Centennial Puzzle","Bottled Flame","Peace Pipe","Oddly Smooth Stone","Regal Pillow","Omamori","Blue Candle","Singing Bowl","Boot","Bottled Tornado","Darkstone Periapt","Letter Opener","Bag of Marbles","Calling Bell","Tiny Chest","Meat on the Bone","Old Coin","Kunai","Bronze Scales","Thread and Needle","War Paint","Toolbox","Cables","Ice Cream","Blood Vial","DataDisk","Dream Catcher","Matryoshka","Mummified Hand","Happy Flower","Bag of Preparation","Art of War"],"potions_floor_usage":[7,11,11,16,16,23,23,23,23,23,30,30,33,40,40,50,50],"damage_taken":[{"damage":9,"enemies":"Jaw Worm","floor":1,"turns":2},{"damage":4,"enemies":"Small Slimes","floor":3,"turns":2},{"damage":0,"enemies":"Cultist","floor":4,"turns":2},{"damage":0,"enemies":"2 Fungi Beasts","floor":5,"turns":3},{"damage":8,"enemies":"Exordium Thugs","floor":6,"turns":3},{"damage":0,"enemies":"3 Sentries","floor":7,"turns":3},{"damage":1,"enemies":"Large Slime","floor":8,"turns":2},{"damage":0,"enemies":"3 Louse","floor":10,"turns":2},{"damage":36,"enemies":"Gremlin Nob","floor":11,"turns":5},{"damage":0,"enemies":"Lots of Slimes","floor":12,"turns":2},{"damage":0,"enemies":"Exordium Thugs","floor":14,"turns":2},{"damage":0,"enemies":"Slime Boss","floor":16,"turns":4},{"damage":0,"enemies":"Spheric Guardian","floor":18,"turns":3},{"damage":3,"enemies":"2 Thieves","floor":19,"turns":3},{"damage":0,"enemies":"Snecko","floor":21,"turns":4},{"damage":0,"enemies":"Slavers","floor":23,"turns":2},{"damage":0,"enemies":"Centurion and Healer","floor":24,"turns":2},{"damage":0,"enemies":"Chosen and Byrds","floor":28,"turns":4},{"damage":0,"enemies":"Gremlin Leader","floor":30,"turns":3},{"damage":0,"enemies":"Snake Plant","floor":31,"turns":2},{"damage":0,"enemies":"Automaton","floor":33,"turns":5},{"damage":1,"enemies":"3 Shapes","floor":35,"turns":2},{"damage":1,"enemies":"Orb Walker","floor":36,"turns":2},{"damage":1,"enemies":"Sphere and 2 Shapes","floor":38,"turns":1},{"damage":1,"enemies":"3 Darklings","floor":39,"turns":2},{"damage":1,"enemies":"Nemesis","floor":40,"turns":3},{"damage":1,"enemies":"Maw","floor":41,"turns":5},{"damage":1,"enemies":"Sphere and 2 Shapes","floor":42,"turns":2},{"damage":1,"enemies":"Giant Head","floor":45,"turns":5},{"damage":1,"enemies":"3 Darklings","floor":48,"turns":1},{"damage":33,"enemies":"Awakened One","floor":50,"turns":3}],"seed_played":"9042137749875392319","potions_obtained":[{"floor":3,"key":"Explosive Potion"},{"floor":5,"key":"SpeedPotion"},{"floor":7,"key":"Ancient Potion"},{"floor":11,"key":"Fire Potion"},{"floor":14,"key":"Swift Potion"},{"floor":16,"key":"FocusPotion"},{"floor":21,"key":"EntropicBrew"},{"floor":23,"key":"SpeedPotion"},{"floor":28,"key":"Fire Potion"},{"floor":30,"key":"Dexterity Potion"},{"floor":39,"key":"GamblersBrew"},{"floor":40,"key":"Poison Potion"},{"floor":42,"key":"Strength Potion"}],"is_trial":false,"path_per_floor":["M","?","M","M","M","M","E","M","T","M","E","M","R","M","R","B",null,"M","M","?","M","?","E","M","R","T","$","M","?","E","M","R","B",null,"M","M","$","M","M","E","M","M","T","R","E","?","$","M","R","B"],"character_chosen":"DEFECT","items_purchased":["Omamori","Blue Candle","Apotheosis","Flash of Steel+1","Rebound+1","Turbo","Singing Bowl","Boot","Meteor Strike+1","Gash+1","Gash+1","Thread and Needle","War Paint","Toolbox","Cables","All For One+1","Capacitor","Capacitor","Capacitor","Defragment","Defragment","Self Repair"],"campfire_rested":2,"item_purchase_floors":[27,27,27,27,27,27,27,27,27,27,27,37,37,37,37,37,47,47,47,47,47,47],"current_hp_per_floor":[66,66,62,72,72,71,71,70,70,70,41,41,68,68,92,92,92,92,89,64,64,64,64,64,64,64,64,64,53,59,59,59,59,75,74,73,73,75,74,74,75,74,74,74,75,65,65,75,75,72],"gold":60,"neow_bonus":"","is_prod":false,"is_daily":true,"chose_seed":false,"campfire_upgraded":0,"win_rate":0,"timestamp":1530530579,"path_taken":["M","?","M","M","M","M","E","M","T","M","E","M","R","M","R","BOSS","M","M","?","M","?","E","?","R","T","$","M","?","E","M","R","BOSS","M","M","?","M","?","E","M","M","T","R","E","?","$","M","R","BOSS"],"build_version":"2018-06-28","purchased_purges":1,"victory":true,"max_hp_per_floor":[75,75,75,85,85,92,92,92,92,92,92,92,92,92,92,92,92,92,92,64,64,64,64,64,64,64,64,64,69,69,69,69,69,75,75,75,75,75,75,75,75,75,75,75,75,75,75,75,75,75],"card_choices":[{"not_picked":["Scrape","Tempest"],"picked":"Leap","floor":7},{"not_picked":["Coolheaded","Stack"],"picked":"All For One+1","floor":11},{"not_picked":["Thunder Strike+1","Rainbow"],"picked":"Seek","floor":16},{"not_picked":["Gash+1","Leap"],"picked":"BootSequence","floor":17},{"not_picked":["Auto Shields","Chill"],"picked":"Go for the Eyes+1","floor":17},{"not_picked":["Turbo","Conserve Battery"],"picked":"Go for the Eyes+1","floor":17},{"not_picked":["Reinforced Body","Chill"],"picked":"Sweeping Beam+1","floor":17},{"not_picked":["Streamline+1","Stack"],"picked":"Hologram","floor":17},{"not_picked":["Beam Cell+1","Hologram"],"picked":"Go for the Eyes+1","floor":23},{"not_picked":["Capacitor+1","Darkness"],"picked":"Compile Driver+1","floor":30},{"not_picked":["Buffer","Rainbow"],"picked":"Multi-Cast","floor":33},{"not_picked":["Cold Snap+1","Rebound+1"],"picked":"White Noise+1","floor":40},{"not_picked":["Compile Driver+1","Biased Cognition"],"picked":"Core Surge+1","floor":45},{"not_picked":["Bandage Up","Dramatic Entrance+1"],"picked":"Finesse","floor":46},{"not_picked":["Dark Shackles","Transmutation"],"picked":"Thinking Ahead","floor":46},{"not_picked":["Apotheosis","Magnetism"],"picked":"Mind Blast+1","floor":46}],"player_experience":267582,"relics_obtained":[{"floor":1,"key":"Lantern"},{"floor":3,"key":"Anchor"},{"floor":4,"key":"Pear"},{"floor":5,"key":"The Courier"},{"floor":6,"key":"Strawberry"},{"floor":7,"key":"Sundial"},{"floor":8,"key":"Gremlin Horn"},{"floor":9,"key":"Mercury Hourglass"},{"floor":10,"key":"Molten Egg 2"},{"floor":11,"key":"Ornamental Fan"},{"floor":12,"key":"Whetstone"},{"floor":14,"key":"Potion Belt"},{"floor":16,"key":"Orichalcum"},{"floor":18,"key":"Bottled Lightning"},{"floor":19,"key":"Centennial Puzzle"},{"floor":21,"key":"Bottled Flame"},{"floor":23,"key":"Peace Pipe"},{"floor":24,"key":"Oddly Smooth Stone"},{"floor":26,"key":"Regal Pillow"},{"floor":28,"key":"Bottled Tornado"},{"floor":30,"key":"Darkstone Periapt"},{"floor":31,"key":"Letter Opener"},{"floor":33,"key":"Bag of Marbles"},{"floor":34,"key":"Tiny Chest"},{"floor":34,"key":"Meat on the Bone"},{"floor":34,"key":"Old Coin"},{"floor":35,"key":"Kunai"},{"floor":36,"key":"Bronze Scales"},{"floor":38,"key":"Ice Cream"},{"floor":39,"key":"Blood Vial"},{"floor":40,"key":"DataDisk"},{"floor":41,"key":"Dream Catcher"},{"floor":42,"key":"Matryoshka"},{"floor":43,"key":"Mummified Hand"},{"floor":43,"key":"Happy Flower"},{"floor":45,"key":"Bag of Preparation"},{"floor":48,"key":"Art of War"}],"event_choices":[{"event_name":"Living Wall","player_choice":"Grow","floor":2,"damage_taken":0},{"event_name":"Vampires","player_choice":"Became a vampire","floor":20,"damage_taken":0},{"event_name":"Transmorgrifier","player_choice":"Transform","floor":22,"damage_taken":0},{"event_name":"Forgotten Altar","player_choice":"Shed Blood","floor":29,"damage_taken":0},{"event_name":"SensoryStone","player_choice":"Memory 3","floor":46,"damage_taken":0}],"boss_relics":[{"not_picked":["Ectoplasm","Inserter"],"picked":"Orrery"},{"not_picked":["Black Star","Astrolabe"],"picked":"Calling Bell"}],"items_purged_floors":[27],"is_endless":false,"potions_floor_spawned":[3,5,7,11,14,16,21,23,28,30,39,40,42],"ascension_level":0}