{"gold_per_floor":[114,126,144,157,157,157,190,203,203,229,49,75,94,110,110,209,209,225,225,150,150,150,150,180,180,207,19,31,42,42,58,58,155,155,172,172,189,189,189,189,217,217,241,149,175,50,62,74,74,74],"floor_reached":51,"playtime":2629,"items_purged":["Strike_R","Strike_R+1"],"score":1093,"play_id":"9e37767a-3310-4eda-a093-b27c7c8e5669","local_time":"20190124200514","is_ascension_mode":true,"campfire_choices":[{"data":"Hemokinesis","floor":6.0,"key":"SMITH"},{"data":"Juggernaut","floor":15.0,"key":"SMITH"},{"data":"Armaments","floor":23.0,"key":"SMITH"},{"data":"Bash","floor":25.0,"key":"SMITH"},{"data":"Spot Weakness","floor":32.0,"key":"SMITH"},{"data":"Juggernaut","floor":40.0,"key":"SMITH"},{"floor":49,"key":"REST"}],"neow_cost":"TEN_PERCENT_HP_LOSS","seed_source_timestamp":0,"circlet_count":0,"master_deck":["Defend_R+1","Defend_R+1","Defend_R+1","Bash+1","Juggernaut+1","Battle Trance","Hemokinesis+1","True Grit","Ghostly Armor","True Grit","Armaments+1","Metallicize","Shrug It Off","Whirlwind","Sentinel","Immolate","Spot Weakness+1","Sword Boomerang","Sword Boomerang+1","Juggernaut+1","Barricade+1","Impervious+1","Bludgeon+1","Body Slam+1","True Grit","Metallicize","Headbutt"],"special_seed":0,"relics":["Burning Blood","Letter Opener","Bottled Flame","Lantern","Dodecahedron","Busted Crown","Charon\u0027s Ashes","Blood Vial","Mango","Bag of Marbles","Astrolabe","Darkstone Periapt","Orichalcum","Pen Nib"],"potions_floor_usage":[50,50,50],"damage_taken":[{"damage":5.0,"enemies":"Cultist","floor":1.0,"turns":4.0},{"damage":9.0,"enemies":"2 Louse","floor":2.0,"turns":4.0},{"damage":3.0,"enemies":"Small Slimes","floor":3.0,"turns":3.0},{"damage":7.0,"enemies":"2 Fungi Beasts","floor":4.0,"turns":4.0},{"damage":12.0,"enemies":"Gremlin Nob","floor":7.0,"turns":3.0},{"damage":4.0,"enemies":"Blue Slaver","floor":8.0,"turns":4.0},{"damage":13.0,"enemies":"Lagavulin","floor":10.0,"turns":7.0},{"damage":15.0,"enemies":"Gremlin Nob","floor":12.0,"turns":4.0},{"damage":0.0,"enemies":"Looter","floor":13.0,"turns":3.0},{"damage":1.0,"enemies":"Exordium Thugs","floor":14.0,"turns":4.0},{"damage":22.0,"enemies":"The Guardian","floor":16.0,"turns":12.0},{"damage":9.0,"enemies":"2 Thieves","floor":18.0,"turns":4.0},{"damage":19.0,"enemies":"Book of Stabbing","floor":24.0,"turns":5.0},{"damage":0.0,"enemies":"Shell Parasite","floor":28.0,"turns":5.0},{"damage":2.0,"enemies":"Snecko","floor":29.0,"turns":3.0},{"damage":2.0,"enemies":"Shelled Parasite and Fungi","floor":31.0,"turns":3.0},{"damage":43.0,"enemies":"Automaton","floor":33.0,"turns":10.0},{"damage":0.0,"enemies":"3 Shapes","floor":35.0,"turns":1.0},{"damage":3.0,"enemies":"Orb Walker","floor":37.0,"turns":3.0},{"damage":40.0,"enemies":"Nemesis","floor":41.0,"turns":7.0},{"damage":36,"enemies":"Reptomancer","floor":45,"turns":5},{"damage":4,"enemies":"Maw","floor":47,"turns":7},{"damage":2,"enemies":"4 Shapes","floor":48,"turns":3},{"damage":2,"enemies":"Donu and Deca","floor":50,"turns":9}],"seed_played":"8599307625408059495","potions_obtained":[{"floor":1.0,"key":"LiquidBronze"},{"floor":4.0,"key":"Explosive Potion"},{"floor":8.0,"key":"FearPotion"},{"floor":14.0,"key":"Ancient Potion"},{"floor":29.0,"key":"Energy Potion"},{"floor":33.0,"key":"Fire Potion"}],"is_trial":false,"path_per_floor":["M","M","M","M","?","R","E","M","T","E","$","E","M","M","R","B",null,"M","?","?","T","?","R","E","R","T","$","M","M","$","M","R","B",null,"M","$","M","?","?","R","E","?","T","$","E","$","M","M","R","B",null],"character_chosen":"IRONCLAD","items_purchased":["Metallicize","Shrug It Off","Spot Weakness","Sword Boomerang","True Grit","Metallicize","Headbutt","SpeedPotion","PowerPotion"],"campfire_rested":1,"item_purchase_floors":[11,11,27,27,44,44,46,46,46],"current_hp_per_floor":[72,69,72,71,71,71,65,67,67,60,60,51,57,62,62,46,66,63,63,63,63,63,63,66,66,66,66,74,80,80,86,86,49,77,85,85,86,86,76,76,44,44,44,44,16,16,20,26,51,57],"gold":74,"neow_bonus":"THREE_RARE_CARDS","is_prod":false,"is_daily":false,"chose_seed":false,"campfire_upgraded":6,"win_rate":0,"timestamp":1548313514,"path_taken":["M","?","M","M","?","R","E","?","T","E","$","E","M","M","R","BOSS","M","?","?","?","?","R","E","R","T","$","?","M","?","M","R","BOSS","M","?","M","?","?","R","E","?","T","?","E","$","M","M","R","BOSS"],"build_version":"2019-01-23","purchased_purges":2,"victory":true,"max_hp_per_floor":[72,72,72,72,72,72,72,72,72,72,72,72,72,72,72,72,72,72,72,72,72,72,72,86,86,86,86,86,86,86,86,86,86,86,86,86,86,86,86,86,86,86,86,86,86,86,86,86,86,86],"card_choices":[{"not_picked":["Barricade","Exhume"],"picked":"Juggernaut","floor":0.0},{"not_picked":["Warcry","Headbutt"],"picked":"Battle Trance","floor":1.0},{"not_picked":["Thunderclap","Bloodletting"],"picked":"Hemokinesis","floor":2.0},{"not_picked":["Dropkick","Havoc"],"picked":"True Grit","floor":3.0},{"not_picked":["Flex","Warcry"],"picked":"Perfected Strike","floor":4.0},{"not_picked":["Sword Boomerang","Twin Strike","Perfected Strike"],"picked":"SKIP","floor":7.0},{"not_picked":["Cleave","Body Slam"],"picked":"True Grit","floor":8.0},{"not_picked":["Bloodletting","Clothesline"],"picked":"Armaments","floor":10.0},{"not_picked":["Bludgeon","Fiend Fire"],"picked":"Whirlwind","floor":12.0},{"not_picked":["Heavy Blade","Spot Weakness"],"picked":"Sentinel","floor":13.0},{"not_picked":["Perfected Strike","Flex","Dropkick"],"picked":"SKIP","floor":14.0},{"not_picked":["Fiend Fire","Dark Embrace"],"picked":"Immolate","floor":16.0},{"not_picked":["Infernal Blade"],"picked":"SKIP","floor":18.0},{"not_picked":["Rupture"],"picked":"SKIP","floor":24.0},{"not_picked":["Sword Boomerang"],"picked":"SKIP","floor":28.0},{"not_picked":["Havoc"],"picked":"SKIP","floor":29.0},{"not_picked":[],"picked":"Sword Boomerang+1","floor":31.0},{"not_picked":[],"picked":"Juggernaut","floor":33.0},{"not_picked":["Anger+1"],"picked":"SKIP","floor":35.0},{"not_picked":[],"picked":"Body Slam+1","floor":37.0},{"not_picked":["Perfected Strike"],"picked":"SKIP","floor":41.0},{"not_picked":["Flex+1"],"picked":"SKIP","floor":45},{"not_picked":["Infernal Blade"],"picked":"SKIP","floor":47},{"not_picked":["Headbutt"],"picked":"SKIP","floor":48}],"player_experience":26476,"relics_obtained":[{"floor":7.0,"key":"Letter Opener"},{"floor":9.0,"key":"Bottled Flame"},{"floor":10.0,"key":"Lantern"},{"floor":12.0,"key":"Dodecahedron"},{"floor":21.0,"key":"Blood Vial"},{"floor":24.0,"key":"Mango"},{"floor":26.0,"key":"Bag of Marbles"},{"floor":41.0,"key":"Darkstone Periapt"},{"floor":43.0,"key":"Orichalcum"},{"floor":45,"key":"Pen Nib"}],"event_choices":[{"damage_healed":0.0,"max_hp_gain":0.0,"max_hp_loss":0.0,"gold_gain":0.0,"cards_transformed":["Perfected Strike"],"event_name":"Transmorgrifier","player_choice":"Transformed","floor":5.0,"gold_loss":0.0,"damage_taken":0.0,"cards_obtained":["Ghostly Armor"]},{"damage_healed":0.0,"max_hp_gain":0.0,"max_hp_loss":0.0,"gold_gain":0.0,"event_name":"The Mausoleum","player_choice":"Opened","floor":19.0,"gold_loss":0.0,"damage_taken":0.0,"relics_obtained":["Charon\u0027s Ashes"],"cards_obtained":["Writhe"]},{"cards_removed":["Writhe"],"damage_healed":0.0,"max_hp_gain":0.0,"max_hp_loss":0.0,"gold_gain":0.0,"event_name":"Beggar","player_choice":"Gave Gold","floor":20.0,"gold_loss":75.0,"damage_taken":0.0},{"damage_healed":0.0,"max_hp_gain":0.0,"max_hp_loss":0.0,"gold_gain":0.0,"event_name":"Back to Basics","player_choice":"Simplicity","floor":22.0,"gold_loss":0.0,"damage_taken":0.0,"cards_upgraded":["Strike_R","Strike_R","Strike_R","Strike_R","Defend_R","Defend_R","Defend_R","Defend_R"]},{"cards_removed":["Defend_R"],"damage_healed":0.0,"max_hp_gain":0.0,"max_hp_loss":0.0,"gold_gain":0.0,"event_name":"Falling","player_choice":"Removed Skill","floor":38.0,"gold_loss":0.0,"damage_taken":0.0},{"damage_healed":0.0,"max_hp_gain":0.0,"max_hp_loss":0.0,"gold_gain":0.0,"event_name":"SensoryStone","player_choice":"Memory 3","floor":39.0,"gold_loss":0.0,"damage_taken":10.0},{"damage_healed":0.0,"max_hp_gain":0.0,"max_hp_loss":0.0,"gold_gain":0.0,"event_name":"Mysterious Sphere","player_choice":"Ignored","floor":42.0,"gold_loss":0.0,"damage_taken":0.0}],"is_beta":false,"boss_relics":[{"not_picked":["Fusion Hammer","Runic Cube"],"picked":"Busted Crown"},{"not_picked":["Orrery","Coffee Dripper"],"picked":"Astrolabe"}],"items_purged_floors":[11,27],"is_endless":false,"potions_floor_spawned":[1,4,8,14,29,33,47,48],"ascension_level":8}