{"gold_per_floor":[118,137,137,153,167,167,117,127,207,242,15,49,49,68,68,163,163,181,20,0,0,15,40,58,58,58,6,6,17,30,41,41,146,146,157,177,194,194,0,35,35,55,78,78,92,11,24,43,43,43],"floor_reached":50,"playtime":7116,"items_purged":["Strike_R"],"score":783,"play_id":"de458119-4711-452b-b423-1f4a4e867bdb","local_time":"20180709011617","is_ascension_mode":false,"campfire_choices":[{"data":"Body Slam","floor":6.0,"key":"SMITH"},{"data":"Inflame","floor":13.0,"key":"SMITH"},{"data":"Body Slam","floor":15.0,"key":"SMITH"},{"data":"Bash","floor":32.0,"key":"SMITH"},{"floor":44,"key":"REST"},{"data":"RitualDagger","floor":49,"key":"SMITH"}],"neow_cost":"","seed_source_timestamp":0,"circlet_count":0,"master_deck":["Strike_R","Strike_R","Strike_R","Defend_R","Defend_R","Defend_R","Defend_R","Bash+1","Metallicize","Iron Wave+1","Body Slam+1","Inflame+1","Pommel Strike","Feed","Flex+1","Body Slam+1","Impervious+1","Second Wind+1","Battle Trance+1","Deep Breath+1","Bloodletting+1","Heavy Blade+1","Entrench+1","Armaments+1","RitualDagger+1","Barricade","Whirlwind+1","Dual Wield+1","Battle Trance+1","Burning Pact+1","Sentinel+1","Battle Trance+1","Inflame+1","Headbutt+1","Headbutt","Shrug It Off+1","Shrug It Off+1"],"special_seed":0,"relics":["Burning Blood","Toxic Egg 2","Torii","Boot","Anchor","Lizard Tail","Bag of Marbles","Bottled Lightning","Sozu","Prayer Wheel","Red Mask","Frozen Egg 2","Oddly Smooth Stone"],"potions_floor_usage":[38,48],"damage_taken":[{"damage":5.0,"enemies":"2 Louse","floor":1.0,"turns":3.0},{"damage":5.0,"enemies":"Cultist","floor":2.0,"turns":5.0},{"damage":0.0,"enemies":"Jaw Worm","floor":4.0,"turns":4.0},{"damage":8.0,"enemies":"Blue Slaver","floor":5.0,"turns":4.0},{"damage":3.0,"enemies":"3 Louse","floor":8.0,"turns":4.0},{"damage":13.0,"enemies":"Gremlin Nob","floor":10.0,"turns":4.0},{"damage":2.0,"enemies":"3 Sentries","floor":12.0,"turns":7.0},{"damage":2.0,"enemies":"Gremlin Gang","floor":14.0,"turns":5.0},{"damage":12.0,"enemies":"The Guardian","floor":16.0,"turns":8.0},{"damage":0.0,"enemies":"Shell Parasite","floor":18.0,"turns":4.0},{"damage":3.0,"enemies":"2 Thieves","floor":22.0,"turns":3.0},{"damage":4.0,"enemies":"Book of Stabbing","floor":23.0,"turns":2.0},{"damage":0.0,"enemies":"Centurion and Healer","floor":24.0,"turns":4.0},{"damage":0.0,"enemies":"Snake Plant","floor":29.0,"turns":2.0},{"damage":20.0,"enemies":"Slaver and Parasite","floor":30.0,"turns":7.0},{"damage":1.0,"enemies":"Centurion and Healer","floor":31.0,"turns":6.0},{"damage":3.0,"enemies":"Champ","floor":33.0,"turns":7.0},{"damage":41,"enemies":"3 Shapes","floor":35,"turns":6},{"damage":0,"enemies":"Orb Walker","floor":36,"turns":3},{"damage":2,"enemies":"Sphere and 2 Shapes","floor":37,"turns":4},{"damage":5,"floor":38,"turns":6},{"damage":8,"enemies":"Nemesis","floor":40,"turns":5},{"damage":4,"enemies":"Maw","floor":42,"turns":6},{"damage":14,"enemies":"3 Darklings","floor":45,"turns":6},{"damage":0,"enemies":"Sphere and 2 Shapes","floor":47,"turns":3},{"damage":57,"enemies":"Maw","floor":48,"turns":6},{"damage":109,"enemies":"Time Eater","floor":50,"turns":10}],"seed_played":"1426762700935361150","potions_obtained":[{"floor":2.0,"key":"Strength Potion"},{"floor":5.0,"key":"Fire Potion"},{"floor":12.0,"key":"FearPotion"},{"floor":16.0,"key":"Block Potion"},{"floor":24.0,"key":"Ancient Potion"},{"floor":31.0,"key":"Fire Potion"},{"floor":33.0,"key":"FearPotion"}],"is_trial":false,"path_per_floor":["M","M","?","M","M","R","?","M","T","E","$","E","R","M","R","B",null,"M","$","?","?","M","E","M","?","T","$","?","M","M","M","R","B",null,"M","M","M","?","?","E","$","M","T","R","M","$","M","M","R"],"character_chosen":"IRONCLAD","items_purchased":["Boot","Battle Trance+1","Deep Breath+1","FearPotion","Inflame+1"],"campfire_rested":1,"item_purchase_floors":[11,19,19,27,46],"current_hp_per_floor":[80,80,80,80,78,78,78,80,80,73,73,80,80,86,86,80,86,86,86,86,86,89,92,95,95,95,95,89,95,81,86,86,89,95,63,69,73,74,74,72,72,77,77,101,93,93,99,48,48,0],"gold":43,"neow_bonus":"","is_prod":false,"is_daily":false,"chose_seed":false,"campfire_upgraded":5,"win_rate":0.0,"timestamp":1531113377,"path_taken":["M","M","?","M","M","R","?","M","T","E","$","E","R","M","R","BOSS","M","$","?","?","M","E","M","?","T","?","?","M","?","M","R","BOSS","M","M","?","?","?","E","$","M","T","R","?","?","M","M","R","BOSS"],"build_version":"2018-07-05","purchased_purges":1,"victory":false,"max_hp_per_floor":[80,80,80,80,80,80,80,80,80,80,80,83,83,86,86,86,86,86,86,86,86,89,92,95,95,95,95,95,95,95,95,95,95,95,98,98,98,98,98,98,98,101,101,101,101,101,101,101,101,101],"card_choices":[{"not_picked":["Pommel Strike","Flex"],"picked":"Metallicize","floor":1.0},{"not_picked":["Shrug It Off","Heavy Blade"],"picked":"Iron Wave","floor":2.0},{"not_picked":["Clash","Thunderclap"],"picked":"Body Slam","floor":4.0},{"not_picked":["Carnage","Warcry"],"picked":"Inflame","floor":5.0},{"not_picked":["Twin Strike","Heavy Blade"],"picked":"Pommel Strike","floor":8.0},{"not_picked":["Pommel Strike","Iron Wave"],"picked":"Feed","floor":10.0},{"not_picked":["Shrug It Off+1","Clash"],"picked":"Flex+1","floor":12.0},{"not_picked":["Havoc+1","Cleave"],"picked":"Body Slam","floor":14.0},{"not_picked":["Dark Embrace","Juggernaut"],"picked":"Impervious+1","floor":16.0},{"not_picked":["Flex+1","Pummel"],"picked":"Second Wind+1","floor":18.0},{"not_picked":["Burning Pact+1","Clash+1"],"picked":"Heavy Blade+1","floor":22.0},{"not_picked":["Heavy Blade+1","Iron Wave"],"picked":"Entrench+1","floor":23.0},{"not_picked":["Infernal Blade+1","Headbutt"],"picked":"Armaments+1","floor":24.0},{"not_picked":["Dropkick+1","Twin Strike","Hemokinesis"],"picked":"SKIP","floor":29.0},{"not_picked":["Uppercut","Anger","Infernal Blade+1"],"picked":"SKIP","floor":30.0},{"not_picked":["Searing Blow","Heavy Blade","Blood for Blood"],"picked":"SKIP","floor":31.0},{"not_picked":["Demon Form","Immolate"],"picked":"Barricade","floor":33.0},{"not_picked":["Sword Boomerang","Fire Breathing+1"],"picked":"Whirlwind+1","floor":35},{"not_picked":["Rage+1","Entrench+1","Bloodletting+1"],"picked":"SKIP","floor":36},{"not_picked":["Rage+1","Second Wind+1"],"picked":"Dual Wield+1","floor":37},{"not_picked":["Cleave","Barricade"],"picked":"Battle Trance+1","floor":40},{"not_picked":["Wild Strike","Fire Breathing+1"],"picked":"Burning Pact+1","floor":42},{"not_picked":["Armaments+1","Thunderclap+1","Perfected Strike"],"picked":"SKIP","floor":42},{"not_picked":["Heavy Blade","Body Slam+1"],"picked":"Sentinel+1","floor":45},{"not_picked":["Hemokinesis","Rupture+1"],"picked":"Battle Trance+1","floor":45},{"not_picked":["Thunderclap+1","Dropkick+1"],"picked":"Headbutt+1","floor":47},{"not_picked":["Sword Boomerang+1","Infernal Blade+1"],"picked":"Headbutt","floor":47},{"not_picked":["Sever Soul+1","Havoc+1"],"picked":"Shrug It Off+1","floor":48},{"not_picked":["Infernal Blade+1","Carnage+1"],"picked":"Shrug It Off+1","floor":48}],"player_experience":101897,"relics_obtained":[{"floor":9.0,"key":"Toxic Egg 2"},{"floor":10.0,"key":"Torii"},{"floor":12.0,"key":"Anchor"},{"floor":23.0,"key":"Bag of Marbles"},{"floor":26.0,"key":"Bottled Lightning"},{"floor":38,"key":"Prayer Wheel"},{"floor":40,"key":"Frozen Egg 2"},{"floor":43,"key":"Oddly Smooth Stone"}],"event_choices":[{"event_name":"Accursed Blacksmith","player_choice":"Forge","floor":3.0,"damage_taken":0.0},{"event_name":"The Cleric","player_choice":"Card Removal","floor":7.0,"damage_taken":0.0},{"event_name":"Masked Bandits","player_choice":"Paid Bandits 20 gold","floor":20.0,"damage_taken":0.0},{"event_name":"The Library","player_choice":"Read","floor":21.0,"damage_taken":0.0},{"event_name":"Drug Dealer","player_choice":"Ignored","floor":25.0,"damage_taken":0.0},{"event_name":"Nest","player_choice":"Joined the Cult","floor":28.0,"damage_taken":0.0},{"event_name":"MindBloom","player_choice":"Fight","floor":38,"damage_taken":0},{"event_name":"Tomb of Lord Red Mask","player_choice":"Paid","floor":39,"damage_taken":0}],"boss_relics":[{"not_picked":["Cursed Key","Eternal Feather"],"picked":"Lizard Tail"},{"not_picked":["Empty Cage","Tiny House"],"picked":"Sozu"}],"items_purged_floors":[11],"is_endless":false,"potions_floor_spawned":[2,5,12,16,24,31,33,35,40,45,48],"killed_by":"Time Eater","ascension_level":0}