{"gold_per_floor":[109,284,284,302,302,334,349,349,376,405,424,424,435,435,435,435],"floor_reached":16,"playtime":400,"items_purged":[],"score":143,"play_id":"e971c659-4fb9-4f5f-ae0e-9e0e6e67ec0e","local_time":"20181124033754","is_ascension_mode":true,"campfire_choices":[{"floor":8,"key":"REST"},{"floor":12,"key":"REST"},{"data":"Armaments","floor":15,"key":"SMITH"}],"neow_cost":"NONE","seed_source_timestamp":265735030489487,"circlet_count":0,"master_deck":["Strike_R+1","Strike_R","Strike_R","Strike_R","Strike_R","Defend_R","Defend_R","Defend_R","Defend_R","Bash+1","Headbutt","Regret","Clothesline","Warcry","Armaments+1","Flame Barrier"],"relics":["Burning Blood","Omamori","Mummified Hand","Whetstone","Ancient Tea Set","Bronze Scales"],"potions_floor_usage":[10,11,16],"damage_taken":[{"damage":12,"enemies":"Jaw Worm","floor":1,"turns":2},{"damage":4,"enemies":"2 Louse","floor":4,"turns":4},{"damage":46,"enemies":"Lagavulin","floor":6,"turns":6},{"damage":12,"enemies":"Small Slimes","floor":7,"turns":4},{"damage":19,"enemies":"Gremlin Nob","floor":10,"turns":3},{"damage":35,"enemies":"Exordium Wildlife","floor":11,"turns":6},{"damage":4,"enemies":"2 Fungi Beasts","floor":13,"turns":4},{"damage":46,"enemies":"Slime Boss","floor":16,"turns":6}],"seed_played":"-8222394098659588653","potions_obtained":[{"floor":4,"key":"Swift Potion"},{"floor":6,"key":"Strength Potion"},{"floor":10,"key":"BloodPotion"},{"floor":13,"key":"AttackPotion"}],"is_trial":false,"path_per_floor":["M","?","?","M","?","E","M","R","T","E","M","R","M","T","R","B"],"character_chosen":"IRONCLAD","items_purchased":[],"campfire_rested":2,"item_purchase_floors":[],"current_hp_per_floor":[74,74,67,69,69,29,23,49,49,36,15,41,43,43,43,0],"gold":435,"neow_bonus":"TEN_PERCENT_HP_BONUS","is_prod":false,"is_daily":false,"chose_seed":false,"campfire_upgraded":1,"win_rate":0,"timestamp":1542983874,"path_taken":["M","?","?","M","?","E","M","R","T","E","?","R","M","?","R","BOSS"],"build_version":"2018-11-15","purchased_purges":0,"victory":false,"max_hp_per_floor":[88,88,88,88,88,88,88,88,88,88,88,88,88,88,88,88],"card_choices":[{"not_picked":["Armaments","Fire Breathing"],"picked":"Headbutt","floor":1},{"not_picked":["Clash","Heavy Blade","Blood for Blood"],"picked":"SKIP","floor":4},{"not_picked":["Intimidate","Sword Boomerang","Dropkick"],"picked":"SKIP","floor":6},{"not_picked":["True Grit","Headbutt"],"picked":"Clothesline","floor":7},{"not_picked":["Dual Wield","Berserk"],"picked":"Warcry","floor":10},{"not_picked":["Ghostly Armor","Second Wind"],"picked":"Armaments","floor":11},{"not_picked":["True Grit","Warcry"],"picked":"Flame Barrier","floor":13}],"player_experience":364431,"relics_obtained":[{"floor":6,"key":"Mummified Hand"},{"floor":9,"key":"Whetstone"},{"floor":10,"key":"Ancient Tea Set"},{"floor":14,"key":"Bronze Scales"}],"event_choices":[{"damage_healed":0,"gold_gain":175,"player_choice":"AGREE","damage_taken":0,"max_hp_gain":0,"max_hp_loss":0,"event_name":"Liars Game","floor":2,"gold_loss":0,"cards_obtained":["Doubt"]},{"cards_removed":["Doubt"],"damage_healed":0,"gold_gain":0,"player_choice":"Card Removal","damage_taken":7,"max_hp_gain":0,"max_hp_loss":0,"event_name":"Golden Wing","floor":3,"gold_loss":0},{"damage_healed":0,"gold_gain":0,"player_choice":"Box","damage_taken":0,"relics_obtained":["Omamori"],"max_hp_gain":0,"max_hp_loss":0,"event_name":"Big Fish","floor":5,"gold_loss":0,"cards_obtained":["Regret"]}],"is_beta":false,"boss_relics":[],"items_purged_floors":[],"is_endless":false,"potions_floor_spawned":[4,6,10,13],"killed_by":"Slime Boss","ascension_level":6}