{"gold_per_floor":[115,133,6,22,37,62,62,95,95,270,270,270,298,298,298,402,402,420,439,458,35,48,48],"floor_reached":23,"playtime":2251,"items_purged":["Strike_G","Strike_G"],"score":222,"play_id":"7b5123a9-4573-4016-9c0e-ecd95c7fbc80","local_time":"20180901031835","is_ascension_mode":true,"campfire_choices":[{"data":"Concentrate","floor":7.0,"key":"SMITH"},{"data":"Deadly Poison","floor":12.0,"key":"SMITH"},{"floor":15.0,"key":"REST"}],"neow_cost":"","seed_source_timestamp":0,"circlet_count":0,"master_deck":["Defend_G","Defend_G","Defend_G","Defend_G","Defend_G","Strike_G","Strike_G","Survivor","Neutralize","Masterful Stab","Deadly Poison+1","Deflect","Footwork","Concentrate+1","Underhanded Strike","Infinite Blades","Night Terror","Dagger Throw+1","Dodge and Roll+1","Bouncing Flask","Expertise","Violence","Magnetism","Backflip"],"special_seed":0,"relics":["Ring of the Snake","Pantograph","Regal Pillow","The Courier","StoneCalendar","White Beast Statue"],"potions_floor_usage":[18,19,20,23],"damage_taken":[{"damage":0.0,"enemies":"2 Louse","floor":1.0,"turns":3.0},{"damage":0.0,"enemies":"Small Slimes","floor":2.0,"turns":3.0},{"damage":0.0,"enemies":"Jaw Worm","floor":4.0,"turns":3.0},{"damage":4.0,"enemies":"Exordium Thugs","floor":5.0,"turns":6.0},{"damage":8.0,"enemies":"Lagavulin","floor":6.0,"turns":8.0},{"damage":21.0,"enemies":"Gremlin Nob","floor":8.0,"turns":5.0},{"damage":13.0,"enemies":"Lagavulin","floor":13.0,"turns":8.0},{"damage":21.0,"enemies":"Slime Boss","floor":16.0,"turns":11.0},{"damage":2,"enemies":"Chosen","floor":18,"turns":6},{"damage":23,"enemies":"Spheric Guardian","floor":19,"turns":7},{"damage":22,"enemies":"Centurion and Healer","floor":20,"turns":12},{"damage":35,"enemies":"Sentry and Sphere","floor":22,"turns":8},{"damage":3,"enemies":"Book of Stabbing","floor":23,"turns":1}],"seed_played":"-5993332052526534107","potions_obtained":[{"floor":1.0,"key":"Ancient Potion"},{"floor":4.0,"key":"Explosive Potion"},{"floor":6.0,"key":"SkillPotion"},{"floor":16.0,"key":"AttackPotion"},{"floor":18,"key":"PowerPotion"},{"floor":19,"key":"Regen Potion"},{"floor":20,"key":"SteroidPotion"},{"floor":22,"key":"Fire Potion"}],"is_trial":false,"path_per_floor":["M","M","$","M","M","E","R","E","T","?","?","R","E","?","R","B",null,"M","M","M","$","M"],"character_chosen":"THE_SILENT","items_purchased":["SteroidPotion","Expertise","Violence","Magnetism"],"campfire_rested":1,"item_purchase_floors":[3,21,21,21],"current_hp_per_floor":[70,70,70,70,66,58,58,37,37,37,37,37,24,24,60,49,70,68,45,38,38,3,0],"gold":48,"neow_bonus":"","is_prod":false,"is_daily":false,"chose_seed":false,"campfire_upgraded":2,"win_rate":0,"timestamp":1535786315,"path_taken":["M","M","$","M","M","E","R","E","T","?","?","R","E","?","R","BOSS","M","M","M","$","M","E"],"build_version":"2018-08-30","purchased_purges":2,"victory":false,"max_hp_per_floor":[70,70,70,70,70,70,70,70,70,70,70,70,70,70,70,70,70,70,70,70,70,70,70],"card_choices":[{"not_picked":["Setup","Dodge and Roll"],"picked":"Masterful Stab","floor":1.0},{"not_picked":["Dagger Throw","Slice"],"picked":"Deadly Poison","floor":2.0},{"not_picked":["Blade Dance","PiercingWail"],"picked":"Deflect","floor":4.0},{"not_picked":["Eviscerate","Deadly Poison"],"picked":"Footwork","floor":5.0},{"not_picked":["Blade Dance","Doppelganger"],"picked":"Concentrate","floor":6.0},{"not_picked":["Infinite Blades","Prepared"],"picked":"Underhanded Strike","floor":8.0},{"not_picked":["Deadly Poison","Outmaneuver"],"picked":"Infinite Blades","floor":13.0},{"not_picked":["Bullet Time","Unload"],"picked":"Night Terror","floor":16.0},{"not_picked":["Dodge and Roll","Backstab"],"picked":"Dagger Throw+1","floor":18},{"not_picked":["Prepared","Deflect"],"picked":"Dodge and Roll+1","floor":19},{"not_picked":["Slice","Deflect"],"picked":"Bouncing Flask","floor":20},{"not_picked":["Eviscerate","Burst"],"picked":"Backflip","floor":22}],"player_experience":519684,"relics_obtained":[{"floor":6.0,"key":"Pantograph"},{"floor":8.0,"key":"Regal Pillow"},{"floor":9.0,"key":"The Courier"},{"floor":13.0,"key":"StoneCalendar"}],"event_choices":[{"event_name":"Liars Game","player_choice":"agreed","floor":10.0,"damage_taken":0.0},{"event_name":"Living Wall","player_choice":"Forget","floor":11.0,"damage_taken":0.0},{"event_name":"Purifier","player_choice":"One Purge","floor":14.0,"damage_taken":0.0}],"is_beta":false,"boss_relics":[{"not_picked":["Empty Cage","Philosopher\u0027s Stone"],"picked":"White Beast Statue"}],"items_purged_floors":[3,21],"is_endless":false,"potions_floor_spawned":[1,4,6,16,18,19,20,22],"killed_by":"Book of Stabbing","ascension_level":1}