{"gold_per_floor":[116,131,131,145,145,177,177,193,218,218,57,74,91,166,166,264,264,275,275,275,293,293,293],"floor_reached":23,"playtime":3278,"items_purged":[],"score":216,"play_id":"9e72fe93-f583-4dda-be68-0569088cff2f","local_time":"20190130224342","is_ascension_mode":false,"campfire_choices":[{"floor":7,"key":"REST"},{"floor":10,"key":"REST"},{"data":"Rainbow","floor":15,"key":"SMITH"}],"neow_cost":"NONE","seed_source_timestamp":82312232790698,"circlet_count":0,"master_deck":["Defend_B","Defend_B","Defend_B","Defend_B","Zap","Dualcast","Self Repair","Loop","Capacitor","Streamline","Chill","Capacitor","Rip and Tear","Beam Cell","Rainbow+1","Thunder Strike","Stack","Electrodynamics","Ball Lightning","Bite","Bite","Bite","Bite","Melter"],"relics":["Cracked Core","Dream Catcher","Anchor","Bronze Scales","Inserter"],"potions_floor_usage":[23,23,23],"damage_taken":[{"damage":3,"enemies":"Jaw Worm","floor":1,"turns":4},{"damage":0,"enemies":"Small Slimes","floor":2,"turns":4},{"damage":1,"enemies":"Cultist","floor":4,"turns":3},{"damage":59,"enemies":"Gremlin Nob","floor":6,"turns":6},{"damage":1,"enemies":"Exordium Wildlife","floor":8,"turns":6},{"damage":10,"enemies":"Blue Slaver","floor":12,"turns":2},{"damage":6,"enemies":"Lots of Slimes","floor":13,"turns":3},{"damage":25,"enemies":"Slime Boss","floor":16,"turns":7},{"damage":30,"enemies":"Shell Parasite","floor":18,"turns":6},{"damage":23,"enemies":"Spheric Guardian","floor":21,"turns":5},{"damage":49,"enemies":"Book of Stabbing","floor":23,"turns":5}],"seed_played":"6552357908196633759","potions_obtained":[{"floor":1,"key":"Weak Potion"},{"floor":4,"key":"AttackPotion"},{"floor":6,"key":"SkillPotion"},{"floor":13,"key":"Swift Potion"}],"is_trial":false,"path_per_floor":["?","?","M","?","?","?","M","?"],"character_chosen":"DEFECT","items_purchased":["Beam Cell","Rainbow"],"campfire_rested":2,"item_purchase_floors":[11,11],"current_hp_per_floor":[79,82,82,81,81,29,53,59,59,82,82,72,73,62,62,44,82,59,57,57,43,43,0],"gold":293,"neow_bonus":"TEN_PERCENT_HP_BONUS","is_prod":false,"is_daily":false,"chose_seed":false,"campfire_upgraded":1,"win_rate":0.0,"timestamp":1548863022,"path_taken":["M","M","?","M","?","E","R","M","T","R","$","?","M","?","R","BOSS","M","?","?","?","?","E"],"build_version":"2019-01-23","purchased_purges":0,"victory":false,"max_hp_per_floor":[82,82,82,82,82,82,82,82,82,82,82,82,82,82,82,82,82,82,57,57,57,57,57],"card_choices":[{"not_picked":["Consume","White Noise"],"picked":"Self Repair","floor":1},{"not_picked":["Hologram","Beam Cell"],"picked":"Loop","floor":2},{"not_picked":["Stack","Coolheaded"],"picked":"Capacitor","floor":4},{"not_picked":["Hologram","Conserve Battery"],"picked":"Streamline","floor":6},{"not_picked":["Loop","Hologram"],"picked":"Chill","floor":7},{"not_picked":["Streamline","Ball Lightning"],"picked":"Capacitor","floor":8},{"not_picked":["Genetic Algorithm","Steam"],"picked":"Rip and Tear","floor":10},{"not_picked":["Stack","Blizzard"],"picked":"Thunder Strike","floor":12},{"not_picked":["Coolheaded","Ball Lightning"],"picked":"Stack","floor":13},{"not_picked":["Fission","Amplify"],"picked":"Electrodynamics","floor":16},{"not_picked":["Redo","Blizzard"],"picked":"Ball Lightning","floor":18},{"not_picked":["Hologram","Lockon"],"picked":"Melter","floor":21}],"player_experience":13460,"relics_obtained":[{"floor":6,"key":"Anchor"},{"floor":9,"key":"Bronze Scales"}],"event_choices":[{"damage_healed":0,"gold_gain":0,"player_choice":"Leave","damage_taken":0,"max_hp_gain":0,"max_hp_loss":0,"event_name":"The Cleric","floor":3,"gold_loss":0},{"damage_healed":0,"gold_gain":0,"player_choice":"Gave Potion","damage_taken":0,"relics_obtained":["Dream Catcher"],"max_hp_gain":0,"max_hp_loss":0,"event_name":"WeMeetAgain","floor":5,"gold_loss":0},{"damage_healed":0,"gold_gain":75,"player_choice":"Gather Gold","damage_taken":11,"max_hp_gain":0,"max_hp_loss":0,"event_name":"World of Goop","floor":14,"gold_loss":0},{"damage_healed":0,"gold_gain":0,"player_choice":"Became a vampire","damage_taken":0,"max_hp_gain":0,"max_hp_loss":25,"event_name":"Vampires","floor":19,"gold_loss":0,"cards_obtained":["Bite","Bite","Bite","Bite","Bite"]},{"cards_removed":["Bite"],"damage_healed":5,"gold_gain":0,"player_choice":"Offered Special","damage_taken":0,"max_hp_gain":0,"max_hp_loss":0,"event_name":"Bonfire Elementals","floor":20,"gold_loss":0},{"damage_healed":0,"gold_gain":0,"player_choice":"Ignored","damage_taken":0,"max_hp_gain":0,"max_hp_loss":0,"event_name":"Ghosts","floor":22,"gold_loss":0}],"is_beta":false,"boss_relics":[{"not_picked":["Sozu","Cursed Key"],"picked":"Inserter"}],"items_purged_floors":[],"is_endless":false,"potions_floor_spawned":[1,4,6,13],"killed_by":"Book of Stabbing","ascension_level":0}