{"gold_per_floor":[119,119,119,119,44,44,72,72,72,98,98,18,18,52,52,131,131,142,142,155,155],"floor_reached":21,"playtime":530,"items_purged":[],"score":532,"play_id":"69248a0b-4491-4165-9487-e7c9bc18bad6","local_time":"20190221014958","is_ascension_mode":true,"campfire_choices":[{"data":"Bash","floor":6.0,"key":"SMITH"},{"data":"1","floor":8.0,"key":"LIFT"},{"data":"Disarm","floor":11.0,"key":"SMITH"},{"data":"Heavy Blade","floor":13.0,"key":"SMITH"},{"data":"True Grit","floor":15.0,"key":"SMITH"}],"neow_cost":"NONE","seed_source_timestamp":0,"circlet_count":0,"master_deck":["AscendersBane","Strike_R","Strike_R","Strike_R","Defend_R","Defend_R","Defend_R","Defend_R","Bash+1","Spot Weakness","Disarm+1","Heavy Blade+1","True Grit+1","Limit Break","Injury","Shame","Parasite","Cleave","Thunderclap"],"special_seed":0,"relics":["Burning Blood","NeowsBlessing","Du-Vu Doll","Girya","Matryoshka","Bag of Marbles","Frozen Egg 2","Calling Bell","Darkstone Periapt","Art of War","StoneCalendar"],"potions_floor_usage":[20],"damage_taken":[{"damage":0.0,"enemies":"2 Louse","floor":1.0,"turns":1.0},{"damage":0.0,"enemies":"Lagavulin","floor":7.0,"turns":1.0},{"damage":0.0,"enemies":"3 Sentries","floor":10.0,"turns":2.0},{"damage":12.0,"enemies":"Lagavulin","floor":14.0,"turns":6.0},{"damage":23.0,"enemies":"The Guardian","floor":16.0,"turns":12.0},{"damage":25,"enemies":"Spheric Guardian","floor":18,"turns":4},{"damage":22,"enemies":"2 Thieves","floor":20,"turns":5},{"damage":15,"enemies":"Snake Plant","floor":21,"turns":2}],"seed_played":"-1674817116786375732","potions_obtained":[{"floor":10.0,"key":"EssenceOfSteel"},{"floor":16.0,"key":"SpeedPotion"},{"floor":20,"key":"SteroidPotion"}],"is_trial":false,"path_per_floor":["M","?","?","$","?","R","E","R","T","E","R","$","R","E","R","B",null,"M","?","M","M"],"character_chosen":"IRONCLAD","items_purchased":["Heavy Blade","True Grit"],"campfire_rested":0,"item_purchase_floors":[12,12],"current_hp_per_floor":[74,63,56,56,56,56,62,62,62,68,68,68,68,62,62,45,68,49,35,26,11],"gold":155,"neow_bonus":"THREE_ENEMY_KILL","is_prod":false,"is_daily":false,"chose_seed":false,"campfire_upgraded":4,"win_rate":0,"timestamp":1550666998,"path_taken":["M","?","?","$","?","R","E","R","T","E","R","$","R","E","R","BOSS","M","?","M","?"],"build_version":"2019-01-23","purchased_purges":0,"victory":false,"max_hp_per_floor":[75,75,75,75,75,75,75,75,75,75,75,75,75,75,75,75,75,75,75,75,75],"card_choices":[{"not_picked":["Sword Boomerang","Flex","Wild Strike"],"picked":"SKIP","floor":1.0},{"not_picked":["Heavy Blade","Clash"],"picked":"Spot Weakness","floor":7.0},{"not_picked":["Anger","Corruption"],"picked":"Disarm","floor":10.0},{"not_picked":["Clash","Anger","Entrench"],"picked":"SKIP","floor":14.0},{"not_picked":["Demon Form+1","Bludgeon"],"picked":"Limit Break","floor":16.0},{"not_picked":["Pommel Strike","Havoc"],"picked":"Cleave","floor":18},{"not_picked":["Barricade+1","Clash"],"picked":"Thunderclap","floor":20}],"player_experience":380276,"relics_obtained":[{"floor":7.0,"key":"Girya"},{"floor":9.0,"key":"Matryoshka"},{"floor":10.0,"key":"Bag of Marbles"},{"floor":14.0,"key":"Frozen Egg 2"},{"floor":17,"key":"Darkstone Periapt"},{"floor":17,"key":"Art of War"},{"floor":17,"key":"StoneCalendar"}],"event_choices":[{"damage_healed":0.0,"max_hp_gain":0.0,"max_hp_loss":0.0,"gold_gain":0.0,"event_name":"Scrap Ooze","player_choice":"Success","floor":2.0,"gold_loss":0.0,"damage_taken":11.0,"relics_obtained":["Du-Vu Doll"]},{"cards_removed":["Strike_R"],"damage_healed":0.0,"max_hp_gain":0.0,"max_hp_loss":0.0,"gold_gain":0.0,"event_name":"Golden Wing","player_choice":"Card Removal","floor":3.0,"gold_loss":0.0,"damage_taken":7.0},{"cards_removed":["Strike_R"],"damage_healed":0.0,"max_hp_gain":0.0,"max_hp_loss":0.0,"gold_gain":0.0,"event_name":"The Cleric","player_choice":"Card Removal","floor":5.0,"gold_loss":75.0,"damage_taken":0.0},{"damage_healed":0,"gold_gain":0,"player_choice":"POTION ","damage_taken":14,"max_hp_gain":0,"max_hp_loss":0,"event_name":"Knowing Skull","floor":19,"potions_obtained":["BloodPotion"],"gold_loss":0,"cards_obtained":[]}],"is_beta":false,"boss_relics":[{"not_picked":["Velvet Choker","Tiny House"],"picked":"Calling Bell"}],"items_purged_floors":[],"is_endless":false,"potions_floor_spawned":[10,16,20],"killed_by":"Snake Plant","ascension_level":20}