{"gold_per_floor":[119,84,84,47,47,222,234,264,264,298,298,314,224,31,31,129,129,148,148,148,148,160,160,37,52,99,99,129,141,141,161,161,264,264,281,281,281,381,184,219,229,229,229,229,245,245,272,4,4,4],"floor_reached":51,"playtime":3540,"items_purged":[],"score":812,"play_id":"d1dccead-2472-49d4-8a81-ccba9d42054a","local_time":"20190302074228","is_ascension_mode":true,"campfire_choices":[{"data":"Capacitor","floor":11,"key":"SMITH"},{"floor":15,"key":"REST"},{"floor":23,"key":"REST"},{"data":"Go for the Eyes","floor":27,"key":"SMITH"},{"floor":32,"key":"REST"},{"data":"Storm","floor":44,"key":"SMITH"},{"data":"Buffer","floor":46,"key":"SMITH"},{"floor":49,"key":"REST"}],"neow_cost":"NONE","seed_source_timestamp":1386523542632016,"circlet_count":0,"master_deck":["Defend_B","Defend_B","Zap+1","Dualcast","Hello World","Lockon","Doubt","Ball Lightning","Consume+1","Capacitor+1","Undo+1","Go for the Eyes+1","Loop","Heatsinks","Reprogram+1","Discovery+1","Electrodynamics","Conserve Battery+1","Coolheaded+1","Chill+1","PanicButton+1","Sweeping Beam","Buffer+1","Fusion+1","Capacitor+1","Rebound+1","Multi-Cast+1","Seek+1","Genetic Algorithm+1","BootSequence+1","Barrage","Mayhem","Jack Of All Trades+1","Bandage Up+1","White Noise+1","Storm+1","Chrysalis+1","Darkness+1","Skim+1","Madness+1","Madness+1","Tempest+1","Hello World+1","Storm"],"relics":["Empty Cage","Toxic Egg 2","Sundial","Nunchaku","Philosopher\u0027s Stone","Nilry\u0027s Codex","Oddly Smooth Stone","Bronze Scales","WingedGreaves","Astrolabe","FossilizedHelix","Meat on the Bone","Gremlin Horn","Kunai","Runic Capacitor"],"potions_floor_usage":[31,33,50,50],"damage_taken":[{"damage":11,"enemies":"Jaw Worm","floor":1,"turns":3},{"damage":1,"enemies":"2 Louse","floor":7,"turns":3},{"damage":14,"enemies":"3 Sentries","floor":8,"turns":7},{"damage":30,"enemies":"Gremlin Nob","floor":10,"turns":4},{"damage":2,"enemies":"Small Slimes","floor":12,"turns":4},{"damage":13,"enemies":"The Guardian","floor":16,"turns":8},{"damage":25,"enemies":"Shell Parasite","floor":18,"turns":5},{"damage":13,"enemies":"2 Thieves","floor":22,"turns":3},{"damage":0,"enemies":"Snecko","floor":25,"turns":6},{"damage":9,"enemies":"Book of Stabbing","floor":28,"turns":5},{"damage":0,"enemies":"Centurion and Healer","floor":29,"turns":5},{"damage":0,"enemies":"Cultist and Chosen","floor":31,"turns":6},{"damage":29,"enemies":"Automaton","floor":33,"turns":13},{"damage":17,"enemies":"Orb Walker","floor":35,"turns":6},{"damage":0,"enemies":"Mind Bloom Boss Battle","floor":38,"turns":6},{"damage":15,"enemies":"Nemesis","floor":40,"turns":9},{"damage":4,"enemies":"3 Shapes","floor":41,"turns":6},{"damage":0,"enemies":"Jaw Worm Horde","floor":45,"turns":5},{"damage":0,"enemies":"Giant Head","floor":47,"turns":7},{"damage":64,"enemies":"Time Eater","floor":50,"turns":10}],"seed_played":"925667004204364188","potions_obtained":[{"floor":1,"key":"FocusPotion"},{"floor":7,"key":"FearPotion"},{"floor":8,"key":"Strength Potion"},{"floor":25,"key":"AttackPotion"},{"floor":33,"key":"Poison Potion"},{"floor":40,"key":"AttackPotion"}],"is_trial":false,"path_per_floor":["M","?","?","$","?","?","M","E","T","E","R","M","$","$","R","B",null,"M","?","?","?","M","R","$","M","T","R","E","M","?","M","R","B",null,"M","?","?","?","$","E","M","?","T","R","M","R","E","$","R","B",null],"character_chosen":"DEFECT","items_purchased":["Lockon","Go for the Eyes","Loop","Heatsinks","Reprogram+1","Discovery+1","Chill+1","PanicButton+1","Storm","Chrysalis+1","Runic Capacitor","Storm"],"campfire_rested":4,"item_purchase_floors":[4,13,13,14,14,14,24,24,39,39,48,48],"current_hp_per_floor":[64,75,60,60,60,60,59,45,45,15,15,13,13,13,35,22,75,50,34,20,20,7,31,31,31,31,31,22,22,22,22,46,17,80,63,53,53,59,59,50,52,42,42,42,48,48,54,54,78,32],"gold":4,"neow_bonus":"BOSS_RELIC","is_prod":false,"is_daily":false,"chose_seed":false,"campfire_upgraded":4,"win_rate":0,"timestamp":1551480148,"path_taken":["M","?","?","?","?","?","M","E","T","E","R","?","?","$","R","BOSS","M","?","?","?","M","R","$","M","T","R","E","?","?","M","R","BOSS","M","?","?","?","$","E","M","?","T","R","M","R","E","$","R","BOSS"],"build_version":"2019-01-23","purchased_purges":0,"victory":true,"max_hp_per_floor":[75,75,75,75,75,75,75,75,75,75,75,75,75,75,75,75,75,75,75,80,80,80,80,80,80,80,80,80,80,80,80,80,80,80,80,80,80,80,80,80,80,80,80,80,80,80,80,80,80,80],"card_choices":[{"not_picked":["Glacier","Steam"],"picked":"Hello World","floor":1},{"not_picked":["Beam Cell","Chill"],"picked":"Ball Lightning","floor":7},{"not_picked":["Ball Lightning","Melter"],"picked":"Consume","floor":8},{"not_picked":["Darkness+1","Reinforced Body+1"],"picked":"Capacitor","floor":10},{"not_picked":["Go for the Eyes","Cold Snap"],"picked":"Undo+1","floor":12},{"not_picked":["Hyperbeam","Reboot+1"],"picked":"Electrodynamics","floor":16},{"not_picked":["Leap+1","Aggregate+1"],"picked":"Conserve Battery+1","floor":18},{"not_picked":["Streamline","Undo+1"],"picked":"Coolheaded+1","floor":22},{"not_picked":["Reprogram+1","Steam+1"],"picked":"Sweeping Beam","floor":25},{"not_picked":["Redo+1","Go for the Eyes"],"picked":"Buffer","floor":28},{"not_picked":["Darkness+1","Lockon"],"picked":"Fusion+1","floor":29},{"not_picked":["Leap+1","Auto Shields+1"],"picked":"Rebound+1","floor":31},{"not_picked":["Machine Learning","Reboot+1"],"picked":"Multi-Cast+1","floor":33},{"not_picked":["Genetic Algorithm+1","Sweeping Beam+1"],"picked":"Barrage","floor":35},{"not_picked":["Impatience+1","Panache"],"picked":"Mayhem","floor":36},{"not_picked":["The Bomb+1","Panacea+1"],"picked":"Jack Of All Trades+1","floor":36},{"not_picked":["Good Instincts+1","Jack Of All Trades+1"],"picked":"Bandage Up+1","floor":36},{"not_picked":["Cold Snap","Conserve Battery+1"],"picked":"White Noise+1","floor":38},{"not_picked":["Beam Cell","Streamline"],"picked":"Darkness+1","floor":40},{"not_picked":["Redo+1","Leap+1"],"picked":"Skim+1","floor":41},{"not_picked":["Conserve Battery+1","Compile Driver+1"],"picked":"Tempest+1","floor":45},{"not_picked":["Loop+1","Heatsinks"],"picked":"Hello World+1","floor":47}],"player_experience":167326,"relics_obtained":[{"floor":8,"key":"Toxic Egg 2"},{"floor":9,"key":"Sundial"},{"floor":10,"key":"Nunchaku"},{"floor":19,"key":"Nilry\u0027s Codex"},{"floor":26,"key":"Bronze Scales"},{"floor":28,"key":"WingedGreaves"},{"floor":38,"key":"FossilizedHelix"},{"floor":40,"key":"Meat on the Bone"},{"floor":43,"key":"Gremlin Horn"},{"floor":47,"key":"Kunai"}],"event_choices":[{"damage_healed":18,"gold_gain":0,"player_choice":"Healed","damage_taken":0,"max_hp_gain":0,"max_hp_loss":0,"event_name":"The Cleric","floor":2,"gold_loss":35},{"damage_healed":0,"gold_gain":0,"player_choice":"Entered Light","damage_taken":15,"max_hp_gain":0,"max_hp_loss":0,"event_name":"Shining Light","floor":3,"gold_loss":0,"cards_upgraded":["Strike_B","Zap"]},{"damage_healed":0,"gold_gain":0,"player_choice":"Ignored","damage_taken":0,"max_hp_gain":0,"max_hp_loss":0,"event_name":"Golden Wing","floor":5,"gold_loss":0},{"damage_healed":0,"gold_gain":175,"player_choice":"AGREE","damage_taken":0,"max_hp_gain":0,"max_hp_loss":0,"event_name":"Liars Game","floor":6,"gold_loss":0,"cards_obtained":["Doubt"]},{"damage_healed":0,"gold_gain":0,"player_choice":"Obtained Book","damage_taken":16,"max_hp_gain":0,"max_hp_loss":0,"event_name":"Cursed Tome","floor":19,"gold_loss":0},{"damage_healed":0,"gold_gain":0,"player_choice":"Shed Blood","damage_taken":19,"max_hp_gain":5,"max_hp_loss":0,"event_name":"Forgotten Altar","floor":20,"gold_loss":0},{"damage_healed":0,"gold_gain":0,"player_choice":"Gave Potion","damage_taken":0,"relics_obtained":["Oddly Smooth Stone"],"max_hp_gain":0,"max_hp_loss":0,"event_name":"WeMeetAgain","floor":21,"gold_loss":0},{"damage_healed":0,"gold_gain":0,"player_choice":"Copied","damage_taken":0,"max_hp_gain":0,"max_hp_loss":0,"event_name":"Duplicator","floor":30,"gold_loss":0,"cards_obtained":["Capacitor"]},{"damage_healed":0,"gold_gain":0,"player_choice":"Memory 3","damage_taken":10,"max_hp_gain":0,"max_hp_loss":0,"event_name":"SensoryStone","floor":36,"gold_loss":0},{"cards_removed":["Strike_B"],"damage_healed":0,"gold_gain":0,"player_choice":"Removed Attack","damage_taken":0,"max_hp_gain":0,"max_hp_loss":0,"event_name":"Falling","floor":37,"gold_loss":0},{"damage_healed":0,"gold_gain":0,"player_choice":"Fight","damage_taken":0,"max_hp_gain":0,"max_hp_loss":0,"event_name":"MindBloom","floor":38,"gold_loss":0},{"damage_healed":0,"gold_gain":0,"player_choice":"Embrace Madness","damage_taken":10,"max_hp_gain":0,"max_hp_loss":0,"event_name":"Winding Halls","floor":42,"gold_loss":0,"cards_obtained":["Madness","Madness"]}],"is_beta":false,"boss_relics":[{"not_picked":["Lizard Tail","Snecko Eye"],"picked":"Philosopher\u0027s Stone"},{"not_picked":["Cursed Key","Runic Dome"],"picked":"Astrolabe"}],"items_purged_floors":[],"is_endless":false,"potions_floor_spawned":[1,7,8,25,28,29,33,40],"ascension_level":1}