{"gold_per_floor":[114,114,114,114,289,322,4,4,30,58,58,76,103,123,123,228,228,211,211],"floor_reached":19,"playtime":604,"items_purged":["Regret"],"score":245,"play_id":"c558091d-307e-4c6b-b8fd-3375558fac27","local_time":"20190228075038","is_ascension_mode":true,"campfire_choices":[{"data":"Double Energy","floor":8,"key":"SMITH"},{"data":"Dualcast","floor":11,"key":"SMITH"},{"data":"Go for the Eyes","floor":15,"key":"SMITH"}],"neow_cost":"NONE","seed_source_timestamp":1217151955436964,"circlet_count":0,"master_deck":["Strike_B","Strike_B","Strike_B","Strike_B","Defend_B","Defend_B","Defend_B","Defend_B","Zap+1","Dualcast+1","White Noise+1","Doubt","Undo+1","Double Energy+1","Streamline","Defragment","Redo","Consume","Go for the Eyes+1","Buffer","Melter"],"relics":["Cracked Core","NeowsBlessing","Cables","Darkstone Periapt","War Paint","Bag of Marbles","Boot","Dream Catcher","Philosopher\u0027s Stone"],"potions_floor_usage":[14],"damage_taken":[{"damage":0,"enemies":"Small Slimes","floor":1,"turns":1},{"damage":0,"enemies":"Gremlin Nob","floor":6,"turns":1},{"damage":0,"enemies":"3 Sentries","floor":10,"turns":2},{"damage":6,"enemies":"Jaw Worm","floor":12,"turns":2},{"damage":26,"enemies":"Lagavulin","floor":13,"turns":5},{"damage":0,"enemies":"Cultist","floor":14,"turns":3},{"damage":30,"enemies":"Slime Boss","floor":16,"turns":8},{"damage":33,"enemies":"2 Thieves","floor":18,"turns":4},{"damage":28,"enemies":"Colosseum Slavers","floor":19,"turns":4},{"damage":27,"enemies":"Colosseum Nobs","floor":19,"turns":2}],"seed_played":"-326750273425200797","potions_obtained":[{"floor":1,"key":"Ancient Potion"},{"floor":14,"key":"Fruit Juice"},{"floor":16,"key":"Energy Potion"}],"is_trial":false,"path_per_floor":["M","?","?","?","?","E","$","R","T","E","R","M","E","M","R","B",null,"M","?"],"character_chosen":"DEFECT","items_purchased":["War Paint","Double Energy","Streamline"],"campfire_rested":0,"item_purchase_floors":[7,7,7],"current_hp_per_floor":[75,75,75,75,75,75,75,75,75,75,75,69,43,48,48,18,80,47,0],"gold":211,"neow_bonus":"THREE_ENEMY_KILL","is_prod":false,"is_daily":false,"chose_seed":false,"campfire_upgraded":3,"win_rate":0,"timestamp":1551307838,"path_taken":["M","?","?","?","?","E","$","R","T","E","R","M","E","M","R","BOSS","M","?"],"build_version":"2019-01-23","purchased_purges":1,"victory":false,"max_hp_per_floor":[75,75,75,75,75,75,75,75,75,75,75,75,75,80,80,80,80,80,80],"card_choices":[{"not_picked":["Scrape","Coolheaded"],"picked":"White Noise","floor":1},{"not_picked":["Genetic Algorithm","Seek"],"picked":"Undo","floor":6},{"not_picked":["Recycle","Hologram"],"picked":"Defragment","floor":10},{"not_picked":["Sweeping Beam","Leap"],"picked":"Redo","floor":12},{"not_picked":["Stack","Creative AI"],"picked":"Consume","floor":13},{"not_picked":["Barrage","Aggregate"],"picked":"Go for the Eyes","floor":14},{"not_picked":["Meteor Strike","Biased Cognition"],"picked":"Buffer","floor":16},{"not_picked":["Reinforced Body","Cold Snap"],"picked":"Melter","floor":18}],"player_experience":158202,"relics_obtained":[{"floor":6,"key":"Darkstone Periapt"},{"floor":9,"key":"Bag of Marbles"},{"floor":10,"key":"Boot"},{"floor":13,"key":"Dream Catcher"}],"event_choices":[{"damage_healed":0,"gold_gain":0,"player_choice":"Ignored","damage_taken":0,"max_hp_gain":0,"max_hp_loss":0,"event_name":"Golden Wing","floor":2,"gold_loss":0},{"damage_healed":0,"gold_gain":0,"player_choice":"Grow","damage_taken":0,"max_hp_gain":0,"max_hp_loss":0,"event_name":"Living Wall","floor":3,"gold_loss":0,"cards_upgraded":["Zap"]},{"damage_healed":0,"gold_gain":0,"player_choice":"Box","damage_taken":0,"relics_obtained":["Cables"],"max_hp_gain":0,"max_hp_loss":0,"event_name":"Big Fish","floor":4,"gold_loss":0,"cards_obtained":["Regret"]},{"damage_healed":0,"gold_gain":175,"player_choice":"AGREE","damage_taken":0,"max_hp_gain":0,"max_hp_loss":0,"event_name":"Liars Game","floor":5,"gold_loss":0,"cards_obtained":["Doubt"]},{"damage_healed":0,"gold_gain":0,"player_choice":"Fight","damage_taken":0,"max_hp_gain":0,"max_hp_loss":0,"event_name":"Colosseum","floor":19,"gold_loss":0},{"damage_healed":0,"gold_gain":0,"player_choice":"Fought Nobs","damage_taken":0,"max_hp_gain":0,"max_hp_loss":0,"event_name":"Colosseum","floor":19,"gold_loss":0}],"is_beta":false,"boss_relics":[{"not_picked":["Runic Pyramid","Coffee Dripper"],"picked":"Philosopher\u0027s Stone"}],"items_purged_floors":[7],"is_endless":false,"potions_floor_spawned":[1,14,16,19],"killed_by":"Colosseum Nobs","ascension_level":1}