{"gold_per_floor":[111,121,135,135,58,58,91,105,131,131,131,147,162,197,197,276,276,286,306,326,52,66,66,97,97,97,97],"floor_reached":27,"playtime":1343,"items_purged":[],"score":490,"play_id":"eff12f43-a0e8-4500-b27e-b30d3eeb0dce","local_time":"20190301013253","is_ascension_mode":true,"campfire_choices":[{"data":"Defragment","floor":6,"key":"SMITH"},{"floor":10,"key":"REST"},{"data":"Loop","floor":15,"key":"SMITH"},{"floor":23,"key":"REST"},{"data":"Fission","floor":25,"key":"SMITH"}],"neow_cost":"NONE","seed_source_timestamp":47193765341537,"circlet_count":0,"master_deck":["AscendersBane","Strike_B","Strike_B","Strike_B","Defend_B","Defend_B","Defend_B","Defend_B","Zap","Dualcast","Leap","Defragment+1","Streamline","Rip and Tear","Cold Snap","Loop+1","Cold Snap","Seek","Electrodynamics","Turbo","Conserve Battery","BootSequence","Fission+1"],"relics":["Cracked Core","PreservedInsect","Bag of Marbles","Omamori","Runic Dome","Symbiotic Virus","Orichalcum","Cables"],"potions_floor_usage":[7,14,16,22,22],"damage_taken":[{"damage":4,"enemies":"Small Slimes","floor":1,"turns":4},{"damage":0,"enemies":"Cultist","floor":2,"turns":4},{"damage":1,"enemies":"2 Louse","floor":3,"turns":2},{"damage":31,"enemies":"3 Sentries","floor":7,"turns":5},{"damage":17,"enemies":"Lots of Slimes","floor":8,"turns":4},{"damage":15,"enemies":"Gremlin Gang","floor":12,"turns":5},{"damage":2,"enemies":"Looter","floor":13,"turns":2},{"damage":8,"enemies":"Lagavulin","floor":14,"turns":6},{"damage":9,"enemies":"Hexaghost","floor":16,"turns":10},{"damage":15,"enemies":"Spheric Guardian","floor":18,"turns":4},{"damage":0,"enemies":"3 Byrds","floor":19,"turns":2},{"damage":30,"enemies":"Snake Plant","floor":20,"turns":4},{"damage":1,"enemies":"Sentry and Sphere","floor":22,"turns":4},{"damage":24,"enemies":"Gremlin Leader","floor":24,"turns":4},{"damage":12,"enemies":"Snecko","floor":27,"turns":2}],"seed_played":"-8067548998370166601","potions_obtained":[{"floor":1,"key":"FocusPotion"},{"floor":2,"key":"Weak Potion"},{"floor":12,"key":"GamblersBrew"},{"floor":14,"key":"FearPotion"},{"floor":20,"key":"SkillPotion"},{"floor":22,"key":"SpeedPotion"}],"is_trial":false,"path_per_floor":["M","M","M","?","$","R","E","M","T","R","?","M","M","E","R","B",null,"M","M","M","$","M","R","E","R","T","M"],"character_chosen":"DEFECT","items_purchased":["Rip and Tear","Symbiotic Virus"],"campfire_rested":2,"item_purchase_floors":[5,21],"current_hp_per_floor":[67,67,66,62,62,62,31,14,14,37,37,22,20,12,12,3,59,44,44,14,14,13,36,12,12,12,0],"gold":97,"neow_bonus":"TEN_PERCENT_HP_BONUS","is_prod":false,"is_daily":false,"chose_seed":false,"campfire_upgraded":3,"win_rate":0,"timestamp":1551357173,"path_taken":["M","M","M","?","?","R","E","?","T","R","?","M","M","E","R","BOSS","M","M","M","$","?","R","E","R","T","?"],"build_version":"2019-01-23","purchased_purges":0,"victory":false,"max_hp_per_floor":[78,78,78,78,78,78,78,78,78,78,78,78,78,78,78,78,78,78,78,78,78,78,78,78,78,78,78],"card_choices":[{"not_picked":["Steam Power","Aggregate"],"picked":"Leap","floor":1},{"not_picked":["Stack","White Noise"],"picked":"Defragment","floor":2},{"not_picked":["Static Discharge","Stack"],"picked":"Streamline","floor":3},{"not_picked":["FTL","Chill"],"picked":"Cold Snap","floor":7},{"not_picked":["Rebound","Go for the Eyes"],"picked":"Loop","floor":8},{"not_picked":["Beam Cell","Recycle"],"picked":"Cold Snap","floor":12},{"not_picked":["Compile Driver","Double Energy"],"picked":"Seek","floor":13},{"not_picked":["Sweeping Beam","Barrage","Aggregate"],"picked":"SKIP","floor":14},{"not_picked":["Machine Learning","Core Surge"],"picked":"Electrodynamics","floor":16},{"not_picked":["Redo","Melter","Aggregate"],"picked":"SKIP","floor":18},{"not_picked":["Redo","Cold Snap"],"picked":"Turbo","floor":19},{"not_picked":["Barrage","Double Energy"],"picked":"Conserve Battery","floor":20},{"not_picked":["Consume","Go for the Eyes"],"picked":"BootSequence","floor":22},{"not_picked":["Rebound","Doom and Gloom+1"],"picked":"Fission","floor":24}],"player_experience":502698,"relics_obtained":[{"floor":7,"key":"PreservedInsect"},{"floor":9,"key":"Bag of Marbles"},{"floor":14,"key":"Omamori"},{"floor":24,"key":"Orichalcum"},{"floor":26,"key":"Cables"}],"event_choices":[{"damage_healed":0,"gold_gain":0,"player_choice":"Bought 0 Potions","damage_taken":0,"max_hp_gain":0,"max_hp_loss":0,"event_name":"The Woman in Blue","floor":4,"gold_loss":0},{"cards_removed":["Strike_B"],"damage_healed":0,"gold_gain":0,"player_choice":"Offered Basic","damage_taken":0,"max_hp_gain":0,"max_hp_loss":0,"event_name":"Bonfire Elementals","floor":11,"gold_loss":0}],"is_beta":false,"boss_relics":[{"not_picked":["Orrery","Fusion Hammer"],"picked":"Runic Dome"}],"items_purged_floors":[],"is_endless":false,"potions_floor_spawned":[1,2,12,14,20,22],"killed_by":"Snecko","ascension_level":20}