{"gold_per_floor":[212,227,257,273,44,70,70,80,106,106,22,47,67,100,100,174,174,189,108,122,122,138,138,157,157,157,106,106,131,131,181,181,181],"floor_reached":33,"playtime":1274,"items_purged":[],"score":566,"play_id":"6bac5ab6-1ca5-4d59-b8c9-2ef8e8086bb8","local_time":"20190226231655","is_ascension_mode":true,"campfire_choices":[{"data":"Carnage","floor":7,"key":"SMITH"},{"data":"Juggernaut","floor":10,"key":"SMITH"},{"data":"True Grit","floor":15,"key":"SMITH"},{"data":"Demon Form","floor":23,"key":"SMITH"},{"data":"Sword Boomerang","floor":25,"key":"SMITH"},{"floor":28,"key":"REST"},{"floor":30,"key":"REST"},{"data":"Armaments","floor":32,"key":"SMITH"}],"neow_cost":"NONE","seed_source_timestamp":16142547070975,"circlet_count":0,"master_deck":["AscendersBane","Strike_R+1","Strike_R","Strike_R","Strike_R","Strike_R","Defend_R","Defend_R","Defend_R","Defend_R","Bash+1","Carnage+1","Sword Boomerang+1","Iron Wave","Juggernaut+1","Shrug It Off","True Grit+1","Headbutt","Ghostly Armor","Feed","Rampage","Demon Form+1","Shrug It Off","Corruption","Clothesline+1","Feed","Metallicize","Iron Wave","Armaments+1","Iron Wave+1"],"relics":["Burning Blood","Tiny Chest","Happy Flower","Blood Vial","Whetstone","Bag of Marbles","Sozu","Ornamental Fan","Frozen Egg 2"],"potions_floor_usage":[6,12,14,16,16],"damage_taken":[{"damage":0,"enemies":"2 Louse","floor":1,"turns":3},{"damage":2,"enemies":"Cultist","floor":2,"turns":4},{"damage":7,"enemies":"Jaw Worm","floor":4,"turns":3},{"damage":40,"enemies":"3 Sentries","floor":6,"turns":7},{"damage":13,"enemies":"Gremlin Gang","floor":8,"turns":5},{"damage":8,"enemies":"Gremlin Nob","floor":12,"turns":3},{"damage":11,"enemies":"2 Fungi Beasts","floor":13,"turns":3},{"damage":21,"enemies":"3 Sentries","floor":14,"turns":8},{"damage":18,"enemies":"Hexaghost","floor":16,"turns":11},{"damage":26,"enemies":"3 Byrds","floor":18,"turns":6},{"damage":0,"enemies":"Chosen","floor":20,"turns":2},{"damage":32,"enemies":"Sentry and Sphere","floor":22,"turns":7},{"damage":16,"enemies":"Snake Plant","floor":24,"turns":4},{"damage":40,"enemies":"Slavers","floor":29,"turns":6},{"damage":60,"enemies":"Collector","floor":33,"turns":8}],"seed_played":"-6837006636543551988","potions_obtained":[{"floor":1,"key":"Explosive Potion"},{"floor":4,"key":"SpeedPotion"},{"floor":13,"key":"Block Potion"},{"floor":14,"key":"Strength Potion"}],"is_trial":false,"path_per_floor":["M","M","?","M","$","E","R","M","T","R","$","E","M","E","R","B",null,"M","$","M","?","M","R","M","R","T","$","R","E","R","?","R","B"],"character_chosen":"IRONCLAD","items_purchased":["Iron Wave","Juggernaut","Headbutt","AttackPotion","Corruption","Armaments"],"campfire_rested":2,"item_purchase_floors":[5,5,11,11,19,27],"current_hp_per_floor":[74,75,75,74,74,40,40,33,33,33,33,33,30,17,17,10,61,46,46,54,54,33,33,25,25,25,25,50,18,43,43,43,0],"gold":181,"neow_bonus":"HUNDRED_GOLD","is_prod":false,"is_daily":false,"chose_seed":false,"campfire_upgraded":6,"win_rate":0,"timestamp":1551176215,"path_taken":["M","M","?","M","$","E","R","M","T","R","?","E","M","E","R","BOSS","M","$","M","?","?","R","M","R","T","$","R","E","R","?","R","BOSS"],"build_version":"2019-01-23","purchased_purges":0,"victory":false,"max_hp_per_floor":[75,75,75,75,75,75,75,75,75,75,75,75,75,75,75,78,78,81,81,81,81,84,84,84,84,84,84,84,84,84,84,84,84],"card_choices":[{"not_picked":["Burning Pact","Rupture"],"picked":"Iron Wave","floor":1},{"not_picked":["Twin Strike","Pommel Strike"],"picked":"Carnage","floor":2},{"not_picked":["Clash","True Grit"],"picked":"Sword Boomerang","floor":4},{"not_picked":["Warcry","Anger"],"picked":"Shrug It Off","floor":6},{"not_picked":["Body Slam","Blood for Blood"],"picked":"True Grit","floor":8},{"not_picked":["Body Slam","Burning Pact"],"picked":"Ghostly Armor","floor":12},{"not_picked":["Pommel Strike","Wild Strike"],"picked":"Feed","floor":13},{"not_picked":["Second Wind","Blood for Blood"],"picked":"Rampage","floor":14},{"not_picked":["Dark Embrace","Feed"],"picked":"Demon Form","floor":16},{"not_picked":["Heavy Blade","Bloodletting"],"picked":"Shrug It Off","floor":18},{"not_picked":["Intimidate","Iron Wave"],"picked":"Clothesline+1","floor":20},{"not_picked":["Perfected Strike","Body Slam"],"picked":"Metallicize","floor":22},{"not_picked":["Warcry","Rupture"],"picked":"Iron Wave","floor":24},{"not_picked":["Hemokinesis","Twin Strike"],"picked":"Iron Wave+1","floor":29}],"player_experience":464446,"relics_obtained":[{"floor":6,"key":"Happy Flower"},{"floor":9,"key":"Blood Vial"},{"floor":12,"key":"Whetstone"},{"floor":14,"key":"Bag of Marbles"},{"floor":26,"key":"Ornamental Fan"},{"floor":29,"key":"Frozen Egg 2"}],"event_choices":[{"cards_removed":["Iron Wave"],"damage_healed":0,"gold_gain":0,"player_choice":"Gave Card","damage_taken":0,"relics_obtained":["Tiny Chest"],"max_hp_gain":0,"max_hp_loss":0,"event_name":"WeMeetAgain","floor":3,"gold_loss":0},{"damage_healed":0,"gold_gain":0,"player_choice":"Copied","damage_taken":0,"max_hp_gain":0,"max_hp_loss":0,"event_name":"Duplicator","floor":21,"gold_loss":0,"cards_obtained":["Feed"]},{"damage_healed":0,"gold_gain":50,"player_choice":"Stole From Cult","damage_taken":0,"max_hp_gain":0,"max_hp_loss":0,"event_name":"Nest","floor":31,"gold_loss":0}],"is_beta":false,"boss_relics":[{"not_picked":["Cursed Key","Calling Bell"],"picked":"Sozu"}],"items_purged_floors":[],"is_endless":false,"potions_floor_spawned":[1,4,13,14,29],"killed_by":"Collector","ascension_level":20}