{"gold_per_floor":[114,133,133,133,151,192,192,227,227,227],"floor_reached":10,"playtime":447,"items_purged":[],"score":114,"play_id":"29e6ee84-1d90-4416-b3d0-2a69f47cc9c9","local_time":"20181125184133","is_ascension_mode":true,"campfire_choices":[{"floor":7,"key":"REST"}],"neow_cost":"PERCENT_DAMAGE","seed_source_timestamp":8606881087758,"circlet_count":0,"master_deck":["AscendersBane","Defend_G","Defend_G","Defend_G","Defend_G","Defend_G","Strike_G","Strike_G","Strike_G","Strike_G","Strike_G","Survivor","Neutralize","After Image","Distraction","Blade Dance","Accuracy","Backflip","Calculated Gamble"],"relics":["Ring of the Snake","Golden Idol","Potion Belt","Letter Opener","Bottled Flame"],"potions_floor_usage":[10],"damage_taken":[{"damage":3,"enemies":"2 Louse","floor":1,"turns":4},{"damage":10,"enemies":"Small Slimes","floor":2,"turns":4},{"damage":4,"enemies":"Jaw Worm","floor":5,"turns":4},{"damage":31,"enemies":"3 Sentries","floor":6,"turns":12},{"damage":3,"enemies":"Lagavulin","floor":8,"turns":9},{"damage":24,"enemies":"3 Sentries","floor":10,"turns":10}],"seed_played":"2897182093803501542","potions_obtained":[{"floor":1,"key":"PowerPotion"},{"floor":6,"key":"GhostInAJar"}],"is_trial":false,"path_per_floor":["M","M","?","?","M","E","R","E","T","E"],"character_chosen":"THE_SILENT","items_purchased":[],"campfire_rested":1,"item_purchase_floors":[],"current_hp_per_floor":[42,32,32,37,33,2,23,20,20,0],"gold":227,"neow_bonus":"THREE_RARE_CARDS","is_prod":false,"is_daily":false,"chose_seed":false,"campfire_upgraded":0,"win_rate":0,"timestamp":1543124493,"path_taken":["M","M","?","?","M","E","R","E","T","E"],"build_version":"2018-11-15","purchased_purges":0,"victory":false,"max_hp_per_floor":[70,70,65,70,70,70,70,70,70,70],"card_choices":[{"not_picked":["Phantasmal Killer","Venomology"],"picked":"After Image","floor":0},{"not_picked":["All Out Attack","Dodge and Roll"],"picked":"Distraction","floor":1},{"not_picked":["Leg Sweep","Quick Slash"],"picked":"Blade Dance","floor":2},{"not_picked":["Poisoned Stab","Dodge and Roll"],"picked":"Accuracy","floor":5},{"not_picked":["Quick Slash","Slice"],"picked":"Backflip","floor":6},{"not_picked":["Heel Hook","Choke"],"picked":"Calculated Gamble","floor":8}],"player_experience":388801,"relics_obtained":[{"floor":6,"key":"Potion Belt"},{"floor":8,"key":"Letter Opener"},{"floor":9,"key":"Bottled Flame"}],"event_choices":[{"damage_healed":0,"gold_gain":0,"player_choice":"Lose Max HP","damage_taken":0,"relics_obtained":["Golden Idol"],"max_hp_gain":0,"max_hp_loss":5,"event_name":"Golden Idol","floor":3,"gold_loss":0},{"damage_healed":0,"gold_gain":0,"player_choice":"Donut","damage_taken":0,"max_hp_gain":5,"max_hp_loss":0,"event_name":"Big Fish","floor":4,"gold_loss":0}],"is_beta":false,"boss_relics":[],"items_purged_floors":[],"is_endless":false,"potions_floor_spawned":[1,6],"killed_by":"3 Sentries","ascension_level":10}