{"gold_per_floor":[112,112,15,15,15,15,44,44,112,112,140,11,40,50,50,50],"floor_reached":16,"playtime":1019,"items_purged":["Strike_G"],"score":172,"play_id":"791c5621-710c-497b-a3ba-fe499c806d32","local_time":"20180925175747","is_ascension_mode":true,"campfire_choices":[{"data":"Survivor","floor":6,"key":"SMITH"},{"data":"Blade Dance","floor":8,"key":"SMITH"},{"data":"Acrobatics","floor":10,"key":"SMITH"},{"data":"Caltrops","floor":15,"key":"SMITH"}],"neow_cost":"NONE","seed_source_timestamp":11789455287204,"circlet_count":0,"master_deck":["Defend_G","Defend_G","Defend_G","Defend_G","Defend_G","Strike_G","Strike_G","Strike_G","Survivor+1","Neutralize+1","Acrobatics+1","Impatience+1","Blade Dance+1","Choke","Flying Knee","Caltrops+1","Cloak And Dagger"],"relics":["Ring of the Snake","NeowsBlessing","Bottled Lightning","Gremlin Horn","Snake Skull","Strawberry"],"potions_floor_usage":[],"damage_taken":[{"damage":0,"enemies":"Jaw Worm","floor":1,"turns":1},{"damage":0,"enemies":"3 Sentries","floor":7,"turns":1},{"damage":0,"enemies":"Gremlin Nob","floor":11,"turns":1},{"damage":22,"enemies":"3 Sentries","floor":13,"turns":8},{"damage":0,"enemies":"Cultist","floor":14,"turns":3},{"damage":53,"enemies":"The Guardian","floor":16,"turns":10}],"seed_played":"-4201538110074032358","potions_obtained":[{"floor":1,"key":"Ancient Potion"},{"floor":7,"key":"SpeedPotion"}],"is_trial":false,"path_per_floor":["M","?","$","?","?","R","E","R","T","R","E","$","E","M","R"],"character_chosen":"THE_SILENT","items_purchased":["Impatience","Flying Knee"],"campfire_rested":0,"item_purchase_floors":[3,12],"current_hp_per_floor":[70,70,70,70,63,63,63,63,63,63,63,63,48,48,48,0],"gold":50,"neow_bonus":"THREE_ENEMY_KILL","is_prod":false,"is_daily":false,"chose_seed":false,"campfire_upgraded":4,"win_rate":0,"timestamp":1537912667,"path_taken":["M","?","$","?","?","R","E","R","T","R","E","$","E","M","R","BOSS"],"build_version":"2018-09-20","purchased_purges":1,"victory":false,"max_hp_per_floor":[70,70,70,70,70,70,70,70,70,70,70,70,77,77,77,77],"card_choices":[{"not_picked":["Well Laid Plans","Concentrate"],"picked":"Acrobatics","floor":1},{"not_picked":["Calculated Gamble","Footwork"],"picked":"Blade Dance","floor":7},{"not_picked":["Leg Sweep","Deadly Poison"],"picked":"Choke","floor":11},{"not_picked":["Night Terror","Acrobatics"],"picked":"Caltrops","floor":13},{"not_picked":["Dagger Throw","All Out Attack"],"picked":"Cloak And Dagger","floor":14}],"player_experience":652320,"relics_obtained":[{"floor":7,"key":"Bottled Lightning"},{"floor":9,"key":"Gremlin Horn"},{"floor":11,"key":"Snake Skull"},{"floor":13,"key":"Strawberry"}],"event_choices":[{"event_name":"Upgrade Shrine","player_choice":"Upgraded","floor":2,"damage_taken":0},{"event_name":"Accursed Blacksmith","player_choice":"Forge","floor":4,"damage_taken":0},{"event_name":"Golden Wing","player_choice":"Card Removal","floor":5,"damage_taken":0}],"is_beta":false,"boss_relics":[],"items_purged_floors":[12],"is_endless":false,"potions_floor_spawned":[1,7],"killed_by":"The Guardian","ascension_level":1}