{"gold_per_floor":[368,384,399,85,103,103,178,209,209,209,243,258,275,287,287,391,391,406,419,2,16,33,33,33],"floor_reached":24,"playtime":9958,"items_purged":["Normality"],"score":212,"play_id":"46e759f3-6a28-4ee0-9909-e79fe8971639","local_time":"20190112213354","is_ascension_mode":false,"campfire_choices":[{"data":"True Grit","floor":6,"key":"SMITH"},{"data":"Flame Barrier","floor":10,"key":"SMITH"},{"data":"Body Slam","floor":15,"key":"SMITH"},{"floor":23,"key":"REST"}],"neow_cost":"CURSE","seed_source_timestamp":180889140591258,"circlet_count":0,"master_deck":["Strike_R","Strike_R","Strike_R","Strike_R","Strike_R","Defend_R","Defend_R","Defend_R","Defend_R","Bash","True Grit+1","Entrench","Metallicize","Feel No Pain","Armaments","Flame Barrier+1","Power Through","True Grit","Body Slam+1","Offering","Battle Trance","Warcry+1","Reaper","Battle Trance+1","Warcry+1"],"relics":["Burning Blood","Oddly Smooth Stone","WingedGreaves","Unceasing Top","Mango","Velvet Choker","Toxic Egg 2"],"potions_floor_usage":[8,16,16],"damage_taken":[{"damage":3,"enemies":"Small Slimes","floor":1,"turns":4},{"damage":6,"enemies":"2 Louse","floor":2,"turns":2},{"damage":4,"enemies":"Jaw Worm","floor":3,"turns":3},{"damage":9,"enemies":"3 Louse","floor":5,"turns":7},{"damage":9,"enemies":"3 Sentries","floor":8,"turns":12},{"damage":31,"enemies":"Gremlin Nob","floor":11,"turns":5},{"damage":0,"enemies":"Red Slaver","floor":12,"turns":6},{"damage":13,"enemies":"2 Fungi Beasts","floor":13,"turns":5},{"damage":2,"enemies":"Large Slime","floor":14,"turns":10},{"damage":34,"enemies":"The Guardian","floor":16,"turns":12},{"damage":15,"enemies":"Spheric Guardian","floor":18,"turns":10},{"damage":44,"enemies":"3 Byrds","floor":19,"turns":10},{"damage":6,"enemies":"Centurion and Healer","floor":21,"turns":12},{"damage":26,"enemies":"Snake Plant","floor":22,"turns":5},{"damage":77,"enemies":"Gremlin Leader","floor":24,"turns":7}],"seed_played":"-7800164575783324170","potions_obtained":[{"floor":2,"key":"FearPotion"},{"floor":5,"key":"Explosive Potion"},{"floor":12,"key":"SkillPotion"},{"floor":14,"key":"Weak Potion"},{"floor":21,"key":"BloodPotion"},{"floor":22,"key":"LiquidBronze"}],"is_trial":false,"path_per_floor":["M","M","M","$","M","R","?","E","T","R","E","M","M","M","R","B",null,"M","M","$","M","M","R","E"],"character_chosen":"IRONCLAD","items_purchased":["Feel No Pain","Armaments","Oddly Smooth Stone","Toxic Egg 2","Warcry+1","Reaper"],"campfire_rested":1,"item_purchase_floors":[4,4,4,20,20,20],"current_hp_per_floor":[80,80,80,80,77,77,66,63,63,63,52,58,51,55,55,27,94,85,47,47,59,39,67,0],"gold":33,"neow_bonus":"TWO_FIFTY_GOLD","is_prod":false,"is_daily":false,"chose_seed":false,"campfire_upgraded":3,"win_rate":0.0,"timestamp":1547357634,"path_taken":["M","M","M","$","M","R","?","E","T","R","E","M","M","M","R","BOSS","M","M","$","M","M","R","E"],"build_version":"2019-01-10","purchased_purges":1,"victory":false,"max_hp_per_floor":[80,80,80,80,80,80,80,80,80,80,94,94,94,94,94,94,94,94,94,94,94,94,94,94],"card_choices":[{"not_picked":["Pummel","Clothesline"],"picked":"True Grit","floor":1},{"not_picked":["Thunderclap","Pummel"],"picked":"Entrench","floor":2},{"not_picked":["Anger","Dropkick"],"picked":"Metallicize","floor":3},{"not_picked":["Whirlwind","Heavy Blade","Cleave"],"picked":"SKIP","floor":5},{"not_picked":["Anger","Fire Breathing"],"picked":"Flame Barrier","floor":8},{"not_picked":["Iron Wave","Armaments"],"picked":"Power Through","floor":11},{"not_picked":["Heavy Blade","Armaments","Flex"],"picked":"SKIP","floor":12},{"not_picked":["Perfected Strike","Pummel"],"picked":"True Grit","floor":13},{"not_picked":["Double Tap","Perfected Strike"],"picked":"Body Slam","floor":14},{"not_picked":["Berserk","Double Tap"],"picked":"Offering","floor":16},{"not_picked":["Infernal Blade","Twin Strike","Thunderclap"],"picked":"SKIP","floor":18},{"not_picked":["Warcry","True Grit"],"picked":"Battle Trance","floor":19},{"not_picked":["Rampage","Seeing Red+1"],"picked":"Battle Trance+1","floor":21},{"not_picked":["Pommel Strike","Clash+1"],"picked":"Warcry+1","floor":22}],"player_experience":16762,"relics_obtained":[{"floor":8,"key":"WingedGreaves"},{"floor":9,"key":"Unceasing Top"},{"floor":11,"key":"Mango"}],"event_choices":[{"damage_healed":0,"gold_gain":75,"player_choice":"Gather Gold","damage_taken":11,"max_hp_gain":0,"max_hp_loss":0,"event_name":"World of Goop","floor":7,"gold_loss":0}],"is_beta":false,"boss_relics":[{"not_picked":["White Beast Statue","Eternal Feather"],"picked":"Velvet Choker"}],"items_purged_floors":[4],"is_endless":false,"potions_floor_spawned":[2,5,12,14,21,22],"killed_by":"Gremlin Leader","ascension_level":0}