{"gold_per_floor":[117,137,137,237,251,251,286,286,332,342,342,353,278,45,45,45],"floor_reached":16,"playtime":1226,"items_purged":["Strike_G"],"score":105,"play_id":"a8ce27d2-7452-4964-b8f7-a6ae95ead3d0","local_time":"20180903024211","is_ascension_mode":true,"campfire_choices":[{"data":"Outmaneuver","floor":6,"key":"SMITH"},{"data":"Neutralize","floor":8,"key":"SMITH"},{"data":"Finisher","floor":11,"key":"SMITH"},{"data":"Expertise","floor":15,"key":"SMITH"}],"neow_cost":"NONE","seed_source_timestamp":40089713465295,"circlet_count":0,"master_deck":["Defend_G","Defend_G+1","Defend_G+1","Strike_G","Strike_G","Strike_G","Strike_G","Survivor+1","Neutralize+1","Dodge and Roll+1","Outmaneuver+1","Expertise+1","Deadly Poison","Finisher+1","Burst"],"relics":["Empty Cage","War Paint","Centennial Puzzle","Kunai"],"potions_floor_usage":[7,12,12,16],"damage_taken":[{"damage":6,"enemies":"Jaw Worm","floor":1,"turns":5},{"damage":1,"enemies":"Small Slimes","floor":2,"turns":6},{"damage":0,"enemies":"Cultist","floor":5,"turns":4},{"damage":16,"enemies":"Lagavulin","floor":7,"turns":13},{"damage":0,"enemies":"2 Fungi Beasts","floor":10,"turns":4},{"damage":0,"enemies":"Lots of Slimes","floor":12,"turns":7},{"damage":31,"enemies":"Slime Boss","floor":16,"turns":12}],"seed_played":"-1905733686921481092","potions_obtained":[{"floor":2,"key":"FearPotion"},{"floor":5,"key":"Dexterity Potion"},{"floor":7,"key":"Fire Potion"},{"floor":12,"key":"Regen Potion"}],"is_trial":false,"path_per_floor":["M","M","?","?","M","R","E","R","T","M","R","M","?","$","R"],"character_chosen":"THE_SILENT","items_purchased":["Burst"],"campfire_rested":0,"item_purchase_floors":[14],"current_hp_per_floor":[64,63,49,49,49,49,33,33,33,33,33,33,33,33,33,11],"gold":45,"neow_bonus":"BOSS_RELIC","is_prod":false,"is_daily":false,"chose_seed":false,"campfire_upgraded":4,"win_rate":0,"timestamp":1535956931,"path_taken":["M","M","?","?","M","R","E","R","T","?","R","M","?","$","R","BOSS"],"build_version":"2018-08-30","purchased_purges":1,"victory":false,"max_hp_per_floor":[70,70,70,70,70,70,70,70,70,70,70,70,70,70,70,70],"card_choices":[{"not_picked":["Predator","Quick Slash"],"picked":"Dodge and Roll","floor":1},{"not_picked":["Riddle With Holes","Skewer"],"picked":"Outmaneuver","floor":2},{"not_picked":["Caltrops","Underhanded Strike"],"picked":"Expertise","floor":5},{"not_picked":["Deflect","Dagger Spray"],"picked":"Deadly Poison","floor":7},{"not_picked":["Prepared","Underhanded Strike"],"picked":"Finisher","floor":10},{"not_picked":["Catalyst","Dagger Spray","Acrobatics"],"picked":"SKIP","floor":12}],"player_experience":526401,"relics_obtained":[{"floor":7,"key":"War Paint"},{"floor":9,"key":"Centennial Puzzle"}],"event_choices":[{"event_name":"Shining Light","player_choice":"Entered Light","floor":3,"damage_taken":0},{"event_name":"Golden Shrine","player_choice":"Pray","floor":4,"damage_taken":0},{"event_name":"WeMeetAgain","player_choice":"Gold","floor":13,"damage_taken":0}],"is_beta":false,"boss_relics":[],"items_purged_floors":[14],"is_endless":false,"potions_floor_spawned":[2,5,7,12],"killed_by":"Slime Boss","ascension_level":1}