{"gold_per_floor":[112,287,287,287,305,332,342,342,368,400,88,105,105,135,135,231,231,244,244,260,278,64,64,64,163,163,175,175,185,196,226,226,323,323,343,343,17,31,45,45,76,76,76,86,86,86,104,14,14,14],"floor_reached":50,"playtime":3102,"items_purged":["Regret"],"score":727,"play_id":"ef8d4f44-2ebe-474b-ab78-ef3dd1e0514e","local_time":"20190222074141","is_ascension_mode":true,"campfire_choices":[{"data":"Well Laid Plans","floor":8,"key":"SMITH"},{"data":"Poisoned Stab","floor":15,"key":"SMITH"},{"data":"Bane","floor":23,"key":"SMITH"},{"data":"Distraction","floor":28,"key":"SMITH"},{"floor":32,"key":"REST"},{"data":"Burst","floor":40,"key":"SMITH"},{"data":"Crippling Poison","floor":45,"key":"SMITH"},{"data":"Impatience","floor":49,"key":"SMITH"}],"neow_cost":"NONE","seed_source_timestamp":695690840985788,"circlet_count":0,"master_deck":["Defend_G","Defend_G","Defend_G","Defend_G","Strike_G+1","Strike_G","Strike_G","Survivor","Neutralize","Crippling Poison","Doubt","Sucker Punch","Poisoned Stab+1","Well Laid Plans+1","Deadly Poison","Predator","Distraction+1","Backstab","Crippling Poison+1","Doppelganger","Backstab","Deflect","Bane+1","Deadly Poison","Bandage Up","Backflip","Poisoned Stab+1","Reflex+1","Backstab","Bouncing Flask","Burst+1","Prepared+1","Dodge and Roll","Footwork","PiercingWail","Parasite","Dash+1","Escape Plan+1","Bouncing Flask+1","Setup","Dagger Throw","Impatience+1"],"relics":["Ring of the Serpent","NeowsBlessing","PreservedInsect","FossilizedHelix","Vajra","Potion Belt","Lee\u0027s Waffle","Paper Crane","Calipers","Tough Bandages","The Specimen","HoveringKite","Strange Spoon","Gremlin Horn","Mercury Hourglass"],"potions_floor_usage":[18,27,31,31,33,33,41,50,50,50],"damage_taken":[{"damage":0,"enemies":"Jaw Worm","floor":1,"turns":1},{"damage":0,"enemies":"2 Louse","floor":5,"turns":1},{"damage":0,"enemies":"Gremlin Nob","floor":6,"turns":1},{"damage":2,"enemies":"Small Slimes","floor":7,"turns":4},{"damage":28,"enemies":"Lagavulin","floor":10,"turns":6},{"damage":0,"enemies":"Looter","floor":12,"turns":3},{"damage":0,"enemies":"Gremlin Nob","floor":14,"turns":3},{"damage":25,"enemies":"The Guardian","floor":16,"turns":10},{"damage":7,"enemies":"Spheric Guardian","floor":18,"turns":4},{"damage":9,"enemies":"Chosen","floor":20,"turns":4},{"damage":22,"enemies":"Shelled Parasite and Fungi","floor":21,"turns":5},{"damage":5,"enemies":"Cultist and Chosen","floor":27,"turns":7},{"damage":0,"enemies":"Snake Plant","floor":29,"turns":4},{"damage":14,"enemies":"3 Cultists","floor":30,"turns":5},{"damage":6,"enemies":"Book of Stabbing","floor":31,"turns":4},{"damage":23,"enemies":"Automaton","floor":33,"turns":12},{"damage":33,"enemies":"3 Darklings","floor":35,"turns":5},{"damage":11,"enemies":"3 Shapes","floor":38,"turns":4},{"damage":13,"enemies":"Writhing Mass","floor":39,"turns":7},{"damage":0,"enemies":"Nemesis","floor":41,"turns":6},{"damage":0,"enemies":"Maw","floor":44,"turns":7},{"damage":0,"enemies":"Sphere and 2 Shapes","floor":47,"turns":4},{"damage":54,"enemies":"Time Eater","floor":50,"turns":11}],"seed_played":"4948415078466075114","potions_obtained":[{"floor":6,"key":"Swift Potion"},{"floor":10,"key":"SneckoOil"},{"floor":12,"key":"Strength Potion"},{"floor":14,"key":"SpeedPotion"},{"floor":16,"key":"Block Potion"},{"floor":21,"key":"Weak Potion"},{"floor":27,"key":"SpeedPotion"},{"floor":30,"key":"Block Potion"},{"floor":33,"key":"LiquidBronze"},{"floor":39,"key":"GhostInAJar"},{"floor":41,"key":"Swift Potion"},{"floor":47,"key":"AttackPotion"}],"is_trial":false,"path_per_floor":["M","?","?","?","M","E","M","R","T","E","$","M","T","E","R","B",null,"M","?","M","M","$","R","?","?","T","M","R","M","M","E","R","B",null,"M","?","$","M","M","R","E","?","T","M","R","?","M","$","R","B"],"character_chosen":"THE_SILENT","items_purchased":["Lee\u0027s Waffle","Predator","Distraction","Bandage Up","Backflip","Strange Spoon","Dodge and Roll","Footwork","Impatience"],"campfire_rested":1,"item_purchase_floors":[11,11,11,22,22,37,37,37,48],"current_hp_per_floor":[70,70,70,56,56,56,54,54,54,26,77,77,77,77,77,52,77,70,70,61,39,39,39,25,25,25,24,24,28,18,16,40,21,82,49,49,49,42,37,37,37,37,37,41,41,41,45,45,45,0],"gold":14,"neow_bonus":"THREE_ENEMY_KILL","is_prod":false,"is_daily":false,"chose_seed":false,"campfire_upgraded":7,"win_rate":0,"timestamp":1550788901,"path_taken":["M","?","?","?","M","E","M","R","T","E","$","M","?","E","R","BOSS","M","?","M","M","$","R","?","?","T","?","R","?","?","E","R","BOSS","M","?","$","M","M","R","E","?","T","M","R","?","M","$","R","BOSS"],"build_version":"2019-01-23","purchased_purges":1,"victory":false,"max_hp_per_floor":[70,70,70,70,70,70,70,70,70,70,77,77,77,77,77,77,77,77,77,77,77,77,77,82,82,82,82,82,82,82,82,82,82,82,82,82,82,82,82,82,82,78,78,78,78,78,78,78,78,78],"card_choices":[{"not_picked":["Sucker Punch","Quick Slash"],"picked":"Crippling Poison","floor":1},{"not_picked":["Cloak And Dagger","Blade Dance"],"picked":"Sucker Punch","floor":5},{"not_picked":["Sucker Punch","Cloak And Dagger"],"picked":"Poisoned Stab","floor":6},{"not_picked":["Quick Slash","After Image"],"picked":"Well Laid Plans","floor":7},{"not_picked":["Outmaneuver","Tactician"],"picked":"Deadly Poison","floor":10},{"not_picked":["Slice","Eviscerate"],"picked":"Backstab","floor":12},{"not_picked":["Infinite Blades","Footwork"],"picked":"Crippling Poison","floor":14},{"not_picked":["Unload","Storm of Steel"],"picked":"Doppelganger","floor":16},{"not_picked":["Flying Knee","Masterful Stab+1"],"picked":"Backstab","floor":18},{"not_picked":["Deflect","Blade Dance+1"],"picked":"Bane","floor":20},{"not_picked":["Dagger Spray","Blade Dance"],"picked":"Deadly Poison","floor":21},{"not_picked":["Skewer+1","Acrobatics"],"picked":"Poisoned Stab+1","floor":27},{"not_picked":["Well Laid Plans","Prepared"],"picked":"Reflex+1","floor":29},{"not_picked":["Dodge and Roll+1","Accuracy"],"picked":"Backstab","floor":30},{"not_picked":["Wraith Form v2","Choke"],"picked":"Bouncing Flask","floor":31},{"not_picked":["Night Terror","Envenom"],"picked":"Burst","floor":33},{"not_picked":["Expertise+1","Quick Slash+1"],"picked":"Prepared+1","floor":35},{"not_picked":["Dagger Spray+1","Poisoned Stab+1"],"picked":"PiercingWail","floor":38},{"not_picked":["Flying Knee+1","Sucker Punch+1"],"picked":"Dash+1","floor":39},{"not_picked":["A Thousand Cuts","Cloak And Dagger+1"],"picked":"Escape Plan+1","floor":41},{"not_picked":["Quick Slash","Acrobatics+1"],"picked":"Bouncing Flask+1","floor":44},{"not_picked":["Blade Dance","Setup"],"picked":"Dagger Throw","floor":47}],"player_experience":131047,"relics_obtained":[{"floor":6,"key":"FossilizedHelix"},{"floor":9,"key":"Vajra"},{"floor":10,"key":"Potion Belt"},{"floor":13,"key":"Paper Crane"},{"floor":14,"key":"Calipers"},{"floor":26,"key":"Tough Bandages"},{"floor":31,"key":"The Specimen"},{"floor":41,"key":"Gremlin Horn"},{"floor":43,"key":"Mercury Hourglass"}],"event_choices":[{"damage_healed":0,"gold_gain":175,"player_choice":"AGREE","damage_taken":0,"max_hp_gain":0,"max_hp_loss":0,"event_name":"Liars Game","floor":2,"gold_loss":0,"cards_obtained":["Doubt"]},{"damage_healed":0,"gold_gain":0,"player_choice":"Box","damage_taken":0,"relics_obtained":["PreservedInsect"],"max_hp_gain":0,"max_hp_loss":0,"event_name":"Big Fish","floor":3,"gold_loss":0,"cards_obtained":["Regret"]},{"damage_healed":0,"gold_gain":0,"player_choice":"Entered Light","damage_taken":14,"max_hp_gain":0,"max_hp_loss":0,"event_name":"Shining Light","floor":4,"gold_loss":0,"cards_upgraded":["Strike_G","Defend_G"]},{"damage_healed":0,"gold_gain":0,"cards_transformed":["Strike_G","Strike_G"],"player_choice":"Became Test Subject","damage_taken":0,"max_hp_gain":0,"max_hp_loss":0,"event_name":"Drug Dealer","floor":19,"gold_loss":0,"cards_obtained":["Deflect","Infinite Blades"]},{"damage_healed":0,"gold_gain":0,"player_choice":"Shed Blood","damage_taken":19,"max_hp_gain":5,"max_hp_loss":0,"event_name":"Forgotten Altar","floor":24,"gold_loss":0},{"damage_healed":0,"gold_gain":99,"player_choice":"Stole From Cult","damage_taken":0,"max_hp_gain":0,"max_hp_loss":0,"event_name":"Nest","floor":25,"gold_loss":0},{"cards_removed":["Defend_G"],"damage_healed":0,"gold_gain":0,"player_choice":"Removed Skill","damage_taken":0,"max_hp_gain":0,"max_hp_loss":0,"event_name":"Falling","floor":36,"gold_loss":0},{"damage_healed":0,"gold_gain":0,"player_choice":"Max HP","damage_taken":0,"max_hp_gain":0,"max_hp_loss":4,"event_name":"Winding Halls","floor":42,"gold_loss":0},{"damage_healed":0,"gold_gain":0,"cards_transformed":["Infinite Blades"],"player_choice":"Transformed","damage_taken":0,"max_hp_gain":0,"max_hp_loss":0,"event_name":"Transmorgrifier","floor":46,"gold_loss":0,"cards_obtained":["Setup"]}],"is_beta":false,"boss_relics":[{"not_picked":["Snecko Eye","Cursed Key"],"picked":"Ring of the Serpent"},{"not_picked":["Philosopher\u0027s Stone","Runic Pyramid"],"picked":"HoveringKite"}],"items_purged_floors":[22],"is_endless":false,"potions_floor_spawned":[6,10,12,14,16,21,27,30,33,39,41,47],"killed_by":"Time Eater","ascension_level":4}