{"path_per_floor":["M","?","M","M","?","E","M","R","T","M","M","?","E","?","R"],"character_chosen":"IRONCLAD","items_purchased":[],"gold_per_floor":[111,111,131,150,150,181,192,192,192,207,227,227,255,217,217,217],"floor_reached":16,"campfire_rested":2,"playtime":840,"item_purchase_floors":[],"current_hp_per_floor":[80,90,78,78,71,41,29,56,56,51,55,37,14,14,41,0],"items_purged":[],"gold":217,"score":112,"play_id":"b9593abb-b96e-4099-945c-221c4ed6302d","local_time":"20180614143024","is_prod":false,"is_daily":false,"chose_seed":false,"is_ascension_mode":false,"campfire_upgraded":0,"win_rate":0.0,"timestamp":1529001024,"campfire_choices":[{"floor":8,"key":"REST"},{"floor":15,"key":"REST"}],"path_taken":["M","?","?","M","?","E","M","R","T","M","M","?","E","?","R","BOSS"],"build_version":"2018-06-07v3","seed_source_timestamp":19414745950177,"purchased_purges":0,"victory":false,"master_deck":["Strike_R","Strike_R","Strike_R","Strike_R","Strike_R","Defend_R","Defend_R+1","Defend_R","Defend_R","Bash","Warcry","Sword Boomerang","Warcry+1","Pummel","Sword Boomerang","Clash","Rampage"],"max_hp_per_floor":[80,90,90,90,90,90,90,90,90,90,90,90,90,90,90,90],"relics":["Burning Blood","Pear","Juzu Bracelet","Frozen Egg 2","Vajra"],"card_choices":[{"not_picked":["Flex","Clash"],"picked":"Warcry","floor":1},{"not_picked":["Cleave","Iron Wave"],"picked":"Sword Boomerang","floor":3},{"not_picked":["Cleave","Heavy Blade"],"picked":"Warcry","floor":4},{"not_picked":["Fiend Fire","Dropkick"],"picked":"Pummel","floor":6},{"not_picked":["Pommel Strike","Clothesline","Headbutt"],"picked":"SKIP","floor":7},{"not_picked":["Flex","Wild Strike"],"picked":"Sword Boomerang","floor":10},{"not_picked":["Clothesline","Perfected Strike"],"picked":"Clash","floor":11},{"not_picked":["Carnage","Flex"],"picked":"Rampage","floor":13}],"player_experience":29464,"potions_floor_usage":[11,11,13],"damage_taken":[{"damage":6,"enemies":"2 Louse","floor":1,"turns":3},{"damage":18,"enemies":"Cultist","floor":3,"turns":6},{"damage":6,"enemies":"Jaw Worm","floor":4,"turns":3},{"damage":36,"enemies":"Gremlin Nob","floor":6,"turns":5},{"damage":18,"enemies":"Exordium Wildlife","floor":7,"turns":5},{"damage":11,"enemies":"2 Fungi Beasts","floor":10,"turns":4},{"damage":2,"enemies":"Blue Slaver","floor":11,"turns":2},{"damage":29,"enemies":"Lagavulin","floor":13,"turns":8},{"damage":42,"enemies":"The Guardian","floor":16,"turns":7}],"relics_obtained":[{"floor":6,"key":"Juzu Bracelet"},{"floor":9,"key":"Frozen Egg 2"},{"floor":13,"key":"Vajra"}],"event_choices":[{"event_name":"Accursed Blacksmith","player_choice":"Rummage","floor":2,"damage_taken":0},{"event_name":"Golden Wing","player_choice":"Card Removal","floor":5,"damage_taken":0},{"event_name":"Shining Light","player_choice":"Entered Light","floor":12,"damage_taken":0},{"event_name":"World of Goop","player_choice":"Left","floor":14,"damage_taken":0}],"boss_relics":[],"items_purged_floors":[],"potions_floor_spawned":[7,10,11],"seed_played":"-4873706481218007175","killed_by":"The Guardian","ascension_level":0,"potions_obtained":[{"floor":7,"key":"Explosive Potion"},{"floor":10,"key":"Explosive Potion"},{"floor":11,"key":"EssenceOfSteel"}],"is_trial":false}