{"gold_per_floor":[219,238,251,426,436,436,451,421,447,470,496,49,105,105,105,201,201,190,206,131,144,144,144,154,154],"floor_reached":25,"playtime":3479,"items_purged":[],"score":197,"play_id":"a978046e-2847-46f2-80a6-f06613678078","local_time":"20180724143514","is_ascension_mode":false,"campfire_choices":[{"data":"Acrobatics","floor":6.0,"key":"SMITH"},{"floor":15.0,"key":"REST"},{"floor":23,"key":"REST"}],"neow_cost":"NONE","seed_source_timestamp":0,"circlet_count":0,"master_deck":["Defend_G","Defend_G","Defend_G","Defend_G","Defend_G","Strike_G","Strike_G","Strike_G","Strike_G","Strike_G","Survivor","Neutralize","Dodge and Roll","Acrobatics+1","Escape Plan+1","Distraction","Venomology","Dagger Spray","Outmaneuver","Blur","Eviscerate","Acrobatics+1","Well Laid Plans","Poisoned Stab","Envenom","Cloak And Dagger+1","Slice+1","Catalyst"],"special_seed":0,"relics":["Ring of the Snake","MawBank","War Paint","Lantern","Busted Crown"],"potions_floor_usage":[19,21,21,21,24,25],"damage_taken":[{"damage":0.0,"enemies":"2 Louse","floor":1.0,"turns":2.0},{"damage":0.0,"enemies":"Jaw Worm","floor":2.0,"turns":6.0},{"damage":0.0,"enemies":"Small Slimes","floor":3.0,"turns":3.0},{"damage":7.0,"enemies":"Gremlin Gang","floor":5.0,"turns":10.0},{"damage":14.0,"enemies":"Large Slime","floor":7.0,"turns":16.0},{"damage":3.0,"enemies":"Looter","floor":8.0,"turns":4.0},{"damage":5.0,"enemies":"2 Fungi Beasts","floor":10.0,"turns":5.0},{"damage":7.0,"enemies":"Blue Slaver","floor":11.0,"turns":9.0},{"damage":14.0,"enemies":"3 Sentries","floor":13.0,"turns":11.0},{"damage":43.0,"enemies":"Hexaghost","floor":16.0,"turns":13.0},{"damage":18,"enemies":"2 Thieves","floor":18,"turns":4},{"damage":15,"enemies":"Spheric Guardian","floor":19,"turns":10},{"damage":10,"enemies":"3 Cultists","floor":21,"turns":5},{"damage":30,"enemies":"Snake Plant","floor":24,"turns":7},{"damage":7,"enemies":"Snecko","floor":25,"turns":5}],"seed_played":"-7680706903863549537","potions_obtained":[{"floor":3.0,"key":"Swift Potion"},{"floor":5.0,"key":"Poison Potion"},{"floor":7.0,"key":"FairyPotion"},{"floor":10.0,"key":"GamblersBrew"},{"floor":19,"key":"Block Potion"}],"is_trial":false,"path_per_floor":["M","M","M","?","M","R","M","M","T","M","M","$","?","?","R","B",null,"M","M","?","M","?","R","M"],"character_chosen":"THE_SILENT","items_purchased":["Blur","Eviscerate","Acrobatics","War Paint","Well Laid Plans","LiquidBronze"],"campfire_rested":2,"item_purchase_floors":[12,12,12,12,12,12],"current_hp_per_floor":[70,70,70,70,63,63,49,46,46,41,34,34,20,20,41,7,70,52,37,37,27,14,36,6,0],"gold":154,"neow_bonus":"HUNDRED_GOLD","is_prod":false,"is_daily":false,"chose_seed":false,"campfire_upgraded":1,"win_rate":0,"timestamp":1532457314,"path_taken":["M","M","M","?","M","R","M","M","T","M","M","$","?","?","R","BOSS","M","M","?","?","?","R","M","M"],"build_version":"2018-07-19v2","purchased_purges":0,"victory":false,"max_hp_per_floor":[70,70,70,70,70,70,70,70,70,70,70,70,70,70,70,70,70,70,70,70,70,75,75,75,75],"card_choices":[{"not_picked":["Poisoned Stab","Acrobatics"],"picked":"Dodge and Roll","floor":1.0},{"not_picked":["Quick Slash","Dodge and Roll"],"picked":"Acrobatics","floor":2.0},{"not_picked":["Flying Knee","Well Laid Plans"],"picked":"Escape Plan","floor":3.0},{"not_picked":["Acrobatics","Dodge and Roll"],"picked":"Distraction","floor":5.0},{"not_picked":["Noxious Fumes","Flying Knee","Backflip"],"picked":"SKIP","floor":7.0},{"not_picked":["Blur","Heel Hook"],"picked":"Venomology","floor":8.0},{"not_picked":["Prepared","Quick Slash"],"picked":"Dagger Spray","floor":10.0},{"not_picked":["Quick Slash","Flying Knee"],"picked":"Outmaneuver","floor":11.0},{"not_picked":["Leg Sweep","Cloak And Dagger"],"picked":"Poisoned Stab","floor":13.0},{"not_picked":["Tools of the Trade","Phantasmal Killer"],"picked":"Envenom","floor":16.0},{"not_picked":[],"picked":"Cloak And Dagger+1","floor":18},{"not_picked":[],"picked":"Slice+1","floor":19},{"not_picked":["Acrobatics"],"picked":"SKIP","floor":21},{"not_picked":[],"picked":"Catalyst","floor":24}],"player_experience":259727,"relics_obtained":[{"floor":9.0,"key":"MawBank"},{"floor":13.0,"key":"Lantern"}],"event_choices":[{"event_name":"Liars Game","player_choice":"agreed","floor":4.0,"damage_taken":0.0},{"event_name":"Dead Adventurer","player_choice":"Searched \u00271\u0027 times","floor":13.0,"damage_taken":0.0},{"event_name":"Shining Light","player_choice":"Ignored","floor":14.0,"damage_taken":0.0},{"event_name":"Beggar","player_choice":"Gave Gold","floor":20,"damage_taken":0},{"event_name":"Forgotten Altar","player_choice":"Shed Blood","floor":22,"damage_taken":0}],"is_beta":false,"boss_relics":[{"not_picked":["Calling Bell","Ectoplasm"],"picked":"Busted Crown"}],"items_purged_floors":[],"is_endless":false,"potions_floor_spawned":[3,5,7,10,13,19],"killed_by":"Snecko","ascension_level":0}