{"gold_per_floor":[13,13,30,46,65,65,75,101,101,101],"floor_reached":10,"playtime":504,"items_purged":[],"score":140,"play_id":"2ffedefa-9d5c-407d-9f51-722254bafde7","local_time":"20190302014722","is_ascension_mode":true,"campfire_choices":[{"data":"Barrage","floor":6,"key":"SMITH"}],"neow_cost":"NO_GOLD","seed_source_timestamp":53873367159257,"circlet_count":0,"master_deck":["AscendersBane","Strike_B","Strike_B","Strike_B","Strike_B","Defend_B","Defend_B","Defend_B","Defend_B","Zap+1","Dualcast","Rainbow","Sweeping Beam","Rebound","Steam","Barrage+1","Cold Snap"],"relics":["Cracked Core","Strawberry","Kunai"],"potions_floor_usage":[8],"damage_taken":[{"damage":0,"enemies":"2 Louse","floor":1,"turns":3},{"damage":0,"enemies":"Cultist","floor":3,"turns":3},{"damage":10,"enemies":"Jaw Worm","floor":4,"turns":2},{"damage":9,"enemies":"Large Slime","floor":5,"turns":5},{"damage":20,"enemies":"Exordium Thugs","floor":7,"turns":4},{"damage":15,"enemies":"3 Sentries","floor":8,"turns":5},{"damage":23,"enemies":"Gremlin Gang","floor":10,"turns":1}],"seed_played":"-7827713448295222712","potions_obtained":[{"floor":4,"key":"SpeedPotion"},{"floor":7,"key":"GamblersBrew"}],"is_trial":false,"path_per_floor":["M","?","M","M","M","R","M","E","T","M"],"character_chosen":"DEFECT","items_purchased":[],"campfire_rested":0,"item_purchase_floors":[],"current_hp_per_floor":[64,64,64,54,45,45,25,17,17,0],"gold":101,"neow_bonus":"THREE_RARE_CARDS","is_prod":false,"is_daily":false,"chose_seed":false,"campfire_upgraded":1,"win_rate":0,"timestamp":1551444442,"path_taken":["M","?","M","M","M","R","M","E","T","M"],"build_version":"2019-01-23","purchased_purges":0,"victory":false,"max_hp_per_floor":[71,71,71,71,71,71,71,78,78,78],"card_choices":[{"not_picked":["Multi-Cast","Meteor Strike"],"picked":"Rainbow","floor":0},{"not_picked":["Turbo","Aggregate"],"picked":"Sweeping Beam","floor":1},{"not_picked":["Reprogram","Hello World"],"picked":"Rebound","floor":3},{"not_picked":["Tempest","Aggregate"],"picked":"Steam","floor":4},{"not_picked":["Redo","Leap"],"picked":"Barrage","floor":5},{"not_picked":["Rebound","Sweeping Beam"],"picked":"Cold Snap","floor":7},{"not_picked":["White Noise","Barrage","Steam Power"],"picked":"SKIP","floor":8}],"player_experience":550567,"relics_obtained":[{"floor":8,"key":"Strawberry"},{"floor":9,"key":"Kunai"}],"event_choices":[{"damage_healed":0,"gold_gain":0,"player_choice":"Forge","damage_taken":0,"max_hp_gain":0,"max_hp_loss":0,"event_name":"Accursed Blacksmith","floor":2,"gold_loss":0,"cards_upgraded":["Zap"]}],"is_beta":false,"boss_relics":[],"items_purged_floors":[],"is_endless":false,"potions_floor_spawned":[4,7],"killed_by":"Gremlin Gang","ascension_level":20}