{"gold_per_floor":[112,112,112,112,38,69,69,98,124,124,137,154,4,15,15,120,120,139,139,139,30,41,73,73],"floor_reached":24,"playtime":774,"items_purged":[],"score":303,"play_id":"de854a16-af28-480a-9c55-53e1637baa3e","local_time":"20190302113113","is_ascension_mode":true,"campfire_choices":[{"data":"Skewer","floor":7,"key":"SMITH"},{"data":"Calculated Gamble","floor":10,"key":"SMITH"},{"floor":15,"key":"REST"}],"neow_cost":"NONE","seed_source_timestamp":1403032037265901,"circlet_count":0,"master_deck":["Defend_G","Defend_G","Defend_G","Defend_G+1","Defend_G","Survivor","Neutralize","Skewer+1","Finisher","Calculated Gamble+1","Poisoned Stab","Heel Hook","Deadly Poison","Dash","Envenom","Masterful Stab","Bite","Bite","Bite","Bite","Bite","Noxious Fumes","Masterful Stab","PiercingWail","Backstab"],"relics":["Velvet Choker","Orichalcum","Snake Skull","Bag of Preparation","Vajra","Philosopher\u0027s Stone","Bottled Tornado"],"potions_floor_usage":[8,24,24],"damage_taken":[{"damage":1,"enemies":"2 Louse","floor":1,"turns":5},{"damage":24,"enemies":"Gremlin Nob","floor":6,"turns":4},{"damage":14,"enemies":"Lagavulin","floor":8,"turns":5},{"damage":0,"enemies":"Jaw Worm","floor":11,"turns":3},{"damage":0,"enemies":"Cultist","floor":12,"turns":2},{"damage":0,"enemies":"3 Louse","floor":14,"turns":2},{"damage":17,"enemies":"Hexaghost","floor":16,"turns":9},{"damage":0,"enemies":"Chosen","floor":18,"turns":4},{"damage":6,"enemies":"3 Byrds","floor":22,"turns":3},{"damage":49,"enemies":"Book of Stabbing","floor":23,"turns":5},{"damage":6,"enemies":"Cultist and Chosen","floor":24,"turns":1}],"seed_played":"-688865767744946451","potions_obtained":[{"floor":6,"key":"Strength Potion"},{"floor":16,"key":"AttackPotion"},{"floor":18,"key":"SkillPotion"}],"is_trial":false,"path_per_floor":["M","?","?","?","$","E","R","E","T","R","M","M","$","M","R","B",null,"M","?","$","$","M","E","M"],"character_chosen":"THE_SILENT","items_purchased":["Finisher","Vajra","Noxious Fumes","Masterful Stab"],"campfire_rested":1,"item_purchase_floors":[5,13,21,21],"current_hp_per_floor":[69,69,55,55,55,31,31,17,17,17,17,17,17,17,38,21,58,58,49,49,49,45,4,0],"gold":73,"neow_bonus":"BOSS_RELIC","is_prod":false,"is_daily":false,"chose_seed":false,"campfire_upgraded":2,"win_rate":0,"timestamp":1551493873,"path_taken":["M","?","?","?","$","E","R","E","T","R","M","M","$","M","R","BOSS","M","?","?","$","M","E","M"],"build_version":"2019-01-23","purchased_purges":0,"victory":false,"max_hp_per_floor":[70,70,70,70,70,70,70,70,70,70,70,70,70,70,70,70,70,70,49,49,49,49,49,49],"card_choices":[{"not_picked":["Flying Knee","Concentrate"],"picked":"Skewer","floor":1},{"not_picked":["Outmaneuver","Quick Slash"],"picked":"Calculated Gamble","floor":6},{"not_picked":["Backflip","Concentrate"],"picked":"Poisoned Stab","floor":8},{"not_picked":["Cloak And Dagger","Blade Dance"],"picked":"Heel Hook","floor":11},{"not_picked":["Predator","Slice"],"picked":"Deadly Poison","floor":12},{"not_picked":["Quick Slash","Catalyst"],"picked":"Dash","floor":14},{"not_picked":["A Thousand Cuts","Grand Finale"],"picked":"Envenom","floor":16},{"not_picked":["Tactician","Expertise"],"picked":"Masterful Stab","floor":18},{"not_picked":["Prepared+1","Deflect"],"picked":"PiercingWail","floor":22},{"not_picked":["Backflip","Dash"],"picked":"Backstab","floor":23}],"player_experience":173421,"relics_obtained":[{"floor":6,"key":"Orichalcum"},{"floor":8,"key":"Snake Skull"},{"floor":9,"key":"Bag of Preparation"},{"floor":23,"key":"Bottled Tornado"}],"event_choices":[{"damage_healed":0,"gold_gain":0,"player_choice":"Leave","damage_taken":0,"max_hp_gain":0,"max_hp_loss":0,"event_name":"The Cleric","floor":2,"gold_loss":0},{"damage_healed":0,"gold_gain":0,"player_choice":"Entered Light","damage_taken":14,"max_hp_gain":0,"max_hp_loss":0,"event_name":"Shining Light","floor":3,"gold_loss":0,"cards_upgraded":["Strike_G","Defend_G"]},{"damage_healed":0,"gold_gain":0,"player_choice":"Ignored","damage_taken":0,"max_hp_gain":0,"max_hp_loss":0,"event_name":"Golden Wing","floor":4,"gold_loss":0},{"damage_healed":0,"gold_gain":0,"player_choice":"Became a vampire","damage_taken":0,"max_hp_gain":0,"max_hp_loss":21,"event_name":"Vampires","floor":19,"gold_loss":0,"cards_obtained":["Bite","Bite","Bite","Bite","Bite"]}],"is_beta":false,"boss_relics":[{"not_picked":["HoveringKite","Tiny House"],"picked":"Philosopher\u0027s Stone"}],"items_purged_floors":[],"is_endless":false,"potions_floor_spawned":[6,16,18],"killed_by":"Cultist and Chosen","ascension_level":5}