{"gold_per_floor":[116,128,143,163,163,163,197,197,197,209,32,57,57],"floor_reached":13,"playtime":640,"items_purged":["Defend_B"],"score":100,"play_id":"cccb7074-fc76-43c8-88e8-eeb7757dd960","local_time":"20181108005919","is_ascension_mode":true,"campfire_choices":[{"data":"Echo Form","floor":6,"key":"SMITH"},{"data":"Dualcast","floor":8,"key":"SMITH"}],"neow_cost":"NONE","seed_source_timestamp":0,"circlet_count":0,"master_deck":["Strike_B","Strike_B","Strike_B","Defend_B","Defend_B","Defend_B","Zap","Dualcast+1","Echo Form+1","Doom and Gloom","Go for the Eyes","Lockon","Redo","Leap+1","Conserve Battery+1","FTL"],"special_seed":0,"relics":["Cracked Core","Ornamental Fan","Toxic Egg 2","Matryoshka"],"potions_floor_usage":[12],"damage_taken":[{"damage":3.0,"enemies":"2 Louse","floor":1.0,"turns":2.0},{"damage":5,"enemies":"Small Slimes","floor":2,"turns":2},{"damage":1,"enemies":"Cultist","floor":3,"turns":3},{"damage":6,"enemies":"Blue Slaver","floor":4,"turns":4},{"damage":16,"enemies":"Lagavulin","floor":7,"turns":7},{"damage":0,"enemies":"2 Fungi Beasts","floor":10,"turns":3},{"damage":27,"enemies":"Gremlin Nob","floor":12,"turns":4},{"damage":12,"enemies":"Large Slime","floor":13,"turns":3}],"seed_played":"-4173239713202040904","potions_obtained":[{"floor":1,"key":"FearPotion"},{"floor":12,"key":"Swift Potion"}],"is_trial":false,"path_per_floor":["M","M","M","M","M","?","R","E","R","T","M","$","E","M"],"character_chosen":"DEFECT","items_purchased":["Conserve Battery+1","Swift Potion"],"campfire_rested":0,"item_purchase_floors":[11,11],"current_hp_per_floor":[72,67,66,60,53,53,37,37,37,37,37,10,0],"gold":57,"neow_bonus":"ONE_RANDOM_RARE_CARD","is_prod":false,"is_daily":false,"chose_seed":false,"campfire_upgraded":2,"win_rate":0,"timestamp":1541656759,"path_taken":["M","M","M","M","?","R","E","R","T","M","$","E","M"],"build_version":"2018-11-01","purchased_purges":1,"victory":false,"max_hp_per_floor":[75,75,75,75,75,75,75,75,75,75,75,75,75],"card_choices":[{"not_picked":["Compile Driver","Turbo"],"picked":"Doom and Gloom","floor":1},{"not_picked":["Beam Cell","Hologram"],"picked":"Go for the Eyes","floor":2},{"not_picked":["Beam Cell","Cold Snap","Stack"],"picked":"SKIP","floor":3},{"not_picked":["Echo Form","Gash"],"picked":"Lockon","floor":4},{"not_picked":["Genetic Algorithm","Rebound"],"picked":"Redo","floor":7},{"not_picked":["Loop","Steam+1"],"picked":"Leap+1","floor":10},{"not_picked":["Heatsinks","Genetic Algorithm+1"],"picked":"FTL","floor":12}],"player_experience":947525,"relics_obtained":[{"floor":7,"key":"Ornamental Fan"},{"floor":9,"key":"Toxic Egg 2"},{"floor":12,"key":"Matryoshka"}],"event_choices":[{"cards_removed":["Strike_B"],"damage_healed":0,"gold_gain":0,"player_choice":"Card Removal","damage_taken":7,"max_hp_gain":0,"max_hp_loss":0,"event_name":"Golden Wing","floor":5,"gold_loss":0}],"is_beta":false,"boss_relics":[],"items_purged_floors":[11],"is_endless":false,"potions_floor_spawned":[1,12],"killed_by":"Large Slime","ascension_level":1}