{"gold_per_floor":[109,124,144,319,319,319,352,379,404,443,467,467,485,505,505,630,630,655,655,655,679,697,697,697],"floor_reached":24,"playtime":4055,"items_purged":[],"score":208,"play_id":"85c83cdb-8dc6-4ccf-b2c1-d17be8b54b0e","local_time":"20190219011201","is_ascension_mode":false,"campfire_choices":[{"data":"Dagger Throw","floor":6,"key":"SMITH"},{"floor":12,"key":"REST"},{"floor":15,"key":"REST"},{"floor":23,"key":"REST"}],"neow_cost":"NONE","seed_source_timestamp":556719241436382,"circlet_count":0,"master_deck":["Defend_G","Defend_G","Defend_G","Defend_G","Defend_G","Strike_G","Strike_G","Strike_G","Strike_G","Strike_G","Survivor","Neutralize","Flying Knee","Dagger Throw+1","Blade Dance","Doubt","Injury","Infinite Blades","Infinite Blades","Die Die Die","Poisoned Stab","Calculated Gamble","Caltrops","Finisher","Corpse Explosion","Acrobatics","Bane","Bane","Unload"],"relics":["Ring of the Snake","NeowsBlessing","Golden Idol","Centennial Puzzle","Dream Catcher","Omamori","Pen Nib","WristBlade","Bag of Preparation"],"potions_floor_usage":[10,16,16,24,24],"damage_taken":[{"damage":0,"enemies":"Cultist","floor":1,"turns":1},{"damage":0,"enemies":"Jaw Worm","floor":2,"turns":1},{"damage":0,"enemies":"Small Slimes","floor":3,"turns":1},{"damage":42,"enemies":"Gremlin Nob","floor":7,"turns":5},{"damage":24,"enemies":"3 Sentries","floor":10,"turns":8},{"damage":7,"enemies":"Blue Slaver","floor":11,"turns":4},{"damage":5,"enemies":"Red Slaver","floor":13,"turns":3},{"damage":10,"enemies":"Large Slime","floor":14,"turns":5},{"damage":17,"enemies":"Hexaghost","floor":16,"turns":7},{"damage":10,"enemies":"Shell Parasite","floor":18,"turns":5},{"damage":10,"enemies":"3 Byrds","floor":21,"turns":3},{"damage":23,"enemies":"Sentry and Sphere","floor":22,"turns":4},{"damage":50,"enemies":"Book of Stabbing","floor":24,"turns":5}],"seed_played":"-937963956166042507","potions_obtained":[{"floor":2,"key":"Regen Potion"},{"floor":11,"key":"Strength Potion"},{"floor":14,"key":"Poison Potion"},{"floor":16,"key":"GamblersBrew"},{"floor":22,"key":"SpeedPotion"}],"is_trial":false,"path_per_floor":["M","?","?","T","?","?"],"character_chosen":"THE_SILENT","items_purchased":[],"campfire_rested":3,"item_purchase_floors":[],"current_hp_per_floor":[70,70,70,70,70,70,28,28,28,19,12,33,28,18,39,22,70,60,60,60,50,27,48,0],"gold":697,"neow_bonus":"THREE_ENEMY_KILL","is_prod":false,"is_daily":false,"chose_seed":false,"campfire_upgraded":1,"win_rate":0.0,"timestamp":1550513521,"path_taken":["M","?","M","?","?","R","E","?","T","E","M","R","M","M","R","BOSS","M","?","?","M","M","R","E"],"build_version":"2019-01-23","purchased_purges":0,"victory":false,"max_hp_per_floor":[70,70,70,70,70,70,70,70,70,70,70,70,70,70,70,70,70,70,70,70,70,70,70,70],"card_choices":[{"not_picked":["Underhanded Strike","Finisher"],"picked":"Flying Knee","floor":1},{"not_picked":["Dagger Spray","Predator"],"picked":"Dagger Throw","floor":2},{"not_picked":["Outmaneuver","Skewer"],"picked":"Blade Dance","floor":3},{"not_picked":["Slice","Cloak And Dagger"],"picked":"Infinite Blades","floor":7},{"not_picked":["Acrobatics","Dagger Throw"],"picked":"Infinite Blades","floor":10},{"not_picked":["Dodge and Roll","PiercingWail"],"picked":"Die Die Die","floor":11},{"not_picked":["Acrobatics","Slice"],"picked":"Poisoned Stab","floor":12},{"not_picked":["Dodge and Roll","Well Laid Plans"],"picked":"Calculated Gamble","floor":13},{"not_picked":["Infinite Blades","Flechettes"],"picked":"Caltrops","floor":14},{"not_picked":["Backflip","Slice"],"picked":"Finisher","floor":15},{"not_picked":["Doppelganger","Wraith Form v2"],"picked":"Corpse Explosion","floor":16},{"not_picked":["Infinite Blades","Calculated Gamble"],"picked":"Acrobatics","floor":18},{"not_picked":["Caltrops","Underhanded Strike"],"picked":"Bane","floor":21},{"not_picked":["Outmaneuver","Dagger Throw"],"picked":"Bane","floor":22},{"not_picked":["Tactician+1","Poisoned Stab"],"picked":"Unload","floor":23}],"player_experience":150726,"relics_obtained":[{"floor":7,"key":"Centennial Puzzle"},{"floor":8,"key":"Dream Catcher"},{"floor":9,"key":"Omamori"},{"floor":10,"key":"Pen Nib"}],"event_choices":[{"damage_healed":0,"gold_gain":175,"player_choice":"AGREE","damage_taken":0,"max_hp_gain":0,"max_hp_loss":0,"event_name":"Liars Game","floor":4,"gold_loss":0,"cards_obtained":["Doubt"]},{"damage_healed":0,"gold_gain":0,"player_choice":"Take Wound","damage_taken":0,"relics_obtained":["Golden Idol"],"max_hp_gain":0,"max_hp_loss":0,"event_name":"Golden Idol","floor":5,"gold_loss":0,"cards_obtained":["Injury"]},{"damage_healed":0,"gold_gain":0,"player_choice":"Opened","damage_taken":0,"relics_obtained":["Bag of Preparation"],"max_hp_gain":0,"max_hp_loss":0,"event_name":"The Mausoleum","floor":19,"gold_loss":0,"cards_obtained":["Writhe"]},{"damage_healed":0,"gold_gain":0,"player_choice":"Ignored","damage_taken":0,"max_hp_gain":0,"max_hp_loss":0,"event_name":"Vampires","floor":20,"gold_loss":0}],"is_beta":false,"boss_relics":[{"not_picked":["Tiny House","Lizard Tail"],"picked":"WristBlade"}],"items_purged_floors":[],"is_endless":false,"potions_floor_spawned":[2,11,14,16,22],"killed_by":"Book of Stabbing","ascension_level":0}