{"gold_per_floor":[215,229,248,259,259,284,284,459,505,505,4,24,44,59,59,156,156,141,141,141,160,160],"floor_reached":22,"playtime":2166,"items_purged":[],"score":188,"play_id":"3630365b-f7c9-48ff-802e-9cceb165fde3","local_time":"20190223003644","is_ascension_mode":false,"campfire_choices":[{"floor":7,"key":"REST"},{"floor":10,"key":"REST"},{"data":"Magnetism","floor":15,"key":"SMITH"}],"neow_cost":"NONE","seed_source_timestamp":902098061785308,"circlet_count":0,"master_deck":["Strike_R","Strike_R","Strike_R","Strike_R","Strike_R","Defend_R","Defend_R","Defend_R","Defend_R","Bash","Perfected Strike","Heavy Blade","Shrug It Off","Carnage","Regret","Metallicize","Doubt","Magnetism+1","Flex","Perfected Strike","Inflame","Limit Break","Anger+1","Thunderclap"],"relics":["Burning Blood","Ornamental Fan","Centennial Puzzle","Regal Pillow","Gambling Chip","Eternal Feather","Bag of Preparation"],"potions_floor_usage":[13,16,16,22,22],"damage_taken":[{"damage":1,"enemies":"Cultist","floor":1,"turns":3},{"damage":1,"enemies":"Jaw Worm","floor":2,"turns":4},{"damage":1,"enemies":"2 Louse","floor":3,"turns":2},{"damage":15,"enemies":"Exordium Wildlife","floor":4,"turns":5},{"damage":54,"enemies":"Lagavulin","floor":6,"turns":7},{"damage":13,"enemies":"3 Louse","floor":12,"turns":5},{"damage":5,"enemies":"2 Fungi Beasts","floor":13,"turns":3},{"damage":5,"enemies":"Red Slaver","floor":14,"turns":5},{"damage":72,"enemies":"Hexaghost","floor":16,"turns":11},{"damage":34,"enemies":"2 Thieves","floor":18,"turns":4},{"damage":19,"enemies":"Spheric Guardian","floor":21,"turns":4},{"damage":43,"enemies":"Centurion and Healer","floor":22,"turns":7}],"seed_played":"7650453658223479899","potions_obtained":[{"floor":3,"key":"Energy Potion"},{"floor":6,"key":"SteroidPotion"},{"floor":12,"key":"GamblersBrew"},{"floor":14,"key":"Regen Potion"},{"floor":18,"key":"EssenceOfSteel"},{"floor":21,"key":"Explosive Potion"}],"is_trial":false,"path_per_floor":["M","?","?","$","?","?"],"character_chosen":"IRONCLAD","items_purchased":["Gambling Chip","Magnetism"],"campfire_rested":2,"item_purchase_floors":[11,11],"current_hp_per_floor":[80,80,80,71,71,23,47,47,47,80,80,73,74,75,75,24,80,52,52,52,39,0],"gold":160,"neow_bonus":"HUNDRED_GOLD","is_prod":false,"is_daily":false,"chose_seed":false,"campfire_upgraded":1,"win_rate":0.0,"timestamp":1550857004,"path_taken":["M","?","M","M","?","E","R","?","T","R","?","M","M","M","R","BOSS","M","?","?","M","M"],"build_version":"2019-01-23","purchased_purges":0,"victory":false,"max_hp_per_floor":[80,80,80,80,80,80,80,80,80,80,80,80,80,80,80,80,80,80,80,80,80,80],"card_choices":[{"not_picked":["Feel No Pain","Body Slam"],"picked":"Perfected Strike","floor":1},{"not_picked":["Body Slam","Pummel"],"picked":"Heavy Blade","floor":2},{"not_picked":["Body Slam","Sever Soul"],"picked":"Shrug It Off","floor":3},{"not_picked":["Body Slam","Sword Boomerang"],"picked":"Carnage","floor":4},{"not_picked":["Flame Barrier","Bloodletting"],"picked":"Metallicize","floor":6},{"not_picked":["Intimidate","Warcry"],"picked":"Flex","floor":12},{"not_picked":["True Grit","Body Slam"],"picked":"Perfected Strike","floor":13},{"not_picked":["Corruption","Entrench"],"picked":"Inflame","floor":14},{"not_picked":["Juggernaut","Reaper"],"picked":"Limit Break","floor":16},{"not_picked":["Body Slam","Perfected Strike"],"picked":"Anger+1","floor":18},{"not_picked":["Pommel Strike","Shrug It Off"],"picked":"Thunderclap","floor":21}],"player_experience":197668,"relics_obtained":[{"floor":6,"key":"Centennial Puzzle"},{"floor":9,"key":"Regal Pillow"}],"event_choices":[{"damage_healed":0,"gold_gain":0,"player_choice":"Box","damage_taken":0,"relics_obtained":["Ornamental Fan"],"max_hp_gain":0,"max_hp_loss":0,"event_name":"Big Fish","floor":5,"gold_loss":0,"cards_obtained":["Regret"]},{"damage_healed":0,"gold_gain":175,"player_choice":"AGREE","damage_taken":0,"max_hp_gain":0,"max_hp_loss":0,"event_name":"Liars Game","floor":8,"gold_loss":0,"cards_obtained":["Doubt"]},{"damage_healed":0,"gold_gain":0,"player_choice":"Opened","damage_taken":0,"relics_obtained":["Bag of Preparation"],"max_hp_gain":0,"max_hp_loss":0,"event_name":"The Mausoleum","floor":19,"gold_loss":0},{"damage_healed":0,"gold_gain":0,"player_choice":"Ignored","damage_taken":0,"max_hp_gain":0,"max_hp_loss":0,"event_name":"Ghosts","floor":20,"gold_loss":0}],"is_beta":false,"boss_relics":[{"not_picked":["Runic Cube","Astrolabe"],"picked":"Eternal Feather"}],"items_purged_floors":[],"is_endless":false,"potions_floor_spawned":[3,6,12,14,18,21],"killed_by":"Centurion and Healer","ascension_level":0}