{"gold_per_floor":[118,137,150,169,169,169,169,183,183,219,233,233],"floor_reached":12,"playtime":605,"items_purged":[],"score":82,"play_id":"47dac501-4794-45be-99a5-7c7d2946ae10","local_time":"20180708140945","is_ascension_mode":false,"campfire_choices":[],"neow_cost":"","seed_source_timestamp":9275880601891,"circlet_count":0,"master_deck":["Strike_R","Strike_R","Strike_R","Strike_R","Strike_R","Defend_R","Defend_R","Defend_R","Defend_R","Bash","Perfected Strike+1","Perfected Strike+1","Shrug It Off","Intimidate","Regret","Power Through","True Grit"],"relics":["Burning Blood","Golden Idol","Strawberry","Paper Frog","Dream Catcher","Whetstone"],"potions_floor_usage":[10],"damage_taken":[{"damage":6,"enemies":"Cultist","floor":1,"turns":4},{"damage":6,"enemies":"Jaw Worm","floor":2,"turns":4},{"damage":0,"enemies":"2 Louse","floor":3,"turns":2},{"damage":5,"enemies":"Looter","floor":4,"turns":3},{"damage":9,"enemies":"2 Fungi Beasts","floor":8,"turns":3},{"damage":49,"enemies":"Gremlin Nob","floor":10,"turns":5},{"damage":13,"enemies":"3 Louse","floor":11,"turns":5},{"damage":0,"enemies":"3 Sentries","floor":12,"turns":1}],"seed_played":"-4858944151230935724","potions_obtained":[{"floor":4,"key":"GamblersBrew"},{"floor":8,"key":"Explosive Potion"},{"floor":11,"key":"Dexterity Potion"}],"is_trial":false,"path_per_floor":["M","M","M","M","?","?","?","M","T","E","M"],"character_chosen":"IRONCLAD","items_purchased":[],"campfire_rested":0,"item_purchase_floors":[],"current_hp_per_floor":[80,80,80,80,60,67,60,57,57,14,7,7],"gold":233,"neow_bonus":"","is_prod":false,"is_daily":false,"chose_seed":false,"campfire_upgraded":0,"win_rate":0.0,"timestamp":1531073385,"path_taken":["M","M","M","M","?","?","?","M","T","E","M","E"],"build_version":"2018-07-05","purchased_purges":0,"victory":false,"max_hp_per_floor":[80,80,80,80,80,87,87,87,87,87,87,87],"card_choices":[{"not_picked":["Headbutt","Wild Strike"],"picked":"Perfected Strike","floor":1},{"not_picked":["Hemokinesis","Clothesline"],"picked":"Perfected Strike","floor":2},{"not_picked":["Fire Breathing","Havoc"],"picked":"Shrug It Off","floor":3},{"not_picked":["Inflame","Power Through"],"picked":"Intimidate","floor":4},{"not_picked":["Rage","Rupture","Shrug It Off"],"picked":"SKIP","floor":8},{"not_picked":["Pommel Strike","Whirlwind"],"picked":"Power Through","floor":10},{"not_picked":["Double Tap","Anger"],"picked":"True Grit","floor":11}],"player_experience":100687,"relics_obtained":[{"floor":9,"key":"Dream Catcher"},{"floor":10,"key":"Whetstone"}],"event_choices":[{"event_name":"Golden Idol","player_choice":"Take Damage","floor":5,"damage_taken":0},{"event_name":"Big Fish","player_choice":"Box","floor":6,"damage_taken":0},{"event_name":"Scrap Ooze","player_choice":"success","floor":7,"damage_taken":7}],"boss_relics":[],"items_purged_floors":[],"is_endless":false,"potions_floor_spawned":[4,8,11],"killed_by":"3 Sentries","ascension_level":0}