{"path_per_floor":["M","M","$","M","M","E","M","M","T","R","E","$","?","M","R","B",null,"M","$","M","$","M","E","R","?","T","R","T","E"],"character_chosen":"IRONCLAD","items_purchased":["Sword Boomerang","Inflame","Shockwave","Molten Egg 2","Shrug It Off","Flex","Ice Cream","Heavy Blade+1","Heavy Blade+1"],"gold_per_floor":[144,189,10,55,100,190,235,280,280,280,370,19,19,64,64,364,364,409,9,54,1,46,136,136,136,211,241,241,331,331],"floor_reached":30,"campfire_rested":2,"playtime":692,"item_purchase_floors":[3,3,3,12,12,12,19,19,21],"current_hp_per_floor":[76,80,80,76,59,40,27,23,23,47,19,19,19,24,48,31,80,57,57,51,51,62,43,43,43,43,43,43,18,0],"items_purged":["Juggernaut"],"gold":331,"score":380,"play_id":"46fbc656-6c8d-42b8-811d-c0a762590c6f","local_time":"20180529035845","daily_mods":["Specialized","Midas","Lethality"],"is_prod":false,"is_daily":true,"chose_seed":false,"is_ascension_mode":false,"campfire_upgraded":0,"win_rate":0,"timestamp":1527523125,"campfire_choices":[{"floor":10,"key":"REST"},{"floor":15,"key":"REST"},{"floor":24,"key":"DIG"},{"floor":27,"key":"DIG"}],"path_taken":["M","M","$","M","M","E","M","M","T","R","E","$","?","M","R","BOSS","M","$","M","$","M","E","R","?","T","R","?","E","M"],"build_version":"2018-05-27","seed_source_timestamp":0,"purchased_purges":1,"victory":false,"master_deck":["Strike_R","Strike_R","Strike_R","Strike_R","Strike_R","Defend_R","Defend_R","Defend_R","Defend_R","Bash","Juggernaut","Juggernaut","Juggernaut","Juggernaut","Heavy Blade","Flex","Sword Boomerang","Inflame","Shockwave","Flex","Flex","Spot Weakness","Flex","Cleave","Bludgeon","Shrug It Off","Flex","Inflame","Immolate+1","Armaments","Heavy Blade+1","Warcry","Heavy Blade+1","Armaments+1","Flex+1","Limit Break","Clumsy","Writhe","Immolate+1"],"max_hp_per_floor":[80,80,80,80,80,80,80,80,80,80,80,80,80,80,80,80,80,80,80,80,80,80,80,80,80,80,80,80,80,80],"relics":["Burning Blood","Shovel","Paper Frog","Happy Flower","Molten Egg 2","Cursed Key","Ice Cream","Lantern","Vajra","Frozen Egg 2","Tiny Chest","Dodecahedron","Shuriken"],"card_choices":[{"not_picked":["Body Slam","Twin Strike"],"picked":"Heavy Blade","floor":1},{"not_picked":["Thunderclap","Body Slam"],"picked":"Flex","floor":2},{"not_picked":["Dual Wield","Thunderclap"],"picked":"Flex","floor":4},{"not_picked":["True Grit","Exhume"],"picked":"Flex","floor":5},{"not_picked":["Second Wind","Sentinel"],"picked":"Spot Weakness","floor":6},{"not_picked":["Burning Pact","True Grit"],"picked":"Flex","floor":7},{"not_picked":["Spot Weakness","Perfected Strike"],"picked":"Cleave","floor":8},{"not_picked":["Intimidate","Fiend Fire"],"picked":"Bludgeon","floor":11},{"not_picked":["Evolve","Bloodletting"],"picked":"Inflame","floor":14},{"not_picked":["Fiend Fire+1","Brutality"],"picked":"Immolate+1","floor":16},{"not_picked":["Burning Pact","Entrench"],"picked":"Armaments","floor":18},{"not_picked":["True Grit+1","Clash+1"],"picked":"Warcry","floor":20},{"not_picked":["Thunderclap+1","Headbutt+1"],"picked":"Armaments+1","floor":22},{"not_picked":["Armaments+1","Rage+1"],"picked":"Flex+1","floor":23},{"not_picked":["Shockwave","Burning Pact"],"picked":"Immolate+1","floor":29}],"player_experience":295062,"potions_floor_usage":[6,6,8,11,11,11,22,23,23,30],"damage_taken":[{"damage":10,"enemies":"2 Louse","floor":1,"turns":2},{"damage":0,"enemies":"Small Slimes","floor":2,"turns":3},{"damage":10,"enemies":"Jaw Worm","floor":4,"turns":2},{"damage":23,"enemies":"Exordium Thugs","floor":5,"turns":3},{"damage":25,"enemies":"Lagavulin","floor":6,"turns":4},{"damage":19,"enemies":"3 Louse","floor":7,"turns":2},{"damage":15,"enemies":"Blue Slaver","floor":8,"turns":2},{"damage":34,"enemies":"3 Sentries","floor":11,"turns":4},{"damage":1,"enemies":"Exordium Wildlife","floor":14,"turns":3},{"damage":23,"enemies":"Slime Boss","floor":16,"turns":8},{"damage":29,"enemies":"2 Thieves","floor":18,"turns":4},{"damage":12,"enemies":"Shell Parasite","floor":20,"turns":4},{"damage":3,"enemies":"Snecko","floor":22,"turns":3},{"damage":25,"enemies":"Slavers","floor":23,"turns":2},{"damage":31,"enemies":"Book of Stabbing","floor":29,"turns":3},{"damage":20,"enemies":"Snake Plant","floor":30,"turns":1}],"relics_obtained":[{"floor":6,"key":"Shovel"},{"floor":9,"key":"Paper Frog"},{"floor":11,"key":"Happy Flower"},{"floor":23,"key":"Lantern"},{"floor":24,"key":"Vajra"},{"floor":26,"key":"Frozen Egg 2"},{"floor":27,"key":"Tiny Chest"},{"floor":28,"key":"Dodecahedron"},{"floor":29,"key":"Shuriken"}],"event_choices":[{"event_name":"Liars Game","player_choice":"disagreed","floor":13,"damage_taken":0},{"event_name":"The Library","player_choice":"Read","floor":25,"damage_taken":0}],"boss_relics":[{"not_picked":["Tiny House","Orrery"],"picked":"Cursed Key"}],"items_purged_floors":[19],"potions_floor_spawned":[1,6,8,14,16,20,23,29],"seed_played":"-5471505413937297899","killed_by":"Snake Plant","ascension_level":0,"potions_obtained":[{"floor":1,"key":"EntropicBrew"},{"floor":6,"key":"Regen Potion"},{"floor":8,"key":"Strength Potion"},{"floor":14,"key":"Ancient Potion"},{"floor":16,"key":"BloodPotion"},{"floor":20,"key":"Dexterity Potion"},{"floor":23,"key":"Ancient Potion"},{"floor":29,"key":"GamblersBrew"}],"is_trial":false}