{"path_per_floor":["M","?","?","M","M","E","R","E","T","M","R","?","?","M","R","B",null,"M","?","M"],"character_chosen":"DEFECT","items_purchased":[],"gold_per_floor":[365,365,315,336,354,388,388,422,449,464,464,464,464,487,487,617,617,636,636,649,649],"floor_reached":21,"campfire_rested":3,"playtime":597,"item_purchase_floors":[],"current_hp_per_floor":[63,46,46,39,37,11,31,6,6,5,25,25,25,23,43,23,68,53,53,46,0],"items_purged":[],"gold":649,"score":227,"play_id":"ea87b273-c3b7-4ab8-b0d3-d4aac43fe7d2","local_time":"20180529041756","is_prod":false,"is_daily":false,"chose_seed":false,"is_ascension_mode":true,"campfire_upgraded":0,"win_rate":0,"timestamp":1527524276,"campfire_choices":[{"floor":7,"key":"REST"},{"floor":11,"key":"REST"},{"floor":15,"key":"REST"}],"path_taken":["M","?","?","?","M","E","R","E","T","M","R","?","?","M","R","BOSS","M","?","M","?"],"build_version":"2018-05-27","seed_source_timestamp":18987850050424,"purchased_purges":0,"victory":false,"master_deck":["Strike_B+1","Strike_B","Defend_B","Defend_B","Defend_B","Defend_B","Zap","Dualcast","Steam","Hologram","White Noise","Ball Lightning+1","Leap","Leap","Capacitor","Normality","White Noise+1","Seek+1","Go for the Eyes+1","Conserve Battery+1"],"max_hp_per_floor":[68,68,68,68,68,68,68,68,68,68,68,68,68,68,68,68,68,68,68,68,68],"relics":["Cracked Core","Golden Idol","Boot","Whetstone","Bag of Marbles","Toxic Egg 2","Cursed Key"],"card_choices":[{"not_picked":["Barrage","Rip and Tear"],"picked":"Steam","floor":1},{"not_picked":["Steam","Scrape"],"picked":"Hologram","floor":4},{"not_picked":["Hologram","Redo"],"picked":"White Noise","floor":5},{"not_picked":["Compile Driver","Barrage"],"picked":"Ball Lightning","floor":6},{"not_picked":["Capacitor","Ball Lightning"],"picked":"Leap","floor":8},{"not_picked":["Sweeping Beam","Stack"],"picked":"Leap","floor":10},{"not_picked":["Fission+1","FTL"],"picked":"White Noise+1","floor":14},{"not_picked":["Amplify+1","Echo Form"],"picked":"Seek+1","floor":16},{"not_picked":["Steam+1","Turbo+1"],"picked":"Go for the Eyes+1","floor":18},{"not_picked":["Recycle+1","Rip and Tear"],"picked":"Conserve Battery+1","floor":20}],"player_experience":296272,"potions_floor_usage":[6,6,16,16],"damage_taken":[{"damage":5,"enemies":"Small Slimes","floor":1,"turns":2},{"damage":7,"enemies":"2 Louse","floor":4,"turns":2},{"damage":2,"enemies":"Jaw Worm","floor":5,"turns":4},{"damage":26,"enemies":"Gremlin Nob","floor":6,"turns":4},{"damage":25,"enemies":"Lagavulin","floor":8,"turns":6},{"damage":1,"enemies":"2 Fungi Beasts","floor":10,"turns":3},{"damage":2,"enemies":"3 Louse","floor":14,"turns":2},{"damage":20,"enemies":"Slime Boss","floor":16,"turns":8},{"damage":15,"enemies":"Shell Parasite","floor":18,"turns":4},{"damage":7,"enemies":"Spheric Guardian","floor":20,"turns":4},{"damage":58,"enemies":"Chosen and Byrds","floor":21,"turns":8}],"relics_obtained":[{"floor":6,"key":"Boot"},{"floor":8,"key":"Whetstone"},{"floor":9,"key":"Bag of Marbles"}],"event_choices":[{"event_name":"Golden Idol","player_choice":"Take Damage","floor":2,"damage_taken":0},{"event_name":"The Cleric","player_choice":"Card Removal","floor":3,"damage_taken":0},{"event_name":"Transmorgrifier","player_choice":"Transform","floor":12,"damage_taken":0},{"event_name":"Accursed Blacksmith","player_choice":"Rummage","floor":13,"damage_taken":0},{"event_name":"Ghosts","player_choice":"Ignored","floor":19,"damage_taken":0}],"boss_relics":[{"not_picked":["Ectoplasm","Philosopher\u0027s Stone"],"picked":"Cursed Key"}],"items_purged_floors":[],"potions_floor_spawned":[4,5,8,14,18],"seed_played":"3325583929361542626","killed_by":"Chosen and Byrds","ascension_level":4,"potions_obtained":[{"floor":4,"key":"SkillPotion"},{"floor":5,"key":"Fire Potion"},{"floor":8,"key":"SkillPotion"},{"floor":14,"key":"Fire Potion"},{"floor":18,"key":"FearPotion"}],"is_trial":false}