{"gold_per_floor":[119,131,21,21,37,69,69,69,92,92,111,130,130,147,147,252,252,265,275,289,289],"floor_reached":21,"playtime":2661,"items_purged":["Strike_G"],"score":183,"play_id":"71fd58f5-80fc-4adc-99c2-d95f548c102e","local_time":"20180723014807","is_ascension_mode":false,"campfire_choices":[{"floor":7,"key":"REST"},{"data":"Setup","floor":10,"key":"SMITH"},{"data":"Bullet Time","floor":13,"key":"SMITH"},{"floor":15,"key":"REST"}],"neow_cost":"TEN_PERCENT_HP_LOSS","seed_source_timestamp":46317698968015,"circlet_count":0,"master_deck":["Defend_G","Defend_G","Defend_G","Strike_G","Strike_G","Strike_G","Survivor","Neutralize","Bane","Backflip","Setup+1","Dash","Dodge and Roll","Infinite Blades","Reflex","Bullet Time+1","Quick Slash+1","Grand Finale+1","Dagger Throw+1","Quick Slash+1"],"relics":["Ring of the Snake","Boot","Molten Egg 2","Centennial Puzzle","HoveringKite"],"potions_floor_usage":[16,16,19,20],"damage_taken":[{"damage":1,"enemies":"Cultist","floor":1,"turns":5},{"damage":0,"enemies":"2 Louse","floor":2,"turns":3},{"damage":3,"enemies":"Jaw Worm","floor":5,"turns":3},{"damage":23,"enemies":"Lagavulin","floor":6,"turns":8},{"damage":1,"enemies":"Looter","floor":11,"turns":4},{"damage":0,"enemies":"2 Fungi Beasts","floor":12,"turns":4},{"damage":13,"enemies":"Red Slaver","floor":14,"turns":5},{"damage":39,"enemies":"Slime Boss","floor":16,"turns":14},{"damage":5,"enemies":"Chosen","floor":18,"turns":6},{"damage":13,"enemies":"3 Byrds","floor":19,"turns":6},{"damage":19,"enemies":"Cultist and Chosen","floor":20,"turns":7},{"damage":28,"enemies":"3 Cultists","floor":21,"turns":6}],"seed_played":"4697364321639568790","potions_obtained":[{"floor":11,"key":"LiquidBronze"},{"floor":12,"key":"Energy Potion"},{"floor":16,"key":"SpeedPotion"},{"floor":19,"key":"AttackPotion"}],"is_trial":false,"path_per_floor":["M","M","$","?","M","E","R","?","T","R","M","M","R","M","R","B",null,"M","M","M"],"character_chosen":"THE_SILENT","items_purchased":["Setup"],"campfire_rested":2,"item_purchase_floors":[3],"current_hp_per_floor":[62,62,62,55,52,29,47,47,47,47,46,46,46,33,51,12,63,58,45,26,0],"gold":289,"neow_bonus":"REMOVE_TWO","is_prod":false,"is_daily":false,"chose_seed":false,"campfire_upgraded":2,"win_rate":0,"timestamp":1532324887,"path_taken":["M","M","$","?","M","E","R","?","T","R","M","M","R","M","R","BOSS","M","M","M","M"],"build_version":"2018-07-19v2","purchased_purges":1,"victory":false,"max_hp_per_floor":[63,63,63,63,63,63,63,63,63,63,63,63,63,63,63,63,63,63,63,63,63],"card_choices":[{"not_picked":["Dagger Spray","PiercingWail"],"picked":"Bane","floor":1},{"not_picked":["Acrobatics","Dash"],"picked":"Backflip","floor":2},{"not_picked":["Choke","PiercingWail"],"picked":"Dash","floor":5},{"not_picked":["Slice","Deflect"],"picked":"Dodge and Roll","floor":6},{"not_picked":["Endless Agony+1","Calculated Gamble"],"picked":"Reflex","floor":11},{"not_picked":["Prepared","Acrobatics"],"picked":"Bullet Time","floor":12},{"not_picked":["PiercingWail","Sucker Punch+1"],"picked":"Quick Slash+1","floor":14},{"not_picked":["Tools of the Trade","Storm of Steel"],"picked":"Grand Finale+1","floor":16},{"not_picked":["Sucker Punch+1","Deadly Poison"],"picked":"Dagger Throw+1","floor":18},{"not_picked":["Calculated Gamble","Escape Plan+1"],"picked":"Quick Slash+1","floor":19},{"not_picked":["Cloak And Dagger","Quick Slash+1","PiercingWail"],"picked":"SKIP","floor":20}],"player_experience":231637,"relics_obtained":[{"floor":6,"key":"Molten Egg 2"},{"floor":9,"key":"Centennial Puzzle"}],"event_choices":[{"event_name":"Scrap Ooze","player_choice":"success","floor":4,"damage_taken":7},{"event_name":"Living Wall","player_choice":"Change","floor":8,"damage_taken":0}],"is_beta":false,"boss_relics":[{"not_picked":["Calling Bell","Astrolabe"],"picked":"HoveringKite"}],"items_purged_floors":[3],"is_endless":false,"potions_floor_spawned":[11,12,16,19],"killed_by":"3 Cultists","ascension_level":0}