{"gold_per_floor":[360,242,254,4,23,56,56,121,146,164,180,210,210,47,47,124,124,137,52,52,66,66,66,91,91,91,91,120,138,30,30,30,103,103,122,138,138,138,138,138],"floor_reached":40,"playtime":3566,"items_purged":["Doubt"],"score":880,"play_id":"9178af74-6843-422d-b38c-1db4aa07e301","local_time":"20190221233504","is_ascension_mode":true,"campfire_choices":[{"data":"Apotheosis","floor":7,"key":"SMITH"},{"data":"Uppercut","floor":15,"key":"SMITH"},{"data":"Whirlwind","floor":23,"key":"SMITH"},{"data":"True Grit","floor":25,"key":"SMITH"},{"data":"Battle Trance","floor":27,"key":"SMITH"},{"floor":32,"key":"REST"}],"neow_cost":"CURSE","seed_source_timestamp":14244128058514,"circlet_count":0,"master_deck":["AscendersBane","Strike_R","Strike_R","Strike_R","Strike_R","Defend_R","Defend_R","Defend_R","Defend_R","Bash","Cleave+1","Metallicize","Whirlwind+1","Apotheosis+1","Battle Trance+1","Fiend Fire+1","Shrug It Off","Evolve","Shrug It Off","Inflame+1","Headbutt","True Grit+1","Uppercut+1","Feed","Anger","Offering"],"relics":["Burning Blood","Lantern","Tiny Chest","Whetstone","Boot","Eternal Feather","Pen Nib","Anchor","Paper Frog","Meat on the Bone","Busted Crown"],"potions_floor_usage":[6,16,18,24,28,33,33,40],"damage_taken":[{"damage":23,"enemies":"Jaw Worm","floor":1,"turns":7},{"damage":1,"enemies":"Cultist","floor":3,"turns":3},{"damage":7,"enemies":"2 Louse","floor":5,"turns":2},{"damage":10,"enemies":"Lagavulin","floor":6,"turns":7},{"damage":4,"enemies":"Gremlin Nob","floor":8,"turns":3},{"damage":10,"enemies":"Large Slime","floor":10,"turns":5},{"damage":4,"enemies":"3 Louse","floor":11,"turns":3},{"damage":7,"enemies":"3 Sentries","floor":12,"turns":4},{"damage":18,"enemies":"Hexaghost","floor":16,"turns":7},{"damage":0,"enemies":"3 Byrds","floor":18,"turns":3},{"damage":16,"enemies":"Shell Parasite","floor":21,"turns":7},{"damage":20,"enemies":"Gremlin Leader","floor":24,"turns":3},{"damage":26,"enemies":"Slavers","floor":28,"turns":8},{"damage":29,"enemies":"Centurion and Healer","floor":29,"turns":11},{"damage":71,"enemies":"Collector","floor":33,"turns":9},{"damage":0,"enemies":"3 Shapes","floor":35,"turns":8},{"damage":0,"enemies":"Orb Walker","floor":36,"turns":1},{"damage":75,"enemies":"Reptomancer","floor":40,"turns":4}],"seed_played":"1755797621192510116","potions_obtained":[{"floor":3,"key":"Energy Potion"},{"floor":6,"key":"Weak Potion"},{"floor":16,"key":"SkillPotion"},{"floor":21,"key":"SkillPotion"},{"floor":35,"key":"Explosive Potion"}],"is_trial":false,"path_per_floor":["M","$","M","$","M","E","R","E","T","M","M","E","?","$","R","B",null,"M","?","?","M","$","R","E","R","T","R","E","M","$","?","R","B",null,"M","M","?","?","$","E"],"character_chosen":"IRONCLAD","items_purchased":["Metallicize","Apotheosis","Strength Potion","Headbutt","True Grit","Uppercut","PowerPotion","PowerPotion"],"campfire_rested":1,"item_purchase_floors":[2,4,4,14,14,14,30,30],"current_hp_per_floor":[51,51,56,56,55,51,51,53,53,49,51,50,50,50,50,38,66,76,76,76,66,66,79,65,79,79,79,59,52,52,52,83,30,70,79,85,75,75,75,0],"gold":138,"neow_bonus":"TWO_FIFTY_GOLD","is_prod":false,"is_daily":false,"chose_seed":false,"campfire_upgraded":5,"win_rate":0,"timestamp":1550745304,"path_taken":["M","$","M","$","M","E","R","E","T","M","M","E","?","?","R","BOSS","M","?","?","M","$","R","E","R","T","R","E","M","$","?","R","BOSS","M","M","?","?","$","E"],"build_version":"2019-01-23","purchased_purges":1,"victory":false,"max_hp_per_floor":[75,75,75,75,75,75,75,75,75,75,75,75,75,75,75,75,75,79,79,79,79,79,79,79,79,79,79,79,83,83,83,83,83,83,86,86,86,82,82,82],"card_choices":[{"not_picked":["Warcry","Metallicize"],"picked":"Cleave","floor":1},{"not_picked":["Bloodletting","Shrug It Off"],"picked":"Whirlwind","floor":3},{"not_picked":["True Grit","Iron Wave"],"picked":"Battle Trance","floor":5},{"not_picked":["Flex","Twin Strike"],"picked":"Fiend Fire","floor":6},{"not_picked":["Twin Strike","Sword Boomerang"],"picked":"Shrug It Off","floor":8},{"not_picked":["Feel No Pain","Anger"],"picked":"Evolve","floor":10},{"not_picked":["True Grit","Ghostly Armor"],"picked":"Shrug It Off","floor":11},{"not_picked":["Power Through","Sword Boomerang"],"picked":"Inflame","floor":12},{"not_picked":["Bludgeon","Exhume"],"picked":"Feed","floor":16},{"not_picked":["Havoc","Clash","Headbutt"],"picked":"SKIP","floor":18},{"not_picked":["Sword Boomerang","Burning Pact","Pommel Strike"],"picked":"SKIP","floor":21},{"not_picked":["Twin Strike","Wild Strike"],"picked":"Anger","floor":24},{"not_picked":["Cleave","Wild Strike","Uppercut+1"],"picked":"SKIP","floor":28},{"not_picked":["Wild Strike","Cleave","Rupture"],"picked":"SKIP","floor":29},{"not_picked":["Reaper","Immolate"],"picked":"Offering","floor":33},{"not_picked":["Searing Blow"],"picked":"SKIP","floor":35},{"not_picked":["Pommel Strike"],"picked":"SKIP","floor":36}],"player_experience":392085,"relics_obtained":[{"floor":6,"key":"Lantern"},{"floor":8,"key":"Tiny Chest"},{"floor":9,"key":"Whetstone"},{"floor":12,"key":"Boot"},{"floor":24,"key":"Anchor"},{"floor":26,"key":"Paper Frog"},{"floor":28,"key":"Meat on the Bone"}],"event_choices":[{"damage_healed":0,"gold_gain":0,"player_choice":"Forge","damage_taken":0,"max_hp_gain":0,"max_hp_loss":0,"event_name":"Accursed Blacksmith","floor":13,"gold_loss":0,"cards_upgraded":["Inflame"]},{"damage_healed":0,"gold_gain":0,"player_choice":"Obtained Relic","damage_taken":0,"relics_obtained":["Pen Nib"],"max_hp_gain":0,"max_hp_loss":0,"event_name":"Addict","floor":19,"gold_loss":85},{"damage_healed":0,"gold_gain":0,"player_choice":"Ignored","damage_taken":0,"max_hp_gain":0,"max_hp_loss":0,"event_name":"Ghosts","floor":20,"gold_loss":0},{"cards_removed":["Strike_R"],"damage_healed":0,"gold_gain":0,"player_choice":"Elegance","damage_taken":0,"max_hp_gain":0,"max_hp_loss":0,"event_name":"Back to Basics","floor":31,"gold_loss":0},{"damage_healed":0,"gold_gain":0,"player_choice":"Memory 3","damage_taken":10,"max_hp_gain":0,"max_hp_loss":0,"event_name":"SensoryStone","floor":37,"gold_loss":0},{"damage_healed":0,"gold_gain":0,"player_choice":"Max HP","damage_taken":0,"max_hp_gain":0,"max_hp_loss":4,"event_name":"Winding Halls","floor":38,"gold_loss":0}],"is_beta":false,"boss_relics":[{"not_picked":["Calling Bell","Orrery"],"picked":"Eternal Feather"},{"not_picked":["Empty Cage","Runic Pyramid"],"picked":"Busted Crown"}],"items_purged_floors":[2],"is_endless":false,"potions_floor_spawned":[3,6,12,16,21,35],"killed_by":"Reptomancer","ascension_level":20}