{"gold_per_floor":[219,237,63,73,17,17,44,44,44,78,78],"floor_reached":11,"playtime":640,"items_purged":[],"score":162,"play_id":"fb22b74f-eb95-4308-80da-2924c4bc3c01","local_time":"20190223001656","is_ascension_mode":true,"campfire_choices":[{"data":"Armaments","floor":6,"key":"SMITH"},{"data":"Bash","floor":8,"key":"SMITH"}],"neow_cost":"NONE","seed_source_timestamp":23522254631928,"circlet_count":0,"master_deck":["AscendersBane","Strike_R","Strike_R","Strike_R","Strike_R","Strike_R","Defend_R","Defend_R","Defend_R","Defend_R","Bash+1","Armaments+1","Fiend Fire","Disarm","Pommel Strike","Spot Weakness","Battle Trance"],"relics":["Burning Blood","Torii","FossilizedHelix","Strawberry"],"potions_floor_usage":[2],"damage_taken":[{"damage":1,"enemies":"Cultist","floor":1,"turns":3},{"damage":4,"enemies":"Small Slimes","floor":2,"turns":5},{"damage":7,"enemies":"Jaw Worm","floor":4,"turns":3},{"damage":51,"enemies":"3 Sentries","floor":7,"turns":12},{"damage":16,"enemies":"Lagavulin","floor":10,"turns":9},{"damage":52,"enemies":"Gremlin Nob","floor":11,"turns":4}],"seed_played":"426027591333048263","potions_obtained":[{"floor":2,"key":"Fruit Juice"}],"is_trial":false,"path_per_floor":["M","M","$","M","$","R","E","R","T","E","?"],"character_chosen":"IRONCLAD","items_purchased":["Fiend Fire","Pommel Strike"],"campfire_rested":0,"item_purchase_floors":[3,5],"current_hp_per_floor":[73,80,80,79,79,79,34,34,34,31,0],"gold":78,"neow_bonus":"HUNDRED_GOLD","is_prod":false,"is_daily":false,"chose_seed":false,"campfire_upgraded":2,"win_rate":0,"timestamp":1550834216,"path_taken":["M","M","$","M","?","R","E","R","T","E","?"],"build_version":"2019-01-23","purchased_purges":0,"victory":false,"max_hp_per_floor":[75,80,80,80,80,80,80,80,80,87,87],"card_choices":[{"not_picked":["Thunderclap","True Grit"],"picked":"Armaments","floor":1},{"not_picked":["Havoc","Infernal Blade","Sentinel"],"picked":"SKIP","floor":2},{"not_picked":["Seeing Red","Pommel Strike"],"picked":"Disarm","floor":4},{"not_picked":["True Grit","Combust"],"picked":"Spot Weakness","floor":7},{"not_picked":["Flame Barrier","Sword Boomerang"],"picked":"Battle Trance","floor":10}],"player_experience":416546,"relics_obtained":[{"floor":7,"key":"Torii"},{"floor":9,"key":"FossilizedHelix"},{"floor":10,"key":"Strawberry"}],"event_choices":[{"damage_healed":0,"gold_gain":0,"player_choice":"Searched \u00271\u0027 times","damage_taken":0,"max_hp_gain":0,"max_hp_loss":0,"event_name":"Dead Adventurer","floor":11,"gold_loss":0}],"is_beta":false,"boss_relics":[],"items_purged_floors":[],"is_endless":false,"potions_floor_spawned":[2],"killed_by":"Gremlin Nob","ascension_level":20}