{"gold_per_floor":[212,223,158,58,78,78,107,117,140,167,178,191,191,207,207,286,286,302,320,320,370,370,370,120,145,195,210,38,68,80,118,130,220,232,254,266,278,290,313,360,372,395,407,147,147,179,72,87,87,87,87,87,87,30,58,58],"floor_reached":56,"playtime":4938,"items_purged":["Strike_R","Defend_R","Defend_R"],"score":1996,"play_id":"16a2babc-626a-4514-bab3-2793df2fc1b0","local_time":"20190223222454","is_ascension_mode":true,"campfire_choices":[{"data":"Bash","floor":6,"key":"SMITH"},{"data":"Hemokinesis","floor":13,"key":"SMITH"},{"data":"Pommel Strike","floor":15,"key":"SMITH"},{"data":"Immolate","floor":23,"key":"SMITH"},{"data":"Shockwave","floor":30,"key":"SMITH"},{"data":"True Grit","floor":32,"key":"SMITH"},{"data":"Demon Form","floor":41,"key":"SMITH"},{"floor":49,"key":"RECALL"},{"data":"Apotheosis","floor":53,"key":"SMITH"}],"neow_cost":"NONE","seed_source_timestamp":16238915612026,"circlet_count":0,"master_deck":["AscendersBane","Defend_R","Defend_R","Bash+1","Shrug It Off","Flame Barrier","Anger","Clothesline","Pommel Strike+1","Shrug It Off","Hemokinesis+1","Battle Trance","Shockwave+1","Cleave","Immolate+1","Flame Barrier","Armaments+1","Bite+1","Bite","Bite","Bite+1","Evolve","Headbutt","Offering","True Grit+1","Demon Form+1","Iron Wave+1","Shrug It Off","Pummel","Uppercut","True Grit","Apotheosis+1","True Grit","Disarm","Pommel Strike+1"],"relics":["Burning Blood","Smiling Mask","PreservedInsect","Oddly Smooth Stone","Velvet Choker","Bronze Scales","Magic Flower","Pen Nib","Bag of Marbles","MawBank","Whetstone","Runic Cube","Art of War","Girya","Happy Flower","Meat on the Bone","Ornamental Fan"],"potions_floor_usage":[16,16,25,33,33,40,51,55],"damage_taken":[{"damage":7,"enemies":"Small Slimes","floor":1,"turns":4},{"damage":10,"enemies":"Cultist","floor":2,"turns":5},{"damage":4,"enemies":"Jaw Worm","floor":5,"turns":5},{"damage":35,"enemies":"Lagavulin","floor":7,"turns":9},{"damage":6,"enemies":"Blue Slaver","floor":8,"turns":5},{"damage":8,"enemies":"Gremlin Nob","floor":10,"turns":3},{"damage":3,"enemies":"3 Louse","floor":11,"turns":5},{"damage":13,"enemies":"Exordium Thugs","floor":12,"turns":4},{"damage":1,"enemies":"Red Slaver","floor":14,"turns":3},{"damage":23,"enemies":"Slime Boss","floor":16,"turns":8},{"damage":6,"enemies":"Shell Parasite","floor":18,"turns":5},{"damage":2,"enemies":"Chosen","floor":19,"turns":4},{"damage":10,"enemies":"Book of Stabbing","floor":25,"turns":4},{"damage":5,"enemies":"Centurion and Healer","floor":27,"turns":5},{"damage":19,"enemies":"Slavers","floor":29,"turns":5},{"damage":9,"enemies":"Gremlin Leader","floor":31,"turns":4},{"damage":62,"enemies":"Collector","floor":33,"turns":9},{"damage":3,"enemies":"Orb Walker","floor":35,"turns":2},{"damage":2,"enemies":"3 Shapes","floor":39,"turns":2},{"damage":23,"enemies":"Giant Head","floor":40,"turns":6},{"damage":23,"enemies":"Jaw Worm Horde","floor":42,"turns":2},{"damage":44,"enemies":"Reptomancer","floor":46,"turns":5},{"damage":13,"enemies":"Writhing Mass","floor":48,"turns":6},{"damage":53,"enemies":"Awakened One","floor":50,"turns":12},{"damage":63,"enemies":"Donu and Deca","floor":51,"turns":8},{"damage":75,"enemies":"Shield and Spear","floor":55,"turns":8},{"damage":56,"enemies":"The Heart","floor":56,"turns":5}],"seed_played":"6590175533522335382","potions_obtained":[{"floor":5,"key":"SteroidPotion"},{"floor":10,"key":"Poison Potion"},{"floor":11,"key":"Strength Potion"},{"floor":16,"key":"Dexterity Potion"},{"floor":19,"key":"EssenceOfSteel"},{"floor":25,"key":"Poison Potion"},{"floor":27,"key":"Strength Potion"},{"floor":33,"key":"FearPotion"},{"floor":35,"key":"SpeedPotion"},{"floor":46,"key":"Swift Potion"}],"is_trial":false,"path_per_floor":["M","M","?","$","M","R","E","M","T","E","M","M","R","M","R","B",null,"M","M","?","?","?","R","$","E","T","M","$","E","R","E","R","B",null,"M","?","$","T","M","E","R","M","T","$","?","E","$","M","R","B","B",null,"R","$","E","B"],"character_chosen":"IRONCLAD","items_purchased":["Anger","Evolve","Bronze Scales","Bag of Marbles","True Grit","Happy Flower","True Grit","AttackPotion"],"campfire_rested":0,"item_purchase_floors":[4,24,24,28,44,44,47,54],"current_hp_per_floor":[67,63,63,63,65,65,36,36,36,36,41,36,36,43,43,28,63,65,71,71,71,71,71,71,71,71,75,75,75,75,75,75,41,67,75,75,75,75,75,69,69,60,60,60,50,23,23,52,52,56,50,69,69,69,45,0],"gold":58,"neow_bonus":"HUNDRED_GOLD","is_prod":false,"is_daily":false,"chose_seed":false,"campfire_upgraded":8,"win_rate":0,"timestamp":1550913894,"path_taken":["M","M","?","$","?","R","E","M","T","E","M","M","R","M","R","BOSS","M","M","?","?","?","R","$","E","T","M","$","E","R","E","R","BOSS","M","?","$","?","?","E","R","M","T","$","?","E","$","M","R","BOSS","BOSS","R","$","E","BOSS"],"build_version":"2019-01-23","purchased_purges":3,"victory":false,"max_hp_per_floor":[75,75,75,75,75,75,75,75,75,75,75,75,75,75,75,75,75,75,75,75,75,75,75,75,75,75,75,75,75,75,75,75,75,75,75,75,75,75,75,75,75,75,75,75,75,75,75,75,75,75,75,75,75,75,75,75],"card_choices":[{"not_picked":["Havoc","Anger"],"picked":"Shrug It Off","floor":1},{"not_picked":["True Grit","Body Slam"],"picked":"Flame Barrier","floor":2},{"not_picked":["Twin Strike","Sever Soul"],"picked":"Clothesline","floor":5},{"not_picked":["Infernal Blade","Clothesline"],"picked":"Pommel Strike","floor":7},{"not_picked":["Dark Embrace","Anger"],"picked":"Shrug It Off","floor":8},{"not_picked":["Bloodletting","Anger"],"picked":"Hemokinesis","floor":10},{"not_picked":["Anger","Warcry"],"picked":"Battle Trance","floor":11},{"not_picked":["Shrug It Off","Twin Strike"],"picked":"Shockwave","floor":12},{"not_picked":["Wild Strike","Armaments"],"picked":"Cleave","floor":14},{"not_picked":["Fiend Fire","Barricade"],"picked":"Immolate","floor":16},{"not_picked":["Clothesline","Clash"],"picked":"Flame Barrier","floor":18},{"not_picked":["Whirlwind","Flex"],"picked":"Armaments+1","floor":19},{"not_picked":["Seeing Red","Ghostly Armor"],"picked":"Headbutt","floor":25},{"not_picked":["Warcry","Clothesline","Havoc"],"picked":"SKIP","floor":27},{"not_picked":["Intimidate+1","Uppercut"],"picked":"Offering","floor":29},{"not_picked":["Rage","Exhume"],"picked":"True Grit","floor":31},{"not_picked":["Berserk","Exhume"],"picked":"Demon Form","floor":33},{"not_picked":["Anger+1","Sword Boomerang"],"picked":"Iron Wave+1","floor":35},{"not_picked":["Shockwave+1","Anger"],"picked":"Shrug It Off","floor":39},{"not_picked":["Bludgeon","Clash"],"picked":"Pummel","floor":40},{"not_picked":["Fire Breathing","Flex"],"picked":"Uppercut","floor":42},{"not_picked":["Violence","Mind Blast"],"picked":"Apotheosis","floor":45},{"not_picked":["Searing Blow","Clash","Havoc"],"picked":"SKIP","floor":46},{"not_picked":["Inflame","Seeing Red"],"picked":"Disarm","floor":48},{"not_picked":["Flex","Immolate"],"picked":"Pommel Strike+1","floor":55}],"player_experience":426994,"relics_obtained":[{"floor":7,"key":"PreservedInsect"},{"floor":9,"key":"Blood Vial"},{"floor":10,"key":"Oddly Smooth Stone"},{"floor":25,"key":"Magic Flower"},{"floor":26,"key":"Pen Nib"},{"floor":29,"key":"MawBank"},{"floor":31,"key":"Whetstone"},{"floor":38,"key":"Art of War"},{"floor":40,"key":"Girya"},{"floor":46,"key":"Meat on the Bone"},{"floor":55,"key":"Ornamental Fan"}],"event_choices":[{"damage_healed":0,"gold_gain":0,"player_choice":"Paid Gold","damage_taken":0,"relics_obtained":["Smiling Mask"],"max_hp_gain":0,"max_hp_loss":0,"event_name":"WeMeetAgain","floor":3,"gold_loss":65},{"damage_healed":0,"gold_gain":0,"player_choice":"Ignored","damage_taken":0,"max_hp_gain":0,"max_hp_loss":0,"event_name":"Ghosts","floor":20,"gold_loss":0},{"damage_healed":0,"gold_gain":50,"player_choice":"Stole From Cult","damage_taken":0,"max_hp_gain":0,"max_hp_loss":0,"event_name":"Nest","floor":21,"gold_loss":0},{"damage_healed":0,"gold_gain":0,"player_choice":"Became a vampire (Vial)","damage_taken":0,"max_hp_gain":0,"max_hp_loss":0,"event_name":"Vampires","floor":22,"relics_lost":["Blood Vial"],"gold_loss":0,"cards_obtained":["Bite","Bite","Bite","Bite","Bite"]},{"cards_removed":["Bite"],"damage_healed":5,"gold_gain":0,"player_choice":"Offered Special","damage_taken":0,"max_hp_gain":0,"max_hp_loss":0,"event_name":"Bonfire Elementals","floor":36,"gold_loss":0},{"damage_healed":0,"gold_gain":0,"player_choice":"Memory 3","damage_taken":10,"max_hp_gain":0,"max_hp_loss":0,"event_name":"SensoryStone","floor":45,"gold_loss":0}],"is_beta":false,"boss_relics":[{"not_picked":["Black Blood","Mark of Pain"],"picked":"Velvet Choker"},{"not_picked":["Fusion Hammer","White Beast Statue"],"picked":"Runic Cube"}],"items_purged_floors":[4,44,47],"is_endless":false,"potions_floor_spawned":[5,10,11,14,16,19,25,27,33,35,46],"killed_by":"The Heart","ascension_level":20}