{"path_per_floor":["M","$","?","?","M","E","?","E","T","M","M","M"],"character_chosen":"THE_SILENT","items_purchased":[],"gold_per_floor":[118,43,8,8,21,54,78,105,105,116,129,143,143],"floor_reached":13,"campfire_rested":0,"playtime":340,"item_purchase_floors":[],"current_hp_per_floor":[55,55,70,70,70,60,39,16,26,18,12,3,0],"items_purged":["Decay"],"gold":143,"score":128,"play_id":"1c739c80-1a0c-4b15-aa02-baef72ee0bb2","local_time":"20180529070145","is_prod":false,"is_daily":false,"chose_seed":false,"is_ascension_mode":true,"campfire_upgraded":0,"win_rate":0,"timestamp":1527534105,"campfire_choices":[],"path_taken":["M","$","?","?","M","E","?","E","T","?","M","M","M"],"build_version":"2018-05-27","seed_source_timestamp":29079672124586,"purchased_purges":1,"victory":false,"master_deck":["Defend_G","Defend_G","Defend_G","Defend_G","Defend_G","Strike_G","Strike_G","Strike_G","Strike_G","Strike_G","Survivor","Neutralize","Sucker Punch+1","Dagger Spray","Sucker Punch","Heel Hook","Noxious Fumes","Acrobatics","Acrobatics"],"max_hp_per_floor":[70,70,70,70,70,70,70,70,80,80,80,80,80],"relics":["Ring of the Snake","Unceasing Top","Centennial Puzzle","Odd Mushroom","Oddly Smooth Stone","Pear"],"card_choices":[{"not_picked":["Distraction","Prepared"],"picked":"Sucker Punch","floor":1},{"not_picked":["Slice","All Out Attack"],"picked":"Dagger Spray","floor":5},{"not_picked":["Accuracy","Wraith Form v2"],"picked":"Sucker Punch","floor":6},{"not_picked":["Deadly Poison","Bane"],"picked":"Heel Hook","floor":7},{"not_picked":["Skewer","Riddle With Holes"],"picked":"Noxious Fumes","floor":8},{"not_picked":["Outmaneuver","Skewer","Deadly Poison"],"picked":"SKIP","floor":10},{"not_picked":["Flying Knee","Outmaneuver"],"picked":"Acrobatics","floor":11},{"not_picked":["Eviscerate","Poisoned Stab"],"picked":"Acrobatics","floor":12}],"player_experience":297561,"potions_floor_usage":[6,6,7],"damage_taken":[{"damage":8,"enemies":"Small Slimes","floor":1,"turns":5},{"damage":0,"enemies":"Jaw Worm","floor":5,"turns":4},{"damage":10,"enemies":"3 Sentries","floor":6,"turns":5},{"damage":21,"enemies":"The Mushroom Lair","floor":7,"turns":5},{"damage":23,"enemies":"Gremlin Nob","floor":8,"turns":5},{"damage":8,"enemies":"2 Louse","floor":10,"turns":2},{"damage":6,"enemies":"2 Fungi Beasts","floor":11,"turns":3},{"damage":9,"enemies":"Blue Slaver","floor":12,"turns":4},{"damage":10,"enemies":"Gremlin Gang","floor":13,"turns":1}],"relics_obtained":[{"floor":6,"key":"Centennial Puzzle"},{"floor":7,"key":"Odd Mushroom"},{"floor":8,"key":"Oddly Smooth Stone"},{"floor":9,"key":"Pear"}],"event_choices":[{"event_name":"The Cleric","player_choice":"Healed","floor":3,"damage_taken":0},{"event_name":"Living Wall","player_choice":"Grow","floor":4,"damage_taken":0},{"event_name":"Mushrooms","player_choice":"Fought Mushrooms","floor":7,"damage_taken":0}],"boss_relics":[],"items_purged_floors":[2],"potions_floor_spawned":[1,5,6,10],"seed_played":"-7529292367367233525","killed_by":"Gremlin Gang","ascension_level":7,"potions_obtained":[{"floor":1,"key":"SkillPotion"},{"floor":5,"key":"LiquidBronze"},{"floor":6,"key":"LiquidBronze"},{"floor":10,"key":"Ancient Potion"}],"is_trial":false}