{"gold_per_floor":[114,114,289,164,179,214,214,230,300,331,341,13,13,31,31,133,133,149,224,242,242],"floor_reached":21,"playtime":797,"items_purged":["Doubt"],"score":321,"play_id":"17c7071d-f76b-4649-a6ab-0a9fb0901916","local_time":"20181126044705","is_ascension_mode":true,"campfire_choices":[{"data":"Poisoned Stab","floor":7,"key":"SMITH"},{"data":"Secret Technique","floor":15,"key":"SMITH"}],"neow_cost":"NONE","seed_source_timestamp":44583399682150,"circlet_count":0,"master_deck":["AscendersBane","Defend_G","Defend_G","Defend_G","Defend_G","Strike_G+1","Strike_G+1","Survivor","Neutralize","Flying Knee","Poisoned Stab+1","Corpse Explosion","Backflip","Terror","Well Laid Plans","Secret Technique+1","After Image","Corpse Explosion+1","Phantasmal Killer+1","Night Terror+1","Blur+1","Backflip+1"],"relics":["Ring of the Snake","NeowsBlessing","Whetstone","The Courier","Vajra","TwistedFunnel","Astrolabe"],"potions_floor_usage":[10,16,21],"damage_taken":[{"damage":0,"enemies":"2 Louse","floor":1,"turns":1},{"damage":0,"enemies":"Small Slimes","floor":5,"turns":1},{"damage":0,"enemies":"3 Sentries","floor":6,"turns":1},{"damage":0,"enemies":"Cultist","floor":8,"turns":3},{"damage":12,"enemies":"Gremlin Nob","floor":10,"turns":4},{"damage":8,"enemies":"Blue Slaver","floor":11,"turns":2},{"damage":9,"enemies":"Red Slaver","floor":14,"turns":2},{"damage":44,"enemies":"Slime Boss","floor":16,"turns":10},{"damage":1,"enemies":"Spheric Guardian","floor":18,"turns":5},{"damage":14,"enemies":"Shell Parasite","floor":20,"turns":7},{"damage":38,"enemies":"Sentry and Sphere","floor":21,"turns":7}],"seed_played":"-4103911124431422314","potions_obtained":[{"floor":5,"key":"Poison Potion"},{"floor":11,"key":"SkillPotion"},{"floor":18,"key":"PowerPotion"}],"is_trial":false,"path_per_floor":["M","?","?","$","M","E","R","M","T","E","M","$","?","M","R","B",null,"M","?","M","M"],"character_chosen":"THE_SILENT","items_purchased":["Poisoned Stab","TwistedFunnel","Well Laid Plans","Secret Technique"],"campfire_rested":0,"item_purchase_floors":[4,12,12,12],"current_hp_per_floor":[63,56,56,56,56,56,56,56,56,44,36,36,59,50,50,6,54,53,46,32,0],"gold":242,"neow_bonus":"THREE_ENEMY_KILL","is_prod":false,"is_daily":false,"chose_seed":false,"campfire_upgraded":2,"win_rate":0,"timestamp":1543160825,"path_taken":["M","?","?","$","M","E","R","M","T","E","M","$","?","M","R","BOSS","M","?","M","?"],"build_version":"2018-11-15","purchased_purges":1,"victory":false,"max_hp_per_floor":[70,70,70,70,70,70,70,70,70,70,70,70,70,70,70,70,70,70,70,70,70],"card_choices":[{"not_picked":["Heel Hook","Dodge and Roll"],"picked":"Flying Knee","floor":1},{"not_picked":["Prepared","Endless Agony","Dodge and Roll"],"picked":"SKIP","floor":5},{"not_picked":["Quick Slash","All Out Attack"],"picked":"Corpse Explosion","floor":6},{"not_picked":["Dash","Infinite Blades"],"picked":"Backflip","floor":8},{"not_picked":["Deadly Poison","Underhanded Strike"],"picked":"Terror","floor":10},{"not_picked":["Underhanded Strike","Eviscerate","Prepared"],"picked":"SKIP","floor":11},{"not_picked":["Deflect","Accuracy","Corpse Explosion"],"picked":"SKIP","floor":14},{"not_picked":["Die Die Die","Burst"],"picked":"After Image","floor":16},{"not_picked":["PiercingWail","Flying Knee"],"picked":"Blur+1","floor":18},{"not_picked":["Quick Slash","Dodge and Roll"],"picked":"Backflip+1","floor":20}],"player_experience":396317,"relics_obtained":[{"floor":6,"key":"Whetstone"},{"floor":9,"key":"The Courier"},{"floor":10,"key":"Vajra"}],"event_choices":[{"cards_removed":["Strike_G"],"damage_healed":0,"gold_gain":0,"player_choice":"Card Removal","damage_taken":7,"max_hp_gain":0,"max_hp_loss":0,"event_name":"Golden Wing","floor":2,"gold_loss":0},{"damage_healed":0,"gold_gain":175,"player_choice":"AGREE","damage_taken":0,"max_hp_gain":0,"max_hp_loss":0,"event_name":"Liars Game","floor":3,"gold_loss":0,"cards_obtained":["Doubt"]},{"damage_healed":23,"gold_gain":0,"player_choice":"Banana","damage_taken":0,"max_hp_gain":0,"max_hp_loss":0,"event_name":"Big Fish","floor":13,"gold_loss":0},{"damage_healed":0,"gold_gain":75,"player_choice":"Touch","damage_taken":7,"max_hp_gain":0,"max_hp_loss":0,"event_name":"FaceTrader","floor":19,"gold_loss":0}],"is_beta":false,"boss_relics":[{"not_picked":["Coffee Dripper","Runic Dome"],"picked":"Astrolabe"}],"items_purged_floors":[4],"is_endless":false,"potions_floor_spawned":[5,11,18],"killed_by":"Sentry and Sphere","ascension_level":10}