{"path_per_floor":["M","?","M","M","$","R","E","?","T","E","R","E","$","M","R","B",null,"M","M","$","M","?","?","R"],"character_chosen":"DEFECT","items_purchased":["Static Discharge","Compile Driver","Glacier","Storm","Thread and Needle","Conserve Battery"],"gold_per_floor":[16,191,205,219,53,53,79,79,79,117,117,156,43,67,67,188,488,503,516,83,97,197,197,197,197],"floor_reached":25,"campfire_rested":2,"playtime":873,"item_purchase_floors":[5,5,13,13,20,20],"current_hp_per_floor":[69,69,69,69,69,69,58,58,58,46,46,38,38,25,45,42,69,48,10,10,6,6,6,27,0],"items_purged":["Doubt","Pain"],"gold":197,"score":241,"play_id":"e67b2d92-ae4d-4f3d-8ad4-d891d0de0e6e","local_time":"20180608021428","is_prod":false,"is_daily":false,"chose_seed":false,"is_ascension_mode":true,"campfire_upgraded":2,"win_rate":0,"timestamp":1528380868,"campfire_choices":[{"data":"Zap","floor":6,"key":"SMITH"},{"data":"Redo","floor":11,"key":"SMITH"},{"floor":15,"key":"REST"},{"floor":24,"key":"REST"}],"path_taken":["M","?","?","M","$","R","E","?","T","E","R","E","$","M","R","BOSS","M","M","$","M","?","?","R","E"],"build_version":"2018-05-31","seed_source_timestamp":266760908348681,"purchased_purges":2,"victory":false,"master_deck":["Strike_B","Strike_B","Strike_B","Strike_B","Defend_B","Defend_B","Defend_B","Defend_B","Zap+1","Dualcast","Electrodynamics","Coolheaded","FTL","Storm","Static Discharge","Compile Driver","Redo+1","Defragment","Cold Snap","Glacier","Storm","Leap","Echo Form","Pain","Writhe","Skim","Conserve Battery"],"max_hp_per_floor":[75,75,75,75,75,75,75,69,69,69,69,69,69,69,69,69,69,71,71,71,73,73,73,73,73],"relics":["Cracked Core","Mercury Hourglass","Golden Idol","Singing Bowl","Kunai","Matryoshka","Calling Bell","Juzu Bracelet","Pantograph","Old Coin","Thread and Needle"],"card_choices":[{"not_picked":["Meteor Strike","Reboot"],"picked":"Electrodynamics","floor":0},{"not_picked":["Force Field","Skim"],"picked":"Coolheaded","floor":1},{"not_picked":["Sweeping Beam","Streamline"],"picked":"FTL","floor":3},{"not_picked":["Barrage","Reprogram"],"picked":"Storm","floor":4},{"not_picked":["FTL","Lockon"],"picked":"Redo","floor":7},{"not_picked":["Steam Power","Streamline"],"picked":"Defragment","floor":10},{"not_picked":["Sunder","Reinforced Body"],"picked":"Cold Snap","floor":12},{"not_picked":["Rebound","Redo"],"picked":"Leap","floor":14},{"not_picked":["Amplify","Buffer"],"picked":"Echo Form","floor":16},{"not_picked":["Reprogram+1","Undo","Doom and Gloom+1"],"picked":"Singing Bowl","floor":18},{"not_picked":["Go for the Eyes","Conserve Battery"],"picked":"Skim","floor":19},{"not_picked":["Reinforced Body","Turbo","Sunder"],"picked":"Singing Bowl","floor":21}],"player_experience":250980,"potions_floor_usage":[7,10,12,16],"damage_taken":[{"damage":6,"enemies":"2 Louse","floor":1,"turns":2},{"damage":0,"enemies":"Cultist","floor":3,"turns":3},{"damage":0,"enemies":"Small Slimes","floor":4,"turns":2},{"damage":11,"enemies":"3 Sentries","floor":7,"turns":4},{"damage":12,"enemies":"Lagavulin","floor":10,"turns":5},{"damage":8,"enemies":"Gremlin Nob","floor":12,"turns":3},{"damage":13,"enemies":"Blue Slaver","floor":14,"turns":2},{"damage":3,"enemies":"Hexaghost","floor":16,"turns":10},{"damage":23,"enemies":"Spheric Guardian","floor":18,"turns":4},{"damage":38,"enemies":"2 Thieves","floor":19,"turns":3},{"damage":6,"enemies":"Centurion and Healer","floor":21,"turns":6},{"damage":27,"enemies":"Book of Stabbing","floor":25,"turns":7}],"relics_obtained":[{"floor":7,"key":"Mercury Hourglass"},{"floor":9,"key":"Singing Bowl"},{"floor":10,"key":"Kunai"},{"floor":12,"key":"Matryoshka"},{"floor":17,"key":"Juzu Bracelet"},{"floor":17,"key":"Pantograph"},{"floor":17,"key":"Old Coin"}],"event_choices":[{"event_name":"Liars Game","player_choice":"agreed","floor":2,"damage_taken":0},{"event_name":"Golden Idol","player_choice":"Lose Max HP","floor":8,"damage_taken":0},{"event_name":"Golden Shrine","player_choice":"Pray","floor":22,"damage_taken":0},{"event_name":"Drug Dealer","player_choice":"Ignored","floor":23,"damage_taken":0}],"boss_relics":[{"not_picked":["Lizard Tail","Runic Dome"],"picked":"Calling Bell"}],"items_purged_floors":[5,20],"potions_floor_spawned":[3,4,10,12],"seed_played":"-4219436506999550652","killed_by":"Book of Stabbing","ascension_level":2,"potions_obtained":[{"floor":3,"key":"Poison Potion"},{"floor":4,"key":"Energy Potion"},{"floor":10,"key":"Poison Potion"},{"floor":12,"key":"SkillPotion"}],"is_trial":false}