{"gold_per_floor":[117,133,133,147,160,160,174,174,198,198,198,198,228,245,245,322,322,335,260,102,102,122,122,122,122,122,147,165,177,211,126,126,203,203,223,238,258,258,275,55,55,55],"floor_reached":42,"playtime":3622,"items_purged":[],"score":901,"play_id":"733054cb-995e-4304-850b-02195f73d4ed","local_time":"20190220213556","is_ascension_mode":true,"campfire_choices":[{"data":"Combust","floor":6,"key":"SMITH"},{"data":"Bash","floor":8,"key":"SMITH"},{"data":"Clothesline","floor":10,"key":"SMITH"},{"floor":15,"key":"REST"},{"data":"Hemokinesis","floor":23,"key":"SMITH"},{"data":"Metallicize","floor":25,"key":"SMITH"},{"floor":32,"key":"REST"}],"neow_cost":"PERCENT_DAMAGE","seed_source_timestamp":26481783882194,"circlet_count":0,"master_deck":["AscendersBane","Strike_R+1","Strike_R+1","Defend_R+1","Defend_R","Defend_R+1","Defend_R","Bash+1","Combust+1","Battle Trance","Headbutt","Clothesline+1","Shrug It Off","Anger","Offering","Hemokinesis+1","Metallicize+1","Iron Wave","Shrug It Off","Armaments","True Grit","Feed","Limit Break","True Grit","Chrysalis","Metallicize"],"relics":["Burning Blood","Whetstone","War Paint","Pen Nib","Dream Catcher","Sozu","Anchor","The Courier","Nunchaku","Orichalcum","Mummified Hand","Busted Crown"],"potions_floor_usage":[5,16,33],"damage_taken":[{"damage":2,"enemies":"Cultist","floor":1,"turns":4},{"damage":14,"enemies":"2 Louse","floor":2,"turns":4},{"damage":7,"enemies":"Jaw Worm","floor":4,"turns":4},{"damage":15,"enemies":"Exordium Thugs","floor":5,"turns":4},{"damage":14,"enemies":"Blue Slaver","floor":7,"turns":6},{"damage":22,"enemies":"Gremlin Nob","floor":13,"turns":4},{"damage":5,"enemies":"Looter","floor":14,"turns":3},{"damage":25,"enemies":"Slime Boss","floor":16,"turns":6},{"damage":9,"enemies":"Chosen","floor":18,"turns":4},{"damage":0,"enemies":"Shell Parasite","floor":22,"turns":5},{"damage":40,"enemies":"Gremlin Leader","floor":27,"turns":6},{"damage":12,"enemies":"3 Cultists","floor":28,"turns":5},{"damage":6,"enemies":"Snake Plant","floor":29,"turns":5},{"damage":14,"enemies":"Slavers","floor":30,"turns":6},{"damage":54,"enemies":"Collector","floor":33,"turns":11},{"damage":23,"enemies":"3 Darklings","floor":35,"turns":10},{"damage":12,"enemies":"3 Shapes","floor":36,"turns":7},{"damage":17,"enemies":"Jaw Worm Horde","floor":37,"turns":6},{"damage":38,"enemies":"Transient","floor":39,"turns":6},{"damage":103,"enemies":"Giant Head","floor":42,"turns":8}],"seed_played":"6407901450339885010","potions_obtained":[{"floor":4,"key":"Strength Potion"},{"floor":5,"key":"EssenceOfSteel"},{"floor":13,"key":"SkillPotion"},{"floor":14,"key":"PowerPotion"}],"is_trial":false,"path_per_floor":["M","M","?","M","M","R","M","R","T","R","T","?","E","M","R","B",null,"M","?","$","$","M","R","?","R","T","E","M","M","E","?","R","B",null,"M","M","M","?","M","$","?","E"],"character_chosen":"IRONCLAD","items_purchased":["Anchor","Chrysalis","Metallicize"],"campfire_rested":2,"item_purchase_floors":[20,40,40],"current_hp_per_floor":[68,60,60,59,50,50,42,42,42,42,42,37,21,22,48,29,74,71,71,71,71,77,77,77,77,77,43,37,37,29,29,55,7,69,55,53,45,45,13,13,99,0],"gold":55,"neow_bonus":"TWENTY_PERCENT_HP_BONUS","is_prod":false,"is_daily":false,"chose_seed":false,"campfire_upgraded":5,"win_rate":0,"timestamp":1550651756,"path_taken":["M","M","?","M","?","R","M","R","T","R","?","?","E","M","R","BOSS","M","?","?","$","M","R","?","R","T","E","M","?","E","?","R","BOSS","M","M","M","?","M","$","?","E"],"build_version":"2019-01-23","purchased_purges":0,"victory":false,"max_hp_per_floor":[89,89,89,89,89,89,89,89,89,89,89,89,89,89,89,89,89,89,89,89,89,89,89,89,89,89,89,89,89,89,89,89,89,89,92,96,99,99,99,99,99,99],"card_choices":[{"not_picked":["Heavy Blade","Iron Wave"],"picked":"Combust","floor":1},{"not_picked":["Anger","Reckless Charge"],"picked":"Battle Trance","floor":2},{"not_picked":["Bloodletting","Wild Strike","Body Slam"],"picked":"SKIP","floor":4},{"not_picked":["Searing Blow","Armaments"],"picked":"Headbutt","floor":5},{"not_picked":["Iron Wave","Havoc"],"picked":"Clothesline","floor":7},{"not_picked":["Sentinel","Armaments"],"picked":"Shrug It Off","floor":13},{"not_picked":["Headbutt","Barricade"],"picked":"Anger","floor":14},{"not_picked":["Fiend Fire","Reaper"],"picked":"Offering","floor":16},{"not_picked":["Warcry","Thunderclap","Sword Boomerang"],"picked":"SKIP","floor":18},{"not_picked":["Sword Boomerang","Dual Wield"],"picked":"Iron Wave","floor":22},{"not_picked":["Havoc+1","Clothesline"],"picked":"Shrug It Off","floor":27},{"not_picked":["Wild Strike","Warcry"],"picked":"Armaments","floor":28},{"not_picked":["Clothesline","Anger"],"picked":"True Grit","floor":29},{"not_picked":["Carnage","Sword Boomerang"],"picked":"Feed","floor":30},{"not_picked":["Dark Embrace","Reaper"],"picked":"Limit Break","floor":33},{"not_picked":[],"picked":"True Grit","floor":35},{"not_picked":["Clash"],"picked":"SKIP","floor":36},{"not_picked":["Perfected Strike"],"picked":"SKIP","floor":37},{"not_picked":["Twin Strike"],"picked":"SKIP","floor":39}],"player_experience":362673,"relics_obtained":[{"floor":9,"key":"Whetstone"},{"floor":11,"key":"War Paint"},{"floor":13,"key":"Dream Catcher"},{"floor":26,"key":"The Courier"},{"floor":27,"key":"Nunchaku"},{"floor":30,"key":"Orichalcum"}],"event_choices":[{"cards_removed":["Strike_R"],"damage_healed":0,"gold_gain":0,"player_choice":"Purged","damage_taken":0,"max_hp_gain":0,"max_hp_loss":0,"event_name":"Purifier","floor":3,"gold_loss":0},{"damage_healed":0,"gold_gain":0,"player_choice":"Success","damage_taken":5,"relics_obtained":["Pen Nib"],"max_hp_gain":0,"max_hp_loss":0,"event_name":"Scrap Ooze","floor":12,"gold_loss":0},{"damage_healed":0,"gold_gain":0,"cards_transformed":["Strike_R","Strike_R"],"player_choice":"Transformed Cards","damage_taken":0,"max_hp_gain":0,"max_hp_loss":0,"event_name":"Designer","floor":19,"gold_loss":75,"cards_obtained":["Hemokinesis","Metallicize"]},{"damage_healed":0,"gold_gain":0,"player_choice":"Ignored","damage_taken":0,"max_hp_gain":0,"max_hp_loss":0,"event_name":"Ghosts","floor":24,"gold_loss":0},{"damage_healed":0,"gold_gain":0,"player_choice":"Obtained Relic","damage_taken":0,"relics_obtained":["Mummified Hand"],"max_hp_gain":0,"max_hp_loss":0,"event_name":"Addict","floor":31,"gold_loss":85},{"damage_healed":0,"gold_gain":0,"player_choice":"Ignored","damage_taken":0,"max_hp_gain":0,"max_hp_loss":0,"event_name":"Tomb of Lord Red Mask","floor":38,"gold_loss":0},{"damage_healed":86,"gold_gain":0,"player_choice":"Full Heal","damage_taken":0,"max_hp_gain":0,"max_hp_loss":0,"event_name":"Wheel of Change","floor":41,"gold_loss":0}],"is_beta":false,"boss_relics":[{"not_picked":["Mark of Pain","Empty Cage"],"picked":"Sozu"},{"not_picked":["Lizard Tail","Coffee Dripper"],"picked":"Busted Crown"}],"items_purged_floors":[],"is_endless":false,"potions_floor_spawned":[4,5,13,14,27,28,30,35,36,39],"killed_by":"Giant Head","ascension_level":20}