{"gold_per_floor":[117,117,117,137,157,157,170,203,203,203,124,160,30,30,30,149,149,168,168,182,182,200,200,244,244,291,335,335,351,351,76,76,175,175,193,193,207,107,120,120,147,147,147,180,190,190,204,232,232,232],"floor_reached":51,"playtime":2652,"items_purged":["Doubt","Strike_B+1"],"score":1297,"play_id":"b542c190-91d8-4842-84a3-7623f134908f","local_time":"20190213201132","is_ascension_mode":true,"campfire_choices":[{"data":"Sunder","floor":6.0,"key":"SMITH"},{"data":"Beam Cell","floor":15.0,"key":"SMITH"},{"data":"Sunder","floor":23.0,"key":"SMITH"},{"data":"Turbo","floor":25.0,"key":"SMITH"},{"data":"Fission","floor":28.0,"key":"SMITH"},{"data":"Zap","floor":32.0,"key":"SMITH"},{"data":"Go for the Eyes","floor":40.0,"key":"SMITH"},{"data":"Hologram","floor":42.0,"key":"SMITH"},{"data":"Dualcast","floor":49,"key":"SMITH"}],"neow_cost":"PERCENT_DAMAGE","seed_source_timestamp":0,"circlet_count":0,"master_deck":["AscendersBane","Strike_B+1","Strike_B+1","Defend_B+1","Defend_B+1","Defend_B+1","Defend_B+1","Zap+1","Dualcast+1","Electrodynamics+1","Sunder+1","Go for the Eyes+1","All For One","Steam","Beam Cell+1","Conserve Battery","Hologram+1","Coolheaded+1","Sunder+1","Turbo+1","Fission+1","Compile Driver+1","Multi-Cast","Chill+1","Undo+1","Coolheaded+1","Loop+1","Tempest+1","Leap+1"],"special_seed":0,"relics":["FrozenCore","Dream Catcher","Art of War","Bloody Idol","Bottled Tornado","Cursed Key","Ice Cream","Pen Nib","Frozen Egg 2","Lee\u0027s Waffle","Meat on the Bone","Smiling Mask","Juzu Bracelet"],"potions_floor_usage":[50],"damage_taken":[{"damage":7.0,"enemies":"Jaw Worm","floor":1.0,"turns":4.0},{"damage":0.0,"enemies":"Small Slimes","floor":4.0,"turns":3.0},{"damage":0.0,"enemies":"Cultist","floor":5.0,"turns":3.0},{"damage":1.0,"enemies":"3 Louse","floor":7.0,"turns":2.0},{"damage":10.0,"enemies":"3 Sentries","floor":8.0,"turns":4.0},{"damage":19.0,"enemies":"Lagavulin","floor":12.0,"turns":6.0},{"damage":2.0,"enemies":"Hexaghost","floor":16.0,"turns":8.0},{"damage":3.0,"enemies":"3 Byrds","floor":18.0,"turns":2.0},{"damage":14.0,"enemies":"2 Thieves","floor":20.0,"turns":3.0},{"damage":2.0,"enemies":"Shelled Parasite and Fungi","floor":22.0,"turns":3.0},{"damage":3.0,"enemies":"Book of Stabbing","floor":24.0,"turns":4.0},{"damage":0.0,"enemies":"Gremlin Leader","floor":27.0,"turns":3.0},{"damage":0.0,"enemies":"3 Cultists","floor":29.0,"turns":2.0},{"damage":28.0,"enemies":"Collector","floor":33.0,"turns":6.0},{"damage":17.0,"enemies":"3 Darklings","floor":35.0,"turns":3.0},{"damage":0.0,"enemies":"Orb Walker","floor":37.0,"turns":3.0},{"damage":2.0,"enemies":"Sphere and 2 Shapes","floor":39.0,"turns":4.0},{"damage":0.0,"enemies":"Reptomancer","floor":41.0,"turns":5.0},{"damage":0.0,"enemies":"Giant Head","floor":44.0,"turns":5.0},{"damage":0.0,"enemies":"4 Shapes","floor":45.0,"turns":2.0},{"damage":28.0,"enemies":"Jaw Worm Horde","floor":47.0,"turns":3.0},{"damage":1,"enemies":"Reptomancer","floor":48,"turns":4},{"damage":37,"enemies":"Time Eater","floor":50,"turns":11}],"seed_played":"-8645765700664623651","potions_obtained":[{"floor":1.0,"key":"LiquidBronze"},{"floor":12.0,"key":"Poison Potion"},{"floor":20.0,"key":"Swift Potion"},{"floor":33.0,"key":"Ancient Potion"},{"floor":39.0,"key":"Strength Potion"},{"floor":44.0,"key":"SteroidPotion"},{"floor":48,"key":"Block Potion"}],"is_trial":false,"path_per_floor":["M","?","?","M","M","R","M","E","T","?","$","E","$","?","R","B",null,"M","?","M","?","M","R","E","R","T","E","R","M","?","$","R","B",null,"M","?","M","$","M","R","E","R","T","E","M","?","M","E","R","B",null],"character_chosen":"DEFECT","items_purchased":["Beam Cell","Conserve Battery","Block Potion","FTL","Lee\u0027s Waffle"],"campfire_rested":0,"item_purchase_floors":[11,11,13,13,31],"current_hp_per_floor":[43,36,41,41,41,41,40,30,30,30,30,11,11,11,11,9,58,55,55,41,41,39,39,36,36,36,36,36,36,36,81,81,58,75,63,63,68,68,71,71,76,76,76,81,81,81,58,62,62,37],"gold":232,"neow_bonus":"THREE_RARE_CARDS","is_prod":false,"is_daily":false,"chose_seed":false,"campfire_upgraded":9,"win_rate":0,"timestamp":1550041892,"path_taken":["M","?","?","M","M","R","M","E","T","?","$","E","$","?","R","BOSS","M","?","M","?","?","R","E","R","T","E","R","M","?","$","R","BOSS","M","?","M","$","M","R","E","R","T","E","M","?","M","E","R","BOSS"],"build_version":"2019-01-23","purchased_purges":2,"victory":true,"max_hp_per_floor":[75,75,80,80,80,80,80,80,80,74,74,74,74,74,74,74,74,74,74,74,74,74,74,74,74,74,74,74,74,74,81,81,81,81,81,81,81,81,81,81,81,81,81,81,81,81,81,81,81,81],"card_choices":[{"not_picked":["Seek","Creative AI"],"picked":"Electrodynamics","floor":0.0},{"not_picked":["Double Energy","Turbo"],"picked":"Sunder","floor":1.0},{"not_picked":["Melter","Blizzard"],"picked":"Go for the Eyes","floor":4.0},{"not_picked":["Scrape","Barrage"],"picked":"All For One","floor":5.0},{"not_picked":["Leap","Barrage"],"picked":"Steam","floor":7.0},{"not_picked":["Electrodynamics","Compile Driver","Barrage"],"picked":"SKIP","floor":8.0},{"not_picked":["Hello World","Sweeping Beam"],"picked":"Hologram","floor":12.0},{"not_picked":["Static Discharge","Conserve Battery","Force Field+1"],"picked":"SKIP","floor":18.0},{"not_picked":["Beam Cell","Gash"],"picked":"Coolheaded+1","floor":20.0},{"not_picked":["Sweeping Beam","Steam"],"picked":"Sunder","floor":22.0},{"not_picked":["Sweeping Beam","Tempest"],"picked":"Turbo","floor":24.0},{"not_picked":["Scrape","Reinforced Body+1"],"picked":"Fission","floor":27.0},{"not_picked":["Conserve Battery","Redo+1"],"picked":"Compile Driver+1","floor":29.0},{"not_picked":["Hyperbeam","Thunder Strike"],"picked":"Multi-Cast","floor":33.0},{"not_picked":["Rebound","Turbo"],"picked":"Chill+1","floor":35.0},{"not_picked":["Steam Power","Barrage+1"],"picked":"Undo+1","floor":37.0},{"not_picked":["Scrape+1","Rebound"],"picked":"Coolheaded+1","floor":39.0},{"not_picked":["Compile Driver","Coolheaded","Leap+1"],"picked":"SKIP","floor":41.0},{"not_picked":["Barrage+1","Ball Lightning+1"],"picked":"Loop+1","floor":44.0},{"not_picked":["Blizzard","Doom and Gloom+1","Hello World+1"],"picked":"SKIP","floor":45.0},{"not_picked":["Redo+1","Thunder Strike"],"picked":"Tempest+1","floor":47.0},{"not_picked":["Streamline","Self Repair+1"],"picked":"Leap+1","floor":48}],"player_experience":242005,"relics_obtained":[{"floor":8.0,"key":"Dream Catcher"},{"floor":9.0,"key":"Art of War"},{"floor":12.0,"key":"Bottled Tornado"},{"floor":24.0,"key":"Ice Cream"},{"floor":26.0,"key":"Pen Nib"},{"floor":27.0,"key":"Frozen Egg 2"},{"floor":41.0,"key":"Meat on the Bone"},{"floor":44.0,"key":"Smiling Mask"},{"floor":48,"key":"Juzu Bracelet"}],"event_choices":[{"cards_removed":["Strike_B"],"damage_healed":0.0,"max_hp_gain":0.0,"max_hp_loss":0.0,"gold_gain":0.0,"event_name":"Golden Wing","player_choice":"Card Removal","floor":2.0,"gold_loss":0.0,"damage_taken":7.0},{"damage_healed":0.0,"max_hp_gain":5.0,"max_hp_loss":0.0,"gold_gain":0.0,"event_name":"Big Fish","player_choice":"Donut","floor":3.0,"gold_loss":0.0,"damage_taken":0.0},{"damage_healed":0.0,"max_hp_gain":0.0,"max_hp_loss":6.0,"gold_gain":0.0,"event_name":"Golden Idol","player_choice":"Lose Max HP","floor":10.0,"gold_loss":0.0,"damage_taken":0.0,"relics_obtained":["Golden Idol"]},{"damage_healed":0.0,"max_hp_gain":0.0,"max_hp_loss":0.0,"gold_gain":0.0,"event_name":"Scrap Ooze","player_choice":"Fled","floor":14.0,"gold_loss":0.0,"damage_taken":0.0},{"damage_healed":0.0,"max_hp_gain":0.0,"max_hp_loss":0.0,"gold_gain":0.0,"event_name":"Back to Basics","player_choice":"Simplicity","floor":19.0,"gold_loss":0.0,"damage_taken":0.0,"cards_upgraded":["Strike_B","Strike_B","Strike_B","Defend_B","Defend_B","Defend_B","Defend_B"]},{"damage_healed":0.0,"max_hp_gain":0.0,"max_hp_loss":0.0,"gold_gain":0.0,"event_name":"Accursed Blacksmith","player_choice":"Forge","floor":21.0,"gold_loss":0.0,"damage_taken":0.0,"cards_upgraded":["Electrodynamics"]},{"damage_healed":0.0,"max_hp_gain":0.0,"max_hp_loss":0.0,"gold_gain":0.0,"event_name":"Forgotten Altar","player_choice":"Gave Idol","floor":30.0,"relics_lost":["Golden Idol"],"gold_loss":0.0,"damage_taken":0.0,"relics_obtained":["Bloody Idol"]},{"cards_removed":["FTL"],"damage_healed":0.0,"max_hp_gain":0.0,"max_hp_loss":0.0,"gold_gain":0.0,"event_name":"Falling","player_choice":"Removed Attack","floor":36.0,"gold_loss":0.0,"damage_taken":0.0},{"damage_healed":0.0,"max_hp_gain":0.0,"max_hp_loss":0.0,"gold_gain":0.0,"event_name":"FaceTrader","player_choice":"Leave","floor":46.0,"gold_loss":0.0,"damage_taken":0.0}],"is_beta":false,"boss_relics":[{"not_picked":["White Beast Statue","Eternal Feather"],"picked":"Cursed Key"},{"not_picked":["Busted Crown","Velvet Choker"],"picked":"FrozenCore"}],"items_purged_floors":[31,38],"is_endless":false,"potions_floor_spawned":[1,12,20,33,39,44,47,48],"ascension_level":10}