{"gold_per_floor":[112,132,152,164,164,164,179,204,204,46,60,60,77,96,96,194,194,207,222,222,222,271,271,287,301,301,81,81,92,127,40,40,40],"floor_reached":33,"playtime":3063,"items_purged":["Defend_R"],"score":271,"play_id":"df84150c-110c-4d60-9881-a713aa3938c3","local_time":"20190112093407","is_ascension_mode":false,"campfire_choices":[{"data":"Twin Strike","floor":6,"key":"SMITH"},{"data":"Flex","floor":12,"key":"SMITH"},{"floor":15,"key":"REST"},{"data":"Limit Break","floor":23,"key":"SMITH"},{"data":"Limit Break","floor":28,"key":"SMITH"},{"data":"Flex","floor":32,"key":"SMITH"}],"neow_cost":"NONE","seed_source_timestamp":161991700429173,"circlet_count":0,"master_deck":["Strike_R","Strike_R","Strike_R","Strike_R","Strike_R","Defend_R","Defend_R","Defend_R","Bash","Warcry","Twin Strike","Pummel+1","Twin Strike+1","Armaments","Sword Boomerang","Limit Break","Purity","Flex+1","Limit Break+1","Flex+1","Sever Soul","Necronomicurse","Spot Weakness","Inflame","Limit Break+1","Flex+1","Burning Pact+1","Dramatic Entrance"],"relics":["Burning Blood","NeowsBlessing","Bag of Preparation","Magic Flower","Coffee Dripper","Necronomicon","Vajra","Strawberry","WingedGreaves"],"potions_floor_usage":[8,8,30,30,30],"damage_taken":[{"damage":0,"enemies":"Cultist","floor":1,"turns":1},{"damage":0,"enemies":"Small Slimes","floor":2,"turns":1},{"damage":0,"enemies":"Jaw Worm","floor":3,"turns":1},{"damage":15,"enemies":"Looter","floor":4,"turns":3},{"damage":16,"enemies":"Large Slime","floor":7,"turns":5},{"damage":36,"enemies":"Lagavulin","floor":8,"turns":4},{"damage":0,"enemies":"2 Fungi Beasts","floor":11,"turns":2},{"damage":8,"enemies":"Red Slaver","floor":13,"turns":2},{"damage":21,"enemies":"Large Slime","floor":14,"turns":5},{"damage":48,"enemies":"The Guardian","floor":16,"turns":8},{"damage":5,"enemies":"Chosen","floor":18,"turns":3},{"damage":16,"enemies":"3 Byrds","floor":19,"turns":6},{"damage":26,"enemies":"3 Cultists","floor":24,"turns":4},{"damage":21,"enemies":"Snake Plant","floor":25,"turns":2},{"damage":18,"enemies":"Shelled Parasite and Fungi","floor":29,"turns":2},{"damage":15,"enemies":"Slavers","floor":30,"turns":3},{"damage":23,"enemies":"Champ","floor":33,"turns":2}],"seed_played":"-3174360250610778080","potions_obtained":[{"floor":2,"key":"Strength Potion"},{"floor":3,"key":"AttackPotion"},{"floor":14,"key":"Swift Potion"},{"floor":16,"key":"SkillPotion"},{"floor":19,"key":"Weak Potion"}],"is_trial":false,"path_per_floor":["M","M","M","M","?","R","M","E","T","$","M","R","M","M","R","B",null,"M","M","?","?","T","R","M","M","T","$","R","M","E","$","R","B"],"character_chosen":"IRONCLAD","items_purchased":["Limit Break","Purity","Limit Break","Dramatic Entrance"],"campfire_rested":1,"item_purchase_floors":[10,10,27,31],"current_hp_per_floor":[80,80,80,71,71,71,61,31,31,31,40,40,41,29,53,14,80,80,73,73,57,57,57,40,28,35,35,35,26,20,20,20,0],"gold":40,"neow_bonus":"THREE_ENEMY_KILL","is_prod":false,"is_daily":false,"chose_seed":false,"campfire_upgraded":5,"win_rate":0.0,"timestamp":1547314447,"path_taken":["M","M","?","M","?","R","M","E","T","$","?","R","M","M","R","BOSS","M","M","?","?","?","R","M","M","T","$","R","M","E","$","R","BOSS"],"build_version":"2019-01-10","purchased_purges":1,"victory":false,"max_hp_per_floor":[80,80,80,80,80,80,80,80,80,80,80,80,80,80,80,80,80,80,80,80,80,80,80,80,80,87,87,87,87,87,87,87,87],"card_choices":[{"not_picked":["Thunderclap","Spot Weakness"],"picked":"Warcry","floor":1},{"not_picked":["Seeing Red","Pommel Strike"],"picked":"Twin Strike","floor":2},{"not_picked":["Bloodletting","True Grit"],"picked":"Pummel","floor":3},{"not_picked":["Iron Wave","Fire Breathing"],"picked":"Twin Strike","floor":4},{"not_picked":["Perfected Strike","Rampage"],"picked":"Armaments","floor":7},{"not_picked":["Fire Breathing","Pommel Strike"],"picked":"Sword Boomerang","floor":8},{"not_picked":["Warcry","Battle Trance"],"picked":"Flex","floor":11},{"not_picked":["Armaments","Cleave","Intimidate"],"picked":"SKIP","floor":13},{"not_picked":["Perfected Strike","Feel No Pain","Power Through"],"picked":"SKIP","floor":14},{"not_picked":["Feed","Offering"],"picked":"Limit Break","floor":16},{"not_picked":["Heavy Blade+1","Cleave"],"picked":"Flex+1","floor":18},{"not_picked":["Carnage","Anger"],"picked":"Sever Soul","floor":19},{"not_picked":["Body Slam","Flex"],"picked":"Spot Weakness","floor":24},{"not_picked":["Rupture+1","Ghostly Armor"],"picked":"Inflame","floor":25},{"not_picked":["Twin Strike","Headbutt"],"picked":"Flex","floor":29},{"not_picked":["Combust","Dark Embrace"],"picked":"Burning Pact+1","floor":30}],"player_experience":1156,"relics_obtained":[{"floor":8,"key":"Bag of Preparation"},{"floor":9,"key":"Magic Flower"},{"floor":21,"key":"Necronomicon"},{"floor":22,"key":"Vajra"},{"floor":26,"key":"Strawberry"},{"floor":30,"key":"WingedGreaves"}],"event_choices":[{"damage_healed":0,"gold_gain":0,"player_choice":"Forge","damage_taken":0,"max_hp_gain":0,"max_hp_loss":0,"event_name":"Accursed Blacksmith","floor":5,"gold_loss":0,"cards_upgraded":["Pummel"]},{"damage_healed":0,"gold_gain":0,"player_choice":"Ignored","damage_taken":0,"max_hp_gain":0,"max_hp_loss":0,"event_name":"Ghosts","floor":20,"gold_loss":0},{"damage_healed":0,"gold_gain":0,"player_choice":"Obtained Book","damage_taken":16,"max_hp_gain":0,"max_hp_loss":0,"event_name":"Cursed Tome","floor":21,"gold_loss":0}],"is_beta":false,"boss_relics":[{"not_picked":["Velvet Choker","Calling Bell"],"picked":"Coffee Dripper"}],"items_purged_floors":[27],"is_endless":false,"potions_floor_spawned":[2,3,14,16,19,24],"killed_by":"Champ","ascension_level":0}