{"gold_per_floor":[111,286,304,156,156,156,185,185,185,197,197,197,207,207,207,311,311,221,233,233,233],"floor_reached":21,"playtime":1540,"items_purged":["Doubt"],"score":175,"play_id":"95282297-0d6a-4ae5-a98f-bfe4a99d1758","local_time":"20180702134916","is_ascension_mode":false,"campfire_choices":[{"data":"Neutralize","floor":6.0,"key":"SMITH"},{"floor":8.0,"key":"REST"},{"data":"Outmaneuver","floor":15.0,"key":"SMITH"}],"neow_cost":"","seed_source_timestamp":0,"circlet_count":0,"master_deck":["Defend_G","Defend_G","Defend_G","Defend_G","Strike_G","Strike_G","Strike_G","Survivor+1","Neutralize+1","Underhanded Strike","Flying Knee","Dash","Riddle With Holes","Outmaneuver+1","Predator","Regret","After Image","Finisher"],"special_seed":0,"relics":["Ring of the Snake","Unceasing Top","Bag of Preparation","Thread and Needle","Bottled Flame","Toolbox","Empty Cage","Darkstone Periapt"],"potions_floor_usage":[19],"damage_taken":[{"damage":0.0,"enemies":"Jaw Worm","floor":1.0,"turns":7.0},{"damage":0.0,"enemies":"Cultist","floor":3.0,"turns":5.0},{"damage":26.0,"enemies":"Lagavulin","floor":7.0,"turns":8.0},{"damage":0.0,"enemies":"2 Louse","floor":10.0,"turns":3.0},{"damage":0.0,"enemies":"Large Slime","floor":13.0,"turns":2.0},{"damage":25.0,"enemies":"Hexaghost","floor":16.0,"turns":11.0},{"damage":17,"enemies":"2 Thieves","floor":18,"turns":5},{"damage":7,"enemies":"Shell Parasite","floor":19,"turns":4},{"damage":48,"enemies":"Chosen and Byrds","floor":21,"turns":9}],"seed_played":"-2492527203841256374","potions_obtained":[{"floor":7.0,"key":"Explosive Potion"},{"floor":10.0,"key":"SteroidPotion"},{"floor":16.0,"key":"Energy Potion"},{"floor":19,"key":"SteroidPotion"}],"is_trial":false,"path_per_floor":["M","?","M","$","?","R","E","R","T","M","T","?","M","?","R","B",null,"M","M","T"],"character_chosen":"THE_SILENT","items_purchased":["Dash"],"campfire_rested":1,"item_purchase_floors":[],"current_hp_per_floor":[70,70,70,70,67,67,41,62,62,62,62,55,55,55,55,30,70,53,46,46,0],"gold":233,"neow_bonus":"","is_prod":false,"is_daily":false,"chose_seed":false,"campfire_upgraded":2,"win_rate":0.0,"timestamp":1530553756,"path_taken":["M","?","M","$","?","R","E","R","T","?","?","?","?","?","R","BOSS","M","M","?","M"],"build_version":"2018-06-28","purchased_purges":1,"victory":false,"max_hp_per_floor":[70,70,70,70,70,70,70,70,70,70,70,70,70,70,70,70,70,70,70,70,70],"card_choices":[{"not_picked":["Acrobatics","Poisoned Stab"],"picked":"Underhanded Strike","floor":1.0},{"not_picked":["Sucker Punch","Footwork"],"picked":"Flying Knee","floor":3.0},{"not_picked":["All Out Attack","Heel Hook"],"picked":"Riddle With Holes","floor":7.0},{"not_picked":["PiercingWail","Predator"],"picked":"Outmaneuver","floor":10.0},{"not_picked":["Backstab","Sucker Punch"],"picked":"Predator","floor":13.0},{"not_picked":["Phantasmal Killer","Tools of the Trade"],"picked":"After Image","floor":16.0},{"not_picked":["Flying Knee","Finisher","Caltrops"],"picked":"SKIP","floor":18},{"not_picked":["Blade Dance+1","Infinite Blades+1"],"picked":"Finisher","floor":19}],"player_experience":78366,"relics_obtained":[{"floor":7.0,"key":"Bag of Preparation"},{"floor":9.0,"key":"Thread and Needle"},{"floor":11.0,"key":"Bottled Flame"},{"floor":20,"key":"Darkstone Periapt"}],"event_choices":[{"event_name":"Liars Game","player_choice":"agreed","floor":2.0,"damage_taken":0.0},{"event_name":"Scrap Ooze","player_choice":"success","floor":5.0,"damage_taken":3.0},{"event_name":"Golden Wing","player_choice":"Card Removal","floor":12.0,"damage_taken":0.0},{"event_name":"Big Fish","player_choice":"Box","floor":14.0,"damage_taken":0.0}],"boss_relics":[{"not_picked":["Calling Bell","Velvet Choker"],"picked":"Empty Cage"}],"items_purged_floors":[],"is_endless":false,"potions_floor_spawned":[7,10,16,19],"killed_by":"Chosen and Byrds","ascension_level":0}