{"path_per_floor":["M","?","?","M","?","E","?","M","T","M","?","E"],"character_chosen":"IRONCLAD","items_purchased":[],"gold_per_floor":[111,111,111,135,135,166,166,187,234,259,334,373,373],"floor_reached":13,"campfire_rested":0,"playtime":1252,"item_purchase_floors":[],"current_hp_per_floor":[80,80,60,56,53,17,17,23,23,29,18,8,0],"items_purged":[],"gold":373,"score":93,"play_id":"493e2c7f-5d06-484c-b3d3-91b7eb581aae","local_time":"20180617000255","is_prod":false,"is_daily":false,"chose_seed":false,"is_ascension_mode":false,"campfire_upgraded":0,"win_rate":0.0,"timestamp":1529208175,"campfire_choices":[],"path_taken":["M","?","?","M","?","E","?","M","T","M","?","E","M"],"build_version":"2018-06-14v2","seed_source_timestamp":0,"purchased_purges":0,"victory":false,"master_deck":["Strike_R","Strike_R","Strike_R","Strike_R","Strike_R","Defend_R","Defend_R","Defend_R","Defend_R","Bash","Clash","Heavy Blade","Perfected Strike","Battle Trance","Thunderclap"],"max_hp_per_floor":[80,80,80,80,80,80,80,80,80,80,80,80,80],"special_seed":0,"relics":["Burning Blood","Juzu Bracelet","Golden Idol","Bronze Scales","Champion Belt","Vajra","Calipers"],"card_choices":[{"not_picked":["Reaper","Heavy Blade"],"picked":"Clash","floor":1},{"not_picked":["Iron Wave","Headbutt"],"picked":"Heavy Blade","floor":4},{"not_picked":["Dropkick","Fiend Fire"],"picked":"Perfected Strike","floor":6},{"not_picked":["Body Slam","Shrug It Off"],"picked":"Battle Trance","floor":8},{"not_picked":["Shrug It Off","Iron Wave"],"picked":"Thunderclap","floor":10},{"not_picked":["Heavy Blade","Entrench","Offering"],"picked":"SKIP","floor":12}],"player_experience":31487,"potions_floor_usage":[12],"damage_taken":[{"damage":6.0,"enemies":"Jaw Worm","floor":1.0,"turns":4.0},{"damage":10,"enemies":"Small Slimes","floor":4,"turns":4},{"damage":42,"enemies":"Gremlin Nob","floor":6,"turns":4},{"damage":0,"enemies":"2 Louse","floor":8,"turns":2},{"damage":0,"enemies":"Exordium Wildlife","floor":10,"turns":3},{"damage":16,"enemies":"Lagavulin","floor":12,"turns":5},{"damage":9,"enemies":"3 Louse","floor":13,"turns":1}],"relics_obtained":[{"floor":6,"key":"Champion Belt"},{"floor":9,"key":"Vajra"},{"floor":12,"key":"Calipers"}],"event_choices":[{"event_name":"Big Fish","player_choice":"Box","floor":2,"damage_taken":0},{"event_name":"Golden Idol","player_choice":"Take Damage","floor":3,"damage_taken":0},{"event_name":"Scrap Ooze","player_choice":"success","floor":5,"damage_taken":3},{"event_name":"Fountain of Cleansing","player_choice":"Removed Curse","floor":7,"damage_taken":0},{"event_name":"World of Goop","player_choice":"Gather Gold","floor":11,"damage_taken":0}],"boss_relics":[],"items_purged_floors":[],"is_endless":false,"potions_floor_spawned":[6,8],"seed_played":"-6835024574252391427","killed_by":"3 Louse","ascension_level":0,"potions_obtained":[{"floor":6,"key":"Block Potion"},{"floor":8,"key":"Ancient Potion"}],"is_trial":false}