{"gold_per_floor":[115,115,80,80,94,125,148,148,148,113,183,183,204,228,228,348,411,399,424,217,80,93,93,124,124,148,173,193,207,306,320,320,446,446,459,473,492,492],"floor_reached":38,"playtime":3461,"items_purged":["Strike_G","Defend_G"],"score":450,"play_id":"e08377fb-a4b6-4dd4-9b33-a71fee166896","local_time":"20181004064825","is_ascension_mode":false,"campfire_choices":[{"floor":8.0,"key":"REST"},{"data":"Survivor","floor":12.0,"key":"SMITH"},{"data":"Neutralize","floor":15.0,"key":"SMITH"},{"floor":23.0,"key":"REST"},{"floor":25.0,"key":"REST"},{"data":"Dagger Spray","floor":32,"key":"SMITH"}],"neow_cost":"NONE","seed_source_timestamp":0,"circlet_count":0,"master_deck":["Defend_G","Defend_G","Defend_G","Defend_G","Strike_G","Strike_G","Strike_G","Survivor+1","Neutralize+1","Dagger Spray+1","Slice","Prepared","Cloak And Dagger","Accuracy","Blur","Deflect","Endless Agony+1","Night Terror","Cloak And Dagger","Poisoned Stab","Poisoned Stab","Cloak And Dagger","Well Laid Plans","Infinite Blades","Backstab","Reflex","Calculated Gamble","Predator","Sucker Punch","Pain","Regret","Injury","Dagger Throw","Blade Dance+1","Acrobatics+1"],"special_seed":0,"relics":["Busted Crown","Golden Idol","Thread and Needle","Pocketwatch","Mango","Tiny House","Calipers","PreservedInsect","Calling Bell","Bronze Scales","Darkstone Periapt","Unceasing Top"],"potions_floor_usage":[33,33,33],"damage_taken":[{"damage":0.0,"enemies":"2 Louse","floor":1.0,"turns":2.0},{"damage":2.0,"enemies":"Small Slimes","floor":5.0,"turns":4.0},{"damage":27.0,"enemies":"3 Sentries","floor":6.0,"turns":10.0},{"damage":0.0,"enemies":"Jaw Worm","floor":7.0,"turns":4.0},{"damage":3.0,"enemies":"Gremlin Nob","floor":11.0,"turns":5.0},{"damage":0.0,"enemies":"Blue Slaver","floor":13.0,"turns":5.0},{"damage":0.0,"enemies":"2 Fungi Beasts","floor":14.0,"turns":4.0},{"damage":66.0,"enemies":"Hexaghost","floor":16.0,"turns":22.0},{"damage":22.0,"enemies":"2 Thieves","floor":18.0,"turns":4.0},{"damage":2.0,"enemies":"Chosen","floor":19.0,"turns":8.0},{"damage":13.0,"enemies":"Snecko","floor":22.0,"turns":7.0},{"damage":38.0,"enemies":"Book of Stabbing","floor":24.0,"turns":7.0},{"damage":3.0,"enemies":"Shelled Parasite and Fungi","floor":27.0,"turns":8.0},{"damage":0,"enemies":"3 Cultists","floor":28,"turns":5},{"damage":20,"enemies":"Snake Plant","floor":29,"turns":5},{"damage":2,"enemies":"Shelled Parasite and Fungi","floor":31,"turns":5},{"damage":35,"enemies":"Automaton","floor":33,"turns":13},{"damage":24,"enemies":"3 Darklings","floor":35,"turns":7},{"damage":23,"enemies":"3 Shapes","floor":36,"turns":4},{"damage":39,"enemies":"Transient","floor":37,"turns":5},{"damage":6,"enemies":"Maw","floor":38,"turns":2}],"seed_played":"6097389179689621213","potions_obtained":[{"floor":6.0,"key":"Fire Potion"},{"floor":11.0,"key":"EssenceOfSteel"},{"floor":11.0,"key":"SteroidPotion"},{"floor":17.0,"key":"Poison Potion"},{"floor":22.0,"key":"EssenceOfSteel"},{"floor":24.0,"key":"SteroidPotion"},{"floor":29,"key":"GhostInAJar"},{"floor":33,"key":"EssenceOfSteel"},{"floor":36,"key":"LiquidBronze"}],"is_trial":false,"path_per_floor":["M","?","?","?","M","E","M","R","T","$","?","R","M","M","R","B",null,"M","M","$","$","M","R","E","R","T","M","M","M","?","M","R","B",null,"M","M","M"],"character_chosen":"THE_SILENT","items_purchased":["Accuracy","Cloak And Dagger","Well Laid Plans","Infinite Blades"],"campfire_rested":3,"item_purchase_floors":[10,20,20,21],"current_hp_per_floor":[70,53,70,70,68,41,41,62,62,62,73,73,73,73,73,7,89,67,65,65,65,52,78,40,66,66,63,63,43,43,41,41,6,89,65,42,3,0],"gold":492,"neow_bonus":"BOSS_RELIC","is_prod":false,"is_daily":false,"chose_seed":false,"campfire_upgraded":3,"win_rate":0,"timestamp":1538588905,"path_taken":["M","?","?","?","M","E","M","R","T","$","?","R","M","M","R","BOSS","M","?","?","$","?","R","E","R","T","M","M","M","?","M","R","BOSS","M","M","M","M"],"build_version":"2018-09-27","purchased_purges":2,"victory":false,"max_hp_per_floor":[70,70,70,70,70,70,70,70,70,70,84,84,84,84,84,84,89,89,89,89,89,89,89,89,89,89,89,89,89,89,89,89,89,89,89,89,89,89],"card_choices":[{"not_picked":[],"picked":"Dagger Spray","floor":1.0},{"not_picked":[],"picked":"Slice","floor":5.0},{"not_picked":[],"picked":"Prepared","floor":6.0},{"not_picked":[],"picked":"Cloak And Dagger","floor":7.0},{"not_picked":[],"picked":"Blur","floor":11.0},{"not_picked":[],"picked":"Deflect","floor":13.0},{"not_picked":[],"picked":"Endless Agony","floor":14.0},{"not_picked":[],"picked":"Night Terror","floor":16.0},{"not_picked":[],"picked":"Cloak And Dagger","floor":17.0},{"not_picked":[],"picked":"Poisoned Stab","floor":18.0},{"not_picked":[],"picked":"Poisoned Stab","floor":19.0},{"not_picked":[],"picked":"Backstab","floor":22.0},{"not_picked":[],"picked":"Reflex","floor":24.0},{"not_picked":[],"picked":"Calculated Gamble","floor":27.0},{"not_picked":[],"picked":"Predator","floor":28},{"not_picked":[],"picked":"Sucker Punch","floor":29},{"not_picked":["Flying Knee"],"picked":"SKIP","floor":31},{"not_picked":[],"picked":"Dagger Throw","floor":35},{"not_picked":[],"picked":"Blade Dance+1","floor":36},{"not_picked":[],"picked":"Acrobatics+1","floor":37}],"player_experience":342264,"relics_obtained":[{"floor":6.0,"key":"Thread and Needle"},{"floor":9.0,"key":"Pocketwatch"},{"floor":11.0,"key":"Mango"},{"floor":24.0,"key":"Calipers"},{"floor":26.0,"key":"PreservedInsect"},{"floor":34,"key":"Bronze Scales"},{"floor":34,"key":"Darkstone Periapt"},{"floor":34,"key":"Unceasing Top"}],"event_choices":[{"event_name":"Golden Idol","player_choice":"Take Damage","floor":2.0,"damage_taken":0.0},{"event_name":"The Cleric","player_choice":"Healed","floor":3.0,"damage_taken":0.0},{"event_name":"Living Wall","player_choice":"Forget","floor":4.0,"damage_taken":0.0},{"event_name":"Dead Adventurer","player_choice":"Searched \u00271\u0027 times","floor":11.0,"damage_taken":0.0},{"event_name":"Nest","player_choice":"Stole From Cult","floor":30,"damage_taken":0}],"is_beta":false,"boss_relics":[{"not_picked":["Lizard Tail","Empty Cage"],"picked":"Tiny House"},{"not_picked":["Black Star","Astrolabe"],"picked":"Calling Bell"}],"items_purged_floors":[20,21],"is_endless":false,"potions_floor_spawned":[6,11,11,14,22,24,29,31,33,36],"killed_by":"Maw","ascension_level":0}