{"path_per_floor":["M","?","M","M","M","R","E","R","T","$","M","E","?","?","R","B",null,"M","M","$","?","?","R","E","M","T"],"character_chosen":"IRONCLAD","items_purchased":["Shockwave+1","Lantern","Dropkick","Flex+1","AttackPotion"],"gold_per_floor":[113,113,131,145,160,160,192,192,246,56,67,99,99,99,99,199,199,209,225,6,6,6,6,32,43,43,43],"floor_reached":27,"campfire_rested":0,"playtime":2724,"item_purchase_floors":[],"current_hp_per_floor":[75,75,80,80,80,80,64,64,71,71,77,63,63,63,63,18,87,60,62,62,62,62,62,46,50,50,0],"items_purged":["Defend_R"],"gold":43,"score":266,"play_id":"9a7ae894-bcbc-4cc3-8072-6cc33b908d4a","local_time":"20180608022240","is_prod":false,"is_daily":false,"chose_seed":false,"is_ascension_mode":false,"campfire_upgraded":4,"win_rate":0.0,"timestamp":1528438960,"campfire_choices":[{"data":"Warcry","floor":6.0,"key":"SMITH"},{"data":"True Grit","floor":8.0,"key":"SMITH"},{"data":"Anger","floor":15.0,"key":"SMITH"},{"data":"Bash","floor":23,"key":"SMITH"}],"path_taken":["M","?","M","M","M","R","E","R","T","$","?","E","?","?","R","BOSS","M","M","$","?","?","R","E","M","T","E"],"build_version":"2018-06-07","seed_source_timestamp":0,"purchased_purges":1,"victory":false,"master_deck":["Strike_R","Strike_R","Strike_R","Strike_R","Strike_R","Defend_R","Defend_R","Defend_R","Bash+1","True Grit+1","Thunderclap","Warcry+1","Anger+1","Shockwave+1","Anger+1","Infernal Blade+1","Berserk","Sever Soul","Dropkick+1","Dropkick","Flex+1","Warcry+1","Iron Wave+1"],"max_hp_per_floor":[80,80,80,80,80,80,80,80,87,87,87,87,87,87,87,87,87,87,87,87,87,87,87,97,97,97,97],"relics":["Black Blood","Toxic Egg 2","Strawberry","Lantern","Juzu Bracelet","Boot","Pear","Pen Nib"],"card_choices":[{"not_picked":["Clothesline","Entrench"],"picked":"True Grit","floor":1.0},{"not_picked":["Sword Boomerang","Combust"],"picked":"Thunderclap","floor":3.0},{"not_picked":["Iron Wave","Second Wind"],"picked":"Warcry","floor":4.0},{"not_picked":["Uppercut","Headbutt"],"picked":"Anger","floor":5.0},{"not_picked":["Twin Strike","Clothesline","Flex"],"picked":"SKIP","floor":7.0},{"not_picked":["Whirlwind","Shockwave+1"],"picked":"Anger","floor":11.0},{"not_picked":["Warcry+1","Cleave"],"picked":"Infernal Blade+1","floor":12.0},{"not_picked":["Reaper","Fiend Fire"],"picked":"Berserk","floor":16.0},{"not_picked":["True Grit+1","Hemokinesis"],"picked":"Sever Soul","floor":18},{"not_picked":["Shockwave+1","Reckless Charge"],"picked":"Dropkick+1","floor":19},{"not_picked":["Clothesline","Barricade"],"picked":"Iron Wave+1","floor":24},{"not_picked":["Whirlwind","Sword Boomerang","Clothesline"],"picked":"SKIP","floor":25}],"player_experience":0,"potions_floor_usage":[18,24,27],"damage_taken":[{"damage":11.0,"enemies":"Jaw Worm","floor":1.0,"turns":4.0},{"damage":0.0,"enemies":"Cultist","floor":3.0,"turns":4.0},{"damage":4.0,"enemies":"2 Louse","floor":4.0,"turns":3.0},{"damage":0.0,"enemies":"Lots of Slimes","floor":5.0,"turns":1.0},{"damage":22.0,"enemies":"Gremlin Nob","floor":7.0,"turns":4.0},{"damage":0.0,"enemies":"Large Slime","floor":11.0,"turns":5.0},{"damage":20.0,"enemies":"3 Sentries","floor":12.0,"turns":9.0},{"damage":51.0,"enemies":"The Guardian","floor":16.0,"turns":11.0},{"damage":37,"enemies":"Spheric Guardian","floor":18,"turns":6},{"damage":8,"enemies":"3 Byrds","floor":19,"turns":7},{"damage":36,"enemies":"Book of Stabbing","floor":24,"turns":5},{"damage":6,"enemies":"Snecko","floor":25,"turns":4},{"damage":50,"enemies":"Gremlin Leader","floor":27,"turns":6}],"relics_obtained":[{"floor":7.0,"key":"Toxic Egg 2"},{"floor":9.0,"key":"Strawberry"},{"floor":12.0,"key":"Juzu Bracelet"},{"floor":24,"key":"Pear"},{"floor":26,"key":"Pen Nib"}],"event_choices":[{"event_name":"The Woman in Blue","player_choice":"Bought 0 Potions","floor":2.0,"damage_taken":0.0},{"event_name":"The Lab","player_choice":"Got Potions","floor":13.0,"damage_taken":0.0},{"event_name":"Living Wall","player_choice":"Grow","floor":14.0,"damage_taken":0.0},{"event_name":"Wheel of Change","player_choice":"Relic","floor":21,"damage_taken":0},{"event_name":"Duplicator","player_choice":"One dupe","floor":22,"damage_taken":0}],"boss_relics":[{"not_picked":["Lizard Tail","Runic Pyramid"],"picked":"Black Blood"}],"items_purged_floors":[20],"potions_floor_spawned":[3,4,16,18,24],"seed_played":"5261682989624903110","killed_by":"Gremlin Leader","ascension_level":0,"potions_obtained":[{"floor":3.0,"key":"Explosive Potion"},{"floor":4.0,"key":"Strength Potion"},{"floor":13.0,"key":"Fire Potion"},{"floor":13.0,"key":"Weak Potion"},{"floor":13.0,"key":"EssenceOfSteel"},{"floor":16.0,"key":"EssenceOfSteel"},{"floor":18,"key":"GamblersBrew"},{"floor":24,"key":"EssenceOfSteel"}],"is_trial":false}