{"gold_per_floor":[112,126,88,98,115,115,115,115,172,172,188,203,238,223,223,318,318,331,331,76,95,108,108],"floor_reached":23,"playtime":3407,"items_purged":["Decay"],"score":220,"play_id":"7ca1a221-e9d1-4e7f-9698-ea1d0f084758","local_time":"20190302222317","is_ascension_mode":false,"campfire_choices":[{"data":"Envenom","floor":6.0,"key":"SMITH"},{"data":"Cloak And Dagger","floor":8.0,"key":"SMITH"},{"data":"Predator","floor":10.0,"key":"SMITH"},{"data":"Well Laid Plans","floor":15.0,"key":"SMITH"}],"neow_cost":"TEN_PERCENT_HP_LOSS","seed_source_timestamp":0,"circlet_count":0,"master_deck":["Defend_G","Defend_G","Defend_G","Defend_G","Defend_G","Strike_G","Strike_G","Strike_G","Strike_G","Strike_G","Survivor","Neutralize","Envenom+1","Predator+1","Leg Sweep+1","Cloak And Dagger+1","Catalyst","Well Laid Plans+1","Tools of the Trade","PiercingWail","After Image","Quick Slash","Dagger Spray","Acrobatics"],"special_seed":0,"relics":["Ring of the Snake","Tiny Chest","Bag of Preparation","Cursed Key","Orichalcum"],"potions_floor_usage":[23,23],"damage_taken":[{"damage":0.0,"enemies":"Small Slimes","floor":1.0,"turns":5.0},{"damage":1.0,"enemies":"Jaw Worm","floor":2.0,"turns":5.0},{"damage":0.0,"enemies":"2 Louse","floor":4.0,"turns":4.0},{"damage":0.0,"enemies":"Red Slaver","floor":5.0,"turns":6.0},{"damage":0.0,"enemies":"Looter","floor":11.0,"turns":4.0},{"damage":5.0,"enemies":"3 Louse","floor":12.0,"turns":5.0},{"damage":0.0,"enemies":"Lagavulin","floor":13.0,"turns":8.0},{"damage":2.0,"enemies":"Exordium Thugs","floor":14.0,"turns":5.0},{"damage":38.0,"enemies":"Slime Boss","floor":16.0,"turns":17.0},{"damage":17.0,"enemies":"Spheric Guardian","floor":18.0,"turns":8.0},{"damage":4.0,"enemies":"Chosen","floor":21.0,"turns":6.0},{"damage":0.0,"enemies":"Snake Plant","floor":22.0,"turns":5.0},{"damage":49,"enemies":"Gremlin Leader","floor":23,"turns":10}],"seed_played":"3109580685090491038","potions_obtained":[{"floor":1.0,"key":"Strength Potion"},{"floor":4.0,"key":"SpeedPotion"},{"floor":5.0,"key":"GhostInAJar"},{"floor":18.0,"key":"Fruit Juice"},{"floor":21.0,"key":"AttackPotion"}],"is_trial":false,"path_per_floor":["M","M","?","M","M","R","?","R","T","R","M","M","E","M","R","B",null,"M","?","$","M","M","E"],"character_chosen":"THE_SILENT","items_purchased":["Dagger Spray","Orichalcum"],"campfire_rested":0,"item_purchase_floors":[20,20],"current_hp_per_floor":[63,62,62,62,62,62,62,62,62,62,62,57,57,55,55,17,63,51,51,51,47,47,0],"gold":108,"neow_bonus":"THREE_RARE_CARDS","is_prod":false,"is_daily":false,"chose_seed":false,"campfire_upgraded":4,"win_rate":0.0,"timestamp":1551525797,"path_taken":["M","M","?","M","M","R","?","R","T","R","M","M","E","M","R","BOSS","M","?","$","M","M","E"],"build_version":"2019-01-23","purchased_purges":1,"victory":false,"max_hp_per_floor":[63,63,63,63,63,63,63,63,63,63,63,63,63,63,63,63,63,68,68,68,68,68,68],"card_choices":[{"not_picked":["Unload","Bullet Time"],"picked":"Envenom","floor":0.0},{"not_picked":["Sucker Punch","Riddle With Holes"],"picked":"Predator","floor":1.0},{"not_picked":["Poisoned Stab","Catalyst"],"picked":"Leg Sweep","floor":2.0},{"not_picked":["Outmaneuver","Bane"],"picked":"Cloak And Dagger","floor":4.0},{"not_picked":["Distraction","Deadly Poison"],"picked":"Catalyst","floor":5.0},{"not_picked":["Flying Knee","Distraction"],"picked":"Well Laid Plans","floor":11.0},{"not_picked":["Predator","Dagger Throw","Prepared"],"picked":"SKIP","floor":12.0},{"not_picked":["Dagger Spray","Sucker Punch"],"picked":"Tools of the Trade","floor":13.0},{"not_picked":["Finisher","Riddle With Holes"],"picked":"PiercingWail","floor":14.0},{"not_picked":["Phantasmal Killer","Night Terror"],"picked":"After Image","floor":16.0},{"not_picked":["Sucker Punch","PiercingWail"],"picked":"Quick Slash","floor":18.0},{"not_picked":["Slice","Prepared+1"],"picked":"Acrobatics","floor":21.0},{"not_picked":["Quick Slash","Tools of the Trade","Dagger Throw"],"picked":"SKIP","floor":22.0},{"not_picked":["Quick Slash","Tools of the Trade","Dagger Throw"],"picked":"SKIP","floor":22.0}],"player_experience":30190,"relics_obtained":[{"floor":9.0,"key":"Tiny Chest"},{"floor":13.0,"key":"Bag of Preparation"}],"event_choices":[{"damage_healed":0.0,"max_hp_gain":0.0,"max_hp_loss":0.0,"gold_gain":0.0,"event_name":"World of Goop","player_choice":"Left Gold","floor":3.0,"gold_loss":38.0,"damage_taken":0.0},{"damage_healed":0.0,"max_hp_gain":0.0,"max_hp_loss":0.0,"gold_gain":0.0,"event_name":"Living Wall","player_choice":"Grow","floor":7.0,"gold_loss":0.0,"damage_taken":0.0,"cards_upgraded":["Leg Sweep"]},{"damage_healed":0.0,"max_hp_gain":0.0,"max_hp_loss":0.0,"gold_gain":0.0,"event_name":"Forgotten Altar","player_choice":"Smashed Altar","floor":19.0,"gold_loss":0.0,"damage_taken":0.0,"cards_obtained":["Decay"]}],"is_beta":false,"boss_relics":[{"not_picked":["Tiny House","Empty Cage"],"picked":"Cursed Key"}],"items_purged_floors":[20],"is_endless":false,"potions_floor_spawned":[1,4,5,11,18,21],"killed_by":"Gremlin Leader","ascension_level":0}