{"path_per_floor":["M","T","M","M","M","R","E","R","T","?","M","E","M","?","R","B",null,"M","?","?","?","M","E","M","E","T","?","?","E","M","?","R","B",null,"M","$","?","M","?","R","?","R","T","E","M","T","E","?","R"],"character_chosen":"DEFECT","items_purchased":["Gash","Girya","Madness","Conserve Battery"],"gold_per_floor":[114,114,129,144,159,159,189,189,239,239,254,284,299,299,299,399,399,414,434,359,359,374,404,419,449,474,474,474,504,519,442,442,542,542,557,60,60,75,75,375,375,375,375,405,420,420,450,672,672,672],"floor_reached":50,"campfire_rested":2,"playtime":1969,"item_purchase_floors":[36,36,36,36],"current_hp_per_floor":[75,75,62,48,48,48,42,42,42,47,47,42,46,39,39,31,87,47,43,43,43,43,32,32,32,32,32,15,3,3,3,30,1,92,81,81,69,31,80,80,80,80,80,76,63,63,14,14,38,0],"items_purged":[],"gold":672,"score":866,"play_id":"3c50b8e9-03d2-473b-b256-a83141c3bd7f","local_time":"20180612064025","daily_mods":["Allstar","Lethality","Hoarder"],"is_prod":false,"is_daily":true,"chose_seed":false,"is_ascension_mode":false,"campfire_upgraded":3,"win_rate":0,"timestamp":1528742425,"campfire_choices":[{"data":"Deep Breath","floor":6,"key":"SMITH"},{"data":"Deep Breath","floor":8,"key":"SMITH"},{"data":"Zap","floor":15,"key":"SMITH"},{"floor":32,"key":"REST"},{"floor":40,"key":"DIG"},{"data":"1","floor":42,"key":"LIFT"},{"floor":49,"key":"REST"}],"path_taken":["M","?","M","M","M","R","E","R","T","?","M","E","M","?","R","BOSS","M","?","?","?","M","E","M","E","T","?","?","E","M","?","R","BOSS","M","$","?","M","?","R","?","R","T","E","M","?","E","?","R","BOSS"],"build_version":"2018-06-07v3","seed_source_timestamp":0,"purchased_purges":0,"victory":false,"master_deck":["Strike_B+1","Strike_B+1","Strike_B+1","Strike_B+1","Defend_B+1","Defend_B+1","Defend_B+1","Defend_B+1","Zap+1","Dualcast","Thinking Ahead","Thinking Ahead","Thinking Ahead","Panache","Panache","Panache","Jack Of All Trades","Jack Of All Trades","Jack Of All Trades","Deep Breath+1","Deep Breath+1","Deep Breath","Enlightenment","Go for the Eyes","Go for the Eyes","Go for the Eyes","Chaos","Chaos","Chaos","Ball Lightning","Ball Lightning","Ball Lightning","Steam","Steam","Steam","Beam Cell","Beam Cell","Beam Cell","Leap","Leap","Leap","Hologram","Hologram","Hologram","Biased Cognition","Biased Cognition","Biased Cognition","Scrape","Scrape","Scrape","Steam Power","Steam Power","Steam Power","Gash+1","Gash+1","Gash+1","Conserve Battery","Conserve Battery","Conserve Battery","Gash+1","Gash+1","Gash+1","Core Surge","Core Surge","Core Surge","Decay","Decay","Decay","Leap+1","Leap+1","Leap+1","Streamline","Streamline","Streamline","J.A.X.","J.A.X.","J.A.X.","Core Surge","Core Surge","Core Surge","Conserve Battery+1","Conserve Battery+1","Conserve Battery+1","Steam+1","Steam+1","Steam+1","Storm+1","Storm+1","Storm+1","Redo+1","Redo+1","Redo+1","Gash","Gash","Gash","Madness","Madness","Madness","Conserve Battery","Conserve Battery","Conserve Battery","Madness","Madness","Madness","Madness","Madness","Madness","Scrape+1","Scrape+1","Scrape+1","Reprogram","Reprogram","Reprogram","Conserve Battery","Conserve Battery","Conserve Battery","Go for the Eyes","Go for the Eyes","Go for the Eyes"],"max_hp_per_floor":[75,75,75,75,75,75,82,82,82,87,87,87,87,87,87,87,87,87,87,87,87,87,87,87,87,87,87,92,92,92,92,92,92,92,92,92,92,92,80,80,80,80,80,80,80,80,80,80,80,80],"relics":["Cracked Core","Juzu Bracelet","Strawberry","Bag of Preparation","Unceasing Top","Sozu","Red Mask","Shuriken","Boot","Vajra","Shovel","Astrolabe","Girya","Old Coin","Dodecahedron","Smiling Mask","Kunai","Centennial Puzzle"],"card_choices":[{"not_picked":["Rebound","Steam"],"picked":"Go for the Eyes","floor":1},{"not_picked":["Turbo","Redo"],"picked":"Chaos","floor":3},{"not_picked":["Heatsinks","Chaos"],"picked":"Ball Lightning","floor":4},{"not_picked":["Ball Lightning","Chaos"],"picked":"Steam","floor":5},{"not_picked":["Sweeping Beam","Turbo"],"picked":"Beam Cell","floor":7},{"not_picked":["Cold Snap","Melter"],"picked":"Leap","floor":11},{"not_picked":["Thunder Strike","Sweeping Beam"],"picked":"Hologram","floor":12},{"not_picked":["Stack","Ball Lightning"],"picked":"Capacitor","floor":13},{"not_picked":["Thunder Strike","Multi-Cast"],"picked":"Biased Cognition","floor":16},{"not_picked":["Leap","Skim"],"picked":"Scrape","floor":18},{"not_picked":["BootSequence","Streamline+1"],"picked":"Steam Power","floor":19},{"not_picked":["Rebound","Steam"],"picked":"Gash+1","floor":22},{"not_picked":["Cold Snap","Hello World"],"picked":"Conserve Battery","floor":23},{"not_picked":["Sweeping Beam+1","Coolheaded"],"picked":"Gash+1","floor":24},{"not_picked":["Cold Snap","Coolheaded"],"picked":"Core Surge","floor":25},{"not_picked":["Conserve Battery","Compile Driver"],"picked":"Leap+1","floor":29},{"not_picked":["Glacier+1","Leap"],"picked":"Streamline","floor":30},{"not_picked":["Fission","Buffer"],"picked":"Core Surge","floor":33},{"not_picked":["Reinforced Body+1","Auto Shields"],"picked":"Redo+1","floor":35},{"not_picked":["Redo","Auto Shields"],"picked":"Scrape+1","floor":38},{"not_picked":["Darkness+1","Leap+1"],"picked":"Reprogram","floor":44},{"not_picked":["Barrage","Streamline"],"picked":"Conserve Battery","floor":45},{"not_picked":["BootSequence+1","Consume"],"picked":"Go for the Eyes","floor":47}],"player_experience":253005,"potions_floor_usage":[7,12,44],"damage_taken":[{"damage":0,"enemies":"Cultist","floor":1,"turns":1},{"damage":13,"enemies":"Small Slimes","floor":3,"turns":2},{"damage":14,"enemies":"Jaw Worm","floor":4,"turns":2},{"damage":0,"enemies":"Large Slime","floor":5,"turns":2},{"damage":13,"enemies":"Gremlin Nob","floor":7,"turns":3},{"damage":0,"enemies":"3 Louse","floor":11,"turns":1},{"damage":5,"enemies":"3 Sentries","floor":12,"turns":3},{"damage":0,"enemies":"Blue Slaver","floor":13,"turns":1},{"damage":8,"enemies":"The Guardian","floor":16,"turns":5},{"damage":40,"enemies":"3 Byrds","floor":18,"turns":2},{"damage":4,"floor":19,"turns":3},{"damage":0,"enemies":"Spheric Guardian","floor":22,"turns":1},{"damage":11,"enemies":"Slavers","floor":23,"turns":4},{"damage":0,"enemies":"Chosen and Byrds","floor":24,"turns":2},{"damage":0,"enemies":"Gremlin Leader","floor":25,"turns":3},{"damage":12,"enemies":"Book of Stabbing","floor":29,"turns":3},{"damage":0,"enemies":"Snecko","floor":30,"turns":3},{"damage":29,"enemies":"Automaton","floor":33,"turns":6},{"damage":11,"enemies":"3 Shapes","floor":35,"turns":3},{"damage":38,"enemies":"3 Darklings","floor":38,"turns":3},{"damage":4,"enemies":"Giant Head","floor":44,"turns":3},{"damage":13,"enemies":"Maw","floor":45,"turns":5},{"damage":49,"enemies":"Nemesis","floor":47,"turns":5},{"damage":50,"enemies":"Awakened One","floor":50,"turns":6}],"relics_obtained":[{"floor":2,"key":"Juzu Bracelet"},{"floor":7,"key":"Strawberry"},{"floor":9,"key":"Bag of Preparation"},{"floor":12,"key":"Unceasing Top"},{"floor":19,"key":"Red Mask"},{"floor":23,"key":"Shuriken"},{"floor":25,"key":"Boot"},{"floor":26,"key":"Vajra"},{"floor":29,"key":"Shovel"},{"floor":40,"key":"Old Coin"},{"floor":43,"key":"Dodecahedron"},{"floor":44,"key":"Smiling Mask"},{"floor":46,"key":"Kunai"},{"floor":47,"key":"Centennial Puzzle"}],"event_choices":[{"event_name":"Big Fish","player_choice":"Donut","floor":10,"damage_taken":0},{"event_name":"Golden Wing","player_choice":"Card Removal","floor":14,"damage_taken":0},{"event_name":"Masked Bandits","player_choice":"Fought over 414 gold","floor":19,"damage_taken":0},{"event_name":"Beggar","player_choice":"Gave Gold","floor":20,"damage_taken":0},{"event_name":"Back to Basics","player_choice":"Simplicity","floor":21,"damage_taken":0},{"event_name":"Wheel of Change","player_choice":"Curse","floor":27,"damage_taken":0},{"event_name":"Forgotten Altar","player_choice":"Shed Blood","floor":28,"damage_taken":0},{"event_name":"Drug Dealer","player_choice":"Got JAXXED","floor":31,"damage_taken":0},{"event_name":"Winding Halls","player_choice":"Embrace Madness","floor":37,"damage_taken":0},{"event_name":"The Moai Head","player_choice":"Heal","floor":39,"damage_taken":0},{"event_name":"The Lab","player_choice":"Got Potions","floor":41,"damage_taken":0},{"event_name":"Tomb of Lord Red Mask","player_choice":"Wore Mask","floor":48,"damage_taken":0}],"boss_relics":[{"not_picked":["Nuclear Battery","Inserter"],"picked":"Sozu"},{"not_picked":["Snecko Eye","Philosopher\u0027s Stone"],"picked":"Astrolabe"}],"items_purged_floors":[],"potions_floor_spawned":[5,11,16,18,24,30,33,38,47],"seed_played":"-3332908943780289604","killed_by":"Awakened One","ascension_level":0,"potions_obtained":[{"floor":5,"key":"Weak Potion"},{"floor":11,"key":"Explosive Potion"},{"floor":16,"key":"SpeedPotion"}],"is_trial":false}