{"path_per_floor":["M","$","M","?","M","R","E","?","T","R","?","T","R","M","R","B",null,"M","?","M","$","M"],"character_chosen":"DEFECT","items_purchased":["Streamline","Girya"],"gold_per_floor":[119,70,84,158,178,178,204,204,204,204,204,227,227,240,240,341,341,352,352,362,52,63,63],"floor_reached":23,"campfire_rested":0,"playtime":545,"item_purchase_floors":[2,21],"current_hp_per_floor":[75,75,73,73,73,73,59,59,59,59,59,59,59,58,58,53,75,44,44,44,44,29,0],"items_purged":[],"gold":63,"score":208,"play_id":"770857e4-c147-48cb-812d-e1701f6b76f1","local_time":"20180608022420","is_prod":false,"is_daily":false,"chose_seed":false,"is_ascension_mode":true,"campfire_upgraded":4,"win_rate":0,"timestamp":1528381460,"campfire_choices":[{"data":"Zap","floor":6,"key":"SMITH"},{"data":"Leap","floor":10,"key":"SMITH"},{"data":"Dualcast","floor":13,"key":"SMITH"},{"data":"Hologram","floor":15,"key":"SMITH"}],"path_taken":["M","$","M","?","M","R","E","?","T","R","?","?","R","M","R","BOSS","M","?","M","$","M","E"],"build_version":"2018-05-31","seed_source_timestamp":267682046748576,"purchased_purges":0,"victory":false,"master_deck":["Strike_B","Strike_B","Strike_B","Defend_B","Defend_B","Defend_B","Defend_B","Zap+1","Dualcast+1","Gash","Streamline","Streamline","Leap+1","All For One","Go for the Eyes","Hologram+1","All For One","Beam Cell","Hologram","Gash"],"max_hp_per_floor":[75,75,75,75,75,75,75,75,75,75,75,75,75,75,75,75,75,75,75,75,75,75,75],"relics":["Philosopher\u0027s Stone","Cables","Mummified Hand","DataDisk","Sozu","Omamori","Girya"],"card_choices":[{"not_picked":["Conserve Battery","Turbo"],"picked":"Gash","floor":1},{"not_picked":["Cold Snap","Force Field"],"picked":"Streamline","floor":3},{"not_picked":["Compile Driver","Hologram"],"picked":"Leap","floor":5},{"not_picked":["Chill","Creative AI"],"picked":"All For One","floor":7},{"not_picked":["Sweeping Beam","Leap"],"picked":"Hologram","floor":14},{"not_picked":["Machine Learning","Biased Cognition"],"picked":"All For One","floor":16},{"not_picked":["Rebound+1","Turbo"],"picked":"Beam Cell","floor":18},{"not_picked":["Barrage+1","Genetic Algorithm"],"picked":"Hologram","floor":20},{"not_picked":["Fission","Chill"],"picked":"Gash","floor":22}],"player_experience":251853,"potions_floor_usage":[16,16,16],"damage_taken":[{"damage":0,"enemies":"Small Slimes","floor":1,"turns":4},{"damage":2,"enemies":"Jaw Worm","floor":3,"turns":3},{"damage":0,"enemies":"Cultist","floor":5,"turns":2},{"damage":14,"enemies":"3 Sentries","floor":7,"turns":7},{"damage":1,"enemies":"Looter","floor":14,"turns":2},{"damage":5,"enemies":"Hexaghost","floor":16,"turns":6},{"damage":31,"enemies":"3 Byrds","floor":18,"turns":3},{"damage":0,"enemies":"Chosen","floor":20,"turns":4},{"damage":15,"enemies":"3 Cultists","floor":22,"turns":4},{"damage":35,"enemies":"Gremlin Leader","floor":23,"turns":2}],"relics_obtained":[{"floor":7,"key":"Cables"},{"floor":9,"key":"Mummified Hand"},{"floor":12,"key":"DataDisk"}],"event_choices":[{"event_name":"Golden Wing","player_choice":"Gained Gold","floor":4,"damage_taken":0},{"event_name":"The Lab","player_choice":"Got Potions","floor":8,"damage_taken":0},{"event_name":"Transmorgrifier","player_choice":"Transform","floor":11,"damage_taken":0},{"event_name":"The Mausoleum","player_choice":"Yes","floor":19,"damage_taken":0}],"boss_relics":[{"not_picked":["Velvet Choker","Tiny House"],"picked":"Sozu"}],"items_purged_floors":[],"potions_floor_spawned":[5,7,14,20,22],"seed_played":"-632258962720698166","killed_by":"Gremlin Leader","ascension_level":2,"potions_obtained":[{"floor":5,"key":"Poison Potion"},{"floor":7,"key":"EssenceOfSteel"},{"floor":8,"key":"EssenceOfSteel"},{"floor":8,"key":"PowerPotion"}],"is_trial":false}