{"gold_per_floor":[117,133,148,162,173,208,226,226,226,226],"floor_reached":10,"playtime":1548,"items_purged":[],"score":79,"play_id":"61fb839f-4ebf-4564-9489-ceaee6bcf673","local_time":"20180928185205","is_ascension_mode":true,"campfire_choices":[{"floor":8,"key":"REST"}],"neow_cost":"","seed_source_timestamp":25098976050674,"circlet_count":0,"master_deck":["Defend_G","Defend_G","Defend_G","Defend_G","Defend_G","Strike_G","Strike_G","Strike_G","Strike_G","Strike_G","Survivor","Neutralize","Flechettes","Flying Knee","PiercingWail","Calculated Gamble","Doppelganger","Prepared","Cloak And Dagger"],"relics":["Ring of the Snake","Boot","Ornamental Fan"],"potions_floor_usage":[],"damage_taken":[{"damage":0,"enemies":"Cultist","floor":1,"turns":6},{"damage":1,"enemies":"Jaw Worm","floor":2,"turns":3},{"damage":6,"enemies":"2 Louse","floor":3,"turns":3},{"damage":7,"enemies":"2 Fungi Beasts","floor":4,"turns":3},{"damage":3,"enemies":"Blue Slaver","floor":5,"turns":5},{"damage":51,"enemies":"3 Sentries","floor":6,"turns":16},{"damage":1,"enemies":"Red Slaver","floor":7,"turns":5},{"damage":0,"enemies":"Lagavulin","floor":10,"turns":3}],"seed_played":"3787793184623902551","potions_obtained":[{"floor":2,"key":"Dexterity Potion"},{"floor":3,"key":"FearPotion"}],"is_trial":false,"path_per_floor":["M","M","M","M","M","E","M","R","T"],"character_chosen":"THE_SILENT","items_purchased":[],"campfire_rested":1,"item_purchase_floors":[],"current_hp_per_floor":[70,69,63,56,53,2,1,22,22,22],"gold":226,"neow_bonus":"","is_prod":false,"is_daily":false,"chose_seed":false,"campfire_upgraded":0,"win_rate":0,"timestamp":1538175125,"path_taken":["M","M","M","M","M","E","M","R","T","E"],"build_version":"2018-09-27","purchased_purges":0,"victory":false,"max_hp_per_floor":[70,70,70,70,70,70,70,70,70,70],"card_choices":[{"not_picked":["Underhanded Strike","Predator"],"picked":"Flechettes","floor":1},{"not_picked":["Quick Slash","Bane"],"picked":"Flying Knee","floor":2},{"not_picked":["Noxious Fumes","Masterful Stab"],"picked":"PiercingWail","floor":3},{"not_picked":["Dagger Spray","Poisoned Stab"],"picked":"Calculated Gamble","floor":4},{"not_picked":["Dodge and Roll","Dagger Throw"],"picked":"Doppelganger","floor":5},{"not_picked":["Masterful Stab","Dagger Spray"],"picked":"Prepared","floor":6},{"not_picked":["Expertise","Slice"],"picked":"Cloak And Dagger","floor":7}],"player_experience":675910,"relics_obtained":[{"floor":6,"key":"Boot"},{"floor":9,"key":"Ornamental Fan"}],"event_choices":[],"is_beta":false,"boss_relics":[],"items_purged_floors":[],"is_endless":false,"potions_floor_spawned":[2,3],"killed_by":"Lagavulin","ascension_level":2}