{"gold_per_floor":[369,388,388,404,420,445,465,465,465,483,483,501,501,511,511,609,609,625,641,47,62,95,95,95,113,113,146,146,146,166,180,180,180],"floor_reached":33,"playtime":6529,"items_purged":[],"score":273,"play_id":"df82d2f4-151d-41c2-b3f1-5d70d1070b12","local_time":"20190217235041","is_ascension_mode":false,"campfire_choices":[{"floor":11,"key":"REST"},{"data":"Catalyst","floor":13,"key":"SMITH"},{"floor":15,"key":"REST"},{"floor":24,"key":"REST"},{"floor":28,"key":"REST"},{"floor":32,"key":"REST"}],"neow_cost":"CURSE","seed_source_timestamp":462962751482585,"circlet_count":0,"master_deck":["Defend_G","Defend_G","Defend_G","Defend_G","Defend_G","Strike_G","Strike_G","Strike_G","Strike_G","Strike_G","Survivor+1","Neutralize","Shame","Acrobatics","Bane","Backstab+1","Poisoned Stab","Corpse Explosion","Catalyst+1","Dagger Throw","Caltrops+1","Prepared","Envenom+1","Endless Agony","Well Laid Plans+1","Noxious Fumes+1","Outmaneuver","All Out Attack","Deadly Poison+1","Sucker Punch","Poisoned Stab+1","Die Die Die","Wraith Form v2+1","Dodge and Roll"],"relics":["Ring of the Snake","Dodecahedron","Frozen Egg 2","Ornamental Fan","Black Star","PreservedInsect","Toolbox","Vajra","Red Mask","MutagenicStrength","Unceasing Top","Darkstone Periapt","Orichalcum"],"potions_floor_usage":[6,16,16,18,19,27,33,33],"damage_taken":[{"damage":1,"enemies":"Cultist","floor":1,"turns":5},{"damage":1,"enemies":"Jaw Worm","floor":2,"turns":10},{"damage":1,"enemies":"2 Louse","floor":4,"turns":5},{"damage":9,"enemies":"Large Slime","floor":5,"turns":10},{"damage":10,"enemies":"Lagavulin","floor":6,"turns":5},{"damage":5,"enemies":"Looter","floor":7,"turns":3},{"damage":4,"enemies":"Blue Slaver","floor":10,"turns":3},{"damage":0,"enemies":"2 Fungi Beasts","floor":12,"turns":1},{"damage":0,"enemies":"Large Slime","floor":14,"turns":6},{"damage":9,"enemies":"Slime Boss","floor":16,"turns":13},{"damage":1,"enemies":"2 Thieves","floor":18,"turns":4},{"damage":28,"enemies":"Spheric Guardian","floor":19,"turns":6},{"damage":35,"enemies":"Centurion and Healer","floor":21,"turns":4},{"damage":0,"enemies":"Masked Bandits","floor":22,"turns":1},{"damage":12,"enemies":"Shelled Parasite and Fungi","floor":25,"turns":4},{"damage":2,"enemies":"Slavers","floor":27,"turns":5},{"damage":11,"enemies":"Snake Plant","floor":30,"turns":3},{"damage":0,"enemies":"Sentry and Sphere","floor":31,"turns":4},{"damage":48,"enemies":"Automaton","floor":33,"turns":6}],"seed_played":"3291941572852171375","potions_obtained":[{"floor":2,"key":"SpeedPotion"},{"floor":4,"key":"Poison Potion"},{"floor":6,"key":"Weak Potion"},{"floor":7,"key":"Block Potion"},{"floor":16,"key":"Block Potion"},{"floor":19,"key":"Dexterity Potion"},{"floor":21,"key":"LiquidBronze"},{"floor":25,"key":"SkillPotion"},{"floor":30,"key":"SkillPotion"},{"floor":31,"key":"Strength Potion"}],"is_trial":false,"path_per_floor":["M","?","M","?","?","?","?"],"character_chosen":"THE_SILENT","items_purchased":["PreservedInsect","Noxious Fumes+1","Toolbox","Vajra","Outmaneuver"],"campfire_rested":5,"item_purchase_floors":[20,20,20,20,20],"current_hp_per_floor":[69,68,68,67,58,48,43,29,29,25,46,46,46,46,67,58,70,69,41,41,6,6,6,27,15,15,13,34,34,23,23,44,0],"gold":180,"neow_bonus":"TWO_FIFTY_GOLD","is_prod":false,"is_daily":false,"chose_seed":false,"campfire_upgraded":1,"win_rate":0.0,"timestamp":1550422241,"path_taken":["M","?","?","M","?","E","M","?","T","M","R","M","R","M","R","BOSS","M","M","$","M","?","?","R","M","T","E","R","?","M","M","R","BOSS"],"build_version":"2019-01-23","purchased_purges":0,"victory":false,"max_hp_per_floor":[70,70,70,70,70,70,70,70,70,70,70,70,70,70,70,70,70,70,70,70,70,70,70,70,70,70,70,70,70,70,70,70,70],"card_choices":[{"not_picked":["Skewer","Slice"],"picked":"Acrobatics","floor":1},{"not_picked":["Catalyst","Prepared"],"picked":"Bane","floor":2},{"not_picked":["Reflex","Slice"],"picked":"Backstab","floor":4},{"not_picked":["Bane","Crippling Poison"],"picked":"Poisoned Stab","floor":5},{"not_picked":["Caltrops","Dagger Spray"],"picked":"Corpse Explosion","floor":6},{"not_picked":["Flechettes","Flying Knee"],"picked":"Catalyst","floor":7},{"not_picked":["Dagger Spray","Quick Slash"],"picked":"Dagger Throw","floor":10},{"not_picked":["Dagger Spray","Poisoned Stab"],"picked":"Caltrops+1","floor":12},{"not_picked":["Outmaneuver","Riddle With Holes"],"picked":"Prepared","floor":14},{"not_picked":["Night Terror","Phantasmal Killer"],"picked":"Envenom+1","floor":16},{"not_picked":["Outmaneuver","Masterful Stab"],"picked":"Endless Agony","floor":18},{"not_picked":["Bane","Deadly Poison"],"picked":"Well Laid Plans+1","floor":19},{"not_picked":["Dagger Throw","Dodge and Roll"],"picked":"All Out Attack","floor":21},{"not_picked":["Dodge and Roll","Dagger Throw+1"],"picked":"Deadly Poison+1","floor":22},{"not_picked":["Flying Knee","Prepared"],"picked":"Sucker Punch","floor":25},{"not_picked":["Dodge and Roll","Slice+1"],"picked":"Poisoned Stab+1","floor":27},{"not_picked":["Slice+1","Underhanded Strike"],"picked":"Wraith Form v2+1","floor":30},{"not_picked":["Slice","Bouncing Flask"],"picked":"Dodge and Roll","floor":31}],"player_experience":138382,"relics_obtained":[{"floor":3,"key":"Dodecahedron"},{"floor":6,"key":"Frozen Egg 2"},{"floor":9,"key":"Ornamental Fan"},{"floor":22,"key":"Red Mask"},{"floor":26,"key":"Unceasing Top"},{"floor":27,"key":"Darkstone Periapt"},{"floor":27,"key":"Orichalcum"}],"event_choices":[{"damage_healed":0,"gold_gain":0,"player_choice":"Relic","damage_taken":0,"max_hp_gain":0,"max_hp_loss":0,"event_name":"Wheel of Change","floor":3,"gold_loss":0},{"damage_healed":0,"gold_gain":0,"player_choice":"Entered Light","damage_taken":14,"max_hp_gain":0,"max_hp_loss":0,"event_name":"Shining Light","floor":8,"gold_loss":0,"cards_upgraded":["Survivor","Backstab"]},{"damage_healed":0,"gold_gain":0,"player_choice":"Fought Bandits","damage_taken":0,"max_hp_gain":0,"max_hp_loss":0,"event_name":"Masked Bandits","floor":22,"gold_loss":0},{"damage_healed":0,"gold_gain":0,"player_choice":"Inject Mutagens","damage_taken":0,"relics_obtained":["MutagenicStrength"],"max_hp_gain":0,"max_hp_loss":0,"event_name":"Drug Dealer","floor":23,"gold_loss":0},{"damage_healed":0,"gold_gain":0,"player_choice":"Read","damage_taken":0,"max_hp_gain":0,"max_hp_loss":0,"event_name":"The Library","floor":29,"gold_loss":0,"cards_obtained":["Die Die Die"]}],"is_beta":false,"boss_relics":[{"not_picked":["Sozu","Astrolabe"],"picked":"Black Star"}],"items_purged_floors":[],"is_endless":false,"potions_floor_spawned":[2,4,6,7,16,19,21,25,30,31],"killed_by":"Automaton","ascension_level":0}