{"gold_per_floor":[117,117,135,150,161,189,189,215,239,252,252,268,297,23,23,121,121,137,157,157,157,171,200,217,232,258,271,271,116,116,144,144,144],"floor_reached":33,"playtime":2794,"items_purged":["Strike_G"],"score":324,"play_id":"13e8b99e-b7dc-4215-960e-8588e4497f8d","local_time":"20180909205044","is_ascension_mode":true,"campfire_choices":[{"data":"Neutralize","floor":7.0,"key":"SMITH"},{"floor":15.0,"key":"REST"},{"floor":28.0,"key":"REST"},{"data":"Doppelganger","floor":30,"key":"SMITH"},{"floor":32,"key":"REST"}],"neow_cost":"","seed_source_timestamp":0,"circlet_count":0,"master_deck":["Defend_G","Defend_G+1","Defend_G","Defend_G","Strike_G","Strike_G","Survivor","Neutralize+1","Deadly Poison+1","Outmaneuver+1","Backflip+1","Predator","Escape Plan","Deadly Poison","Escape Plan","PiercingWail","Expertise","Skewer","Doppelganger+1","Bullet Time+1","Footwork+1","Well Laid Plans+1","Riddle With Holes","Writhe","Crippling Poison","Choke","Bane+1","Bane","Crippling Poison","Choke","Backflip+1"],"special_seed":0,"relics":["Ring of the Snake","Mercury Hourglass","Anchor","War Paint","Pen Nib","Snake Skull","Toolbox","Astrolabe","Frozen Egg 2","MutagenicStrength","Bag of Marbles","Omamori","PreservedInsect"],"potions_floor_usage":[31,33],"damage_taken":[{"damage":0.0,"enemies":"2 Louse","floor":1.0,"turns":3.0},{"damage":0.0,"enemies":"Jaw Worm","floor":3.0,"turns":3.0},{"damage":2.0,"enemies":"Small Slimes","floor":4.0,"turns":3.0},{"damage":2.0,"enemies":"2 Fungi Beasts","floor":5.0,"turns":4.0},{"damage":4.0,"enemies":"3 Sentries","floor":6.0,"turns":2.0},{"damage":12.0,"enemies":"Lagavulin","floor":8.0,"turns":7.0},{"damage":0.0,"enemies":"Large Slime","floor":10.0,"turns":5.0},{"damage":2.0,"enemies":"Exordium Thugs","floor":12.0,"turns":4.0},{"damage":3.0,"enemies":"3 Sentries","floor":13.0,"turns":5.0},{"damage":12.0,"enemies":"Hexaghost","floor":16.0,"turns":8.0},{"damage":4.0,"enemies":"Shell Parasite","floor":18.0,"turns":4.0},{"damage":17.0,"enemies":"2 Thieves","floor":19.0,"turns":4.0},{"damage":16.0,"enemies":"Sentry and Sphere","floor":22.0,"turns":6.0},{"damage":27.0,"enemies":"Slavers","floor":23.0,"turns":5.0},{"damage":0.0,"enemies":"Chosen and Byrds","floor":24.0,"turns":6.0},{"damage":4.0,"enemies":"Shelled Parasite and Fungi","floor":25.0,"turns":3.0},{"damage":0.0,"enemies":"Centurion and Healer","floor":27.0,"turns":4.0},{"damage":6,"enemies":"Gremlin Leader","floor":31,"turns":4},{"damage":55,"enemies":"Collector","floor":33,"turns":8}],"seed_played":"-6543677702749886247","potions_obtained":[{"floor":3.0,"key":"SkillPotion"},{"floor":6.0,"key":"PowerPotion"},{"floor":10.0,"key":"SpeedPotion"},{"floor":16.0,"key":"Weak Potion"},{"floor":19.0,"key":"FearPotion"},{"floor":24.0,"key":"LiquidBronze"},{"floor":27.0,"key":"Energy Potion"},{"floor":31,"key":"EssenceOfSteel"}],"is_trial":false,"path_per_floor":["M","?","M","M","M","E","R","E","T","M","?","M","E","$","R","B",null,"M","M","?","?","M","E","M","M","T","M","R","$","R","E","R"],"character_chosen":"THE_SILENT","items_purchased":["Toolbox","Skewer","Choke"],"campfire_rested":3,"item_purchase_floors":[14,14,29],"current_hp_per_floor":[70,67,67,65,63,59,59,47,47,47,33,31,28,28,49,37,70,66,49,49,49,37,10,10,6,6,10,31,31,31,25,46,0],"gold":144,"neow_bonus":"","is_prod":false,"is_daily":false,"chose_seed":false,"campfire_upgraded":2,"win_rate":0,"timestamp":1536540644,"path_taken":["M","?","M","?","M","E","R","E","T","M","?","M","E","?","R","BOSS","M","M","?","?","M","E","M","M","T","M","R","$","R","E","R","BOSS"],"build_version":"2018-09-06","purchased_purges":1,"victory":false,"max_hp_per_floor":[70,70,70,70,70,70,70,70,70,70,70,70,70,70,70,70,70,70,70,70,70,70,70,70,70,70,70,70,70,70,70,70,70],"card_choices":[{"not_picked":["Acrobatics","Outmaneuver"],"picked":"Deadly Poison","floor":1.0},{"not_picked":["PiercingWail","Caltrops"],"picked":"Outmaneuver","floor":3.0},{"not_picked":["Accuracy","Dagger Throw"],"picked":"Backflip","floor":4.0},{"not_picked":["Bane","Poisoned Stab"],"picked":"Predator","floor":5.0},{"not_picked":["Caltrops","Underhanded Strike"],"picked":"Escape Plan","floor":6.0},{"not_picked":["Accuracy","Phantasmal Killer"],"picked":"Deadly Poison","floor":8.0},{"not_picked":["Backflip","Underhanded Strike"],"picked":"Escape Plan","floor":10.0},{"not_picked":["All Out Attack","Deflect"],"picked":"PiercingWail","floor":12.0},{"not_picked":["Cloak And Dagger","After Image"],"picked":"Expertise","floor":13.0},{"not_picked":["Bullet Time","Envenom"],"picked":"Doppelganger","floor":16.0},{"not_picked":["Outmaneuver","Underhanded Strike","Deflect"],"picked":"SKIP","floor":18.0},{"not_picked":["Dagger Spray","Acrobatics"],"picked":"Riddle With Holes","floor":19.0},{"not_picked":["Infinite Blades+1","Deadly Poison"],"picked":"Crippling Poison","floor":22.0},{"not_picked":["Reflex","Sucker Punch"],"picked":"Choke","floor":23.0},{"not_picked":["Accuracy+1","Outmaneuver+1"],"picked":"Bane+1","floor":24.0},{"not_picked":["Sucker Punch","All Out Attack"],"picked":"Bane","floor":25.0},{"not_picked":["Footwork+1","Underhanded Strike"],"picked":"Crippling Poison","floor":27.0},{"not_picked":["Backstab","Distraction"],"picked":"Backflip+1","floor":31}],"player_experience":569582,"relics_obtained":[{"floor":6.0,"key":"Anchor"},{"floor":8.0,"key":"War Paint"},{"floor":9.0,"key":"Pen Nib"},{"floor":13.0,"key":"Snake Skull"},{"floor":23.0,"key":"Bag of Marbles"},{"floor":26.0,"key":"Omamori"},{"floor":31,"key":"PreservedInsect"}],"event_choices":[{"event_name":"Scrap Ooze","player_choice":"success","floor":2.0,"damage_taken":3.0},{"event_name":"Shining Light","player_choice":"Entered Light","floor":11.0,"damage_taken":0.0},{"event_name":"The Mausoleum","player_choice":"Yes","floor":20.0,"damage_taken":0.0},{"event_name":"Drug Dealer","player_choice":"Inject Mutagens","floor":21.0,"damage_taken":0.0}],"is_beta":false,"boss_relics":[{"not_picked":["Snecko Eye","Coffee Dripper"],"picked":"Astrolabe"}],"items_purged_floors":[29],"is_endless":false,"potions_floor_spawned":[3,6,10,16,19,24,27,31],"killed_by":"Collector","ascension_level":1}