{"gold_per_floor":[113,188,188,188,201,234,234,267,267,267,279,294,47,61,61,161,161,116],"floor_reached":18,"playtime":885,"items_purged":[],"score":170,"play_id":"88c1fe1f-da37-42ab-814f-0d7125099ed7","local_time":"20180705153919","is_ascension_mode":false,"campfire_choices":[{"floor":7.0,"key":"REST"},{"floor":10.0,"key":"REST"},{"floor":15.0,"key":"REST"}],"neow_cost":"","seed_source_timestamp":0,"circlet_count":0,"master_deck":["Strike_R","Strike_R","Strike_R+1","Strike_R","Strike_R+1","Defend_R","Defend_R","Defend_R","Defend_R","Bash","Clothesline","Clothesline","Flex","Havoc","Fiend Fire","Clash","Evolve","Offering"],"special_seed":0,"relics":["Burning Blood","Mummified Hand","Bag of Preparation","Shuriken","Potion Belt","Paper Frog","Runic Pyramid"],"potions_floor_usage":[],"damage_taken":[{"damage":6.0,"enemies":"Cultist","floor":1.0,"turns":3.0},{"damage":1.0,"enemies":"2 Louse","floor":5.0,"turns":3.0},{"damage":25.0,"enemies":"Lagavulin","floor":6.0,"turns":8.0},{"damage":24.0,"enemies":"Gremlin Nob","floor":8.0,"turns":4.0},{"damage":0.0,"enemies":"Small Slimes","floor":11.0,"turns":2.0},{"damage":10.0,"enemies":"Looter","floor":12.0,"turns":2.0},{"damage":2.0,"enemies":"3 Louse","floor":14.0,"turns":5.0},{"damage":39.0,"enemies":"Hexaghost","floor":16.0,"turns":8.0},{"damage":19,"enemies":"2 Thieves","floor":18,"turns":4}],"seed_played":"1220640528497841893","potions_obtained":[{"floor":5.0,"key":"AttackPotion"},{"floor":6.0,"key":"PowerPotion"},{"floor":11.0,"key":"Energy Potion"},{"floor":12.0,"key":"Block Potion"}],"is_trial":false,"path_per_floor":["M","?","?","?","M","E","R","E","T","R","M","M","$","M","R","B",null],"character_chosen":"IRONCLAD","items_purchased":["Paper Frog"],"campfire_rested":3,"item_purchase_floors":[],"current_hp_per_floor":[80,69,51,35,40,21,45,27,27,51,57,53,53,57,80,47,80,61],"gold":116,"neow_bonus":"","is_prod":false,"is_daily":false,"chose_seed":false,"campfire_upgraded":0,"win_rate":0.0,"timestamp":1530819559,"path_taken":["M","?","?","?","M","E","R","E","T","R","?","M","$","M","R","BOSS","M"],"build_version":"2018-06-28","purchased_purges":0,"victory":false,"max_hp_per_floor":[80,80,80,80,80,80,80,80,80,80,80,80,80,80,80,80,80,80],"card_choices":[{"not_picked":["Twin Strike","Rage"],"picked":"Clothesline","floor":1.0},{"not_picked":["Body Slam","Carnage"],"picked":"Clothesline","floor":5.0},{"not_picked":["Twin Strike","Wild Strike"],"picked":"Flex","floor":6.0},{"not_picked":["Blood for Blood","Searing Blow"],"picked":"Havoc","floor":8.0},{"not_picked":["Sword Boomerang","Body Slam"],"picked":"Fiend Fire","floor":11.0},{"not_picked":["Havoc","Corruption"],"picked":"Clash","floor":12.0},{"not_picked":["Clash","Combust"],"picked":"Evolve","floor":14.0},{"not_picked":["Berserk","Brutality"],"picked":"Offering","floor":16.0}],"player_experience":94564,"relics_obtained":[{"floor":6.0,"key":"Bag of Preparation"},{"floor":8.0,"key":"Shuriken"},{"floor":9.0,"key":"Potion Belt"}],"event_choices":[{"event_name":"World of Goop","player_choice":"Gather Gold","floor":2.0,"damage_taken":0.0},{"event_name":"Scrap Ooze","player_choice":"success","floor":3.0,"damage_taken":18.0},{"event_name":"Shining Light","player_choice":"Entered Light","floor":4.0,"damage_taken":0.0}],"boss_relics":[{"not_picked":["Philosopher\u0027s Stone","Astrolabe"],"picked":"Runic Pyramid"}],"items_purged_floors":[],"is_endless":false,"potions_floor_spawned":[5,6,11,12],"killed_by":"2 Thieves","ascension_level":0}