{"gold_per_floor":[110,110,124,124,144,184,184,200,200,220,233,258,258,279,279,279],"floor_reached":16,"playtime":3590,"items_purged":[],"score":111,"play_id":"8160b5f1-9937-48e9-9bdc-20bbc4266eb4","local_time":"20180814011507","is_ascension_mode":true,"campfire_choices":[{"floor":7,"key":"REST"},{"data":"Neutralize","floor":13,"key":"SMITH"},{"data":"Prepared","floor":15,"key":"SMITH"}],"neow_cost":"","seed_source_timestamp":42974893470602,"circlet_count":0,"master_deck":["Defend_G","Defend_G","Defend_G","Defend_G","Defend_G","Strike_G","Strike_G","Strike_G","Strike_G","Strike_G","Survivor","Neutralize+1","Prepared+1","Decay","Underhanded Strike","Injury","Heel Hook","Sucker Punch","Backflip","Dodge and Roll","Dagger Spray"],"relics":["Ring of the Snake","Golden Idol","Bronze Scales","Dodecahedron"],"potions_floor_usage":[6,10,12,16],"damage_taken":[{"damage":0,"enemies":"Cultist","floor":1,"turns":5},{"damage":8,"enemies":"2 Louse","floor":3,"turns":4},{"damage":1,"enemies":"Jaw Worm","floor":5,"turns":6},{"damage":35,"enemies":"Lagavulin","floor":6,"turns":10},{"damage":2,"enemies":"3 Louse","floor":8,"turns":4},{"damage":7,"enemies":"Blue Slaver","floor":10,"turns":4},{"damage":0,"enemies":"Red Slaver","floor":11,"turns":4},{"damage":1,"enemies":"Large Slime","floor":12,"turns":10},{"damage":4,"enemies":"Exordium Thugs","floor":14,"turns":7},{"damage":36,"enemies":"Slime Boss","floor":16,"turns":8}],"seed_played":"-1320610600741258452","potions_obtained":[{"floor":5,"key":"GhostInAJar"},{"floor":6,"key":"GamblersBrew"},{"floor":10,"key":"SkillPotion"},{"floor":11,"key":"GhostInAJar"}],"is_trial":false,"path_per_floor":["M","?","M","?","M","E","R","M","T","M","M","M","R","M","R"],"character_chosen":"THE_SILENT","items_purchased":[],"campfire_rested":1,"item_purchase_floors":[],"current_hp_per_floor":[70,70,62,62,61,26,47,45,45,38,38,37,37,33,33,0],"gold":279,"neow_bonus":"","is_prod":false,"is_daily":false,"chose_seed":false,"campfire_upgraded":2,"win_rate":0,"timestamp":1534223707,"path_taken":["M","?","?","?","M","E","R","M","T","M","M","?","R","M","R","BOSS"],"build_version":"2018-08-09","purchased_purges":0,"victory":false,"max_hp_per_floor":[70,70,70,70,70,70,70,70,70,70,70,70,70,70,70,70],"card_choices":[{"not_picked":["Acrobatics","Slice"],"picked":"Prepared","floor":1},{"not_picked":["Backstab","Calculated Gamble"],"picked":"Underhanded Strike","floor":3},{"not_picked":["Dodge and Roll","Deadly Poison"],"picked":"Heel Hook","floor":5},{"not_picked":["Bane","Slice","Escape Plan"],"picked":"SKIP","floor":6},{"not_picked":["Noxious Fumes","Heel Hook"],"picked":"Sucker Punch","floor":8},{"not_picked":["Storm of Steel","Dash"],"picked":"Backflip","floor":10},{"not_picked":["Setup","Masterful Stab"],"picked":"Dodge and Roll","floor":11},{"not_picked":["Catalyst","Outmaneuver","Skewer"],"picked":"SKIP","floor":12},{"not_picked":["Concentrate","Backflip"],"picked":"Dagger Spray","floor":14}],"player_experience":450339,"relics_obtained":[{"floor":6,"key":"Bronze Scales"},{"floor":9,"key":"Dodecahedron"}],"event_choices":[{"event_name":"Wheel of Change","player_choice":"Curse","floor":2,"damage_taken":0},{"event_name":"Golden Idol","player_choice":"Take Wound","floor":4,"damage_taken":0}],"is_beta":false,"boss_relics":[],"items_purged_floors":[],"is_endless":false,"potions_floor_spawned":[5,6,10,11],"killed_by":"Slime Boss","ascension_level":1}