{"gold_per_floor":[112,112,15,15,34,67,67,67,146,146,25,56,66,86,86,182,182,198,123,30,30,30,41,56,56,56,56,68,68,0,0,0,98,98,114,114,130,130,150,150,150],"floor_reached":41,"playtime":3001,"items_purged":["Strike_G"],"score":472,"play_id":"7d840d16-8ed1-4a22-a4a9-b626aa97f516","local_time":"20180721234605","is_ascension_mode":false,"campfire_choices":[{"data":"Prepared","floor":8,"key":"SMITH"},{"data":"Bouncing Flask","floor":15,"key":"SMITH"},{"floor":29,"key":"REST"},{"floor":32,"key":"REST"},{"floor":40,"key":"REST"}],"neow_cost":"NONE","seed_source_timestamp":40153702085433,"circlet_count":0,"master_deck":["Defend_G+1","Defend_G+1","Defend_G+1","Defend_G+1","Defend_G+1","Strike_G+1","Survivor","Neutralize","Glass Knife","Underhanded Strike","Caltrops","Prepared+1","Terror","Deflect","Doppelganger","Neutralize","Tactician","Acrobatics","Storm of Steel","Bouncing Flask+1","Dagger Spray","Venomology","Crippling Poison+1","Flash of Steel","Footwork","Deflect","Ghostly","Ghostly","Ghostly","Ghostly","Ghostly","Corpse Explosion","Escape Plan+1","Mind Blast","Injury","PiercingWail","Neutralize"],"relics":["Ring of the Snake","Blood Vial","Darkstone Periapt","Snake Skull","Bottled Tornado","Empty Cage","Torii","White Beast Statue"],"potions_floor_usage":[6,14,23,24,24,24,28,28,33,33,35,39,41,41],"damage_taken":[{"damage":0,"enemies":"Small Slimes","floor":1,"turns":4},{"damage":1,"enemies":"Cultist","floor":5,"turns":4},{"damage":3,"enemies":"Lagavulin","floor":6,"turns":6},{"damage":21,"enemies":"3 Sentries","floor":12,"turns":9},{"damage":0,"enemies":"Jaw Worm","floor":13,"turns":2},{"damage":5,"enemies":"3 Louse","floor":14,"turns":3},{"damage":49,"enemies":"The Guardian","floor":16,"turns":9},{"damage":24,"enemies":"Spheric Guardian","floor":18,"turns":4},{"damage":15,"enemies":"Shell Parasite","floor":23,"turns":6},{"damage":13,"enemies":"Snake Plant","floor":24,"turns":4},{"damage":4,"enemies":"Slaver and Parasite","floor":28,"turns":10},{"damage":10,"enemies":"Automaton","floor":33,"turns":11},{"damage":2,"enemies":"3 Shapes","floor":35,"turns":6},{"damage":11,"enemies":"3 Darklings","floor":37,"turns":4},{"damage":24,"enemies":"Spire Growth","floor":39,"turns":10},{"damage":31,"enemies":"4 Shapes","floor":41,"turns":9}],"seed_played":"-39296311028224415","potions_obtained":[{"floor":1,"key":"Poison Potion"},{"floor":13,"key":"GamblersBrew"},{"floor":16,"key":"SteroidPotion"},{"floor":23,"key":"Explosive Potion"},{"floor":24,"key":"Strength Potion"},{"floor":33,"key":"Strength Potion"},{"floor":35,"key":"LiquidBronze"},{"floor":37,"key":"Ancient Potion"},{"floor":39,"key":"Poison Potion"}],"is_trial":false,"path_per_floor":["M","?","$","$","M","E","?","R","T","?","$","E","M","M","R","B",null,"M","?","$","?","?","M","M","?","T","?","M","R","$","?","R","B",null,"M","?","M","?","M","R"],"character_chosen":"THE_SILENT","items_purchased":["Prepared","Tactician","Acrobatics","Flash of Steel","After Image"],"campfire_rested":3,"item_purchase_floors":[3,11,11,20,30],"current_hp_per_floor":[70,70,70,70,69,66,66,66,66,72,72,53,55,52,52,5,76,52,52,52,52,38,25,14,14,14,14,12,24,24,24,36,28,40,38,38,29,35,13,26,0],"gold":150,"neow_bonus":"ONE_RANDOM_RARE_CARD","is_prod":false,"is_daily":false,"chose_seed":false,"campfire_upgraded":2,"win_rate":0.0,"timestamp":1532231165,"path_taken":["M","?","?","$","?","E","?","R","T","?","$","E","?","M","R","BOSS","M","?","$","?","?","?","M","?","T","?","M","R","$","?","R","BOSS","M","?","M","?","M","R","?"],"build_version":"2018-07-19v2","purchased_purges":1,"victory":false,"max_hp_per_floor":[70,70,70,70,70,70,70,70,70,76,76,76,76,76,76,76,76,76,76,76,76,81,81,81,81,81,40,40,40,40,40,40,40,40,40,40,40,46,46,46,46],"card_choices":[{"not_picked":["All Out Attack","Flying Knee"],"picked":"Underhanded Strike","floor":1},{"not_picked":["Deflect","Flying Knee"],"picked":"Terror","floor":5},{"not_picked":["Predator","Catalyst"],"picked":"Deflect","floor":6},{"not_picked":["Deflect","Riddle With Holes"],"picked":"Storm of Steel","floor":12},{"not_picked":["Flechettes","Backflip"],"picked":"Bouncing Flask","floor":13},{"not_picked":["PiercingWail","Blade Dance"],"picked":"Dagger Spray","floor":14},{"not_picked":["Tools of the Trade","Malaise"],"picked":"Venomology","floor":16},{"not_picked":["Outmaneuver+1","Cloak And Dagger"],"picked":"Crippling Poison+1","floor":18},{"not_picked":["Outmaneuver","Acrobatics"],"picked":"Footwork","floor":23},{"not_picked":["Deadly Poison","Bouncing Flask"],"picked":"Deflect","floor":24},{"not_picked":["Bouncing Flask","Underhanded Strike","Flying Knee"],"picked":"SKIP","floor":28},{"not_picked":["Die Die Die","Adrenaline"],"picked":"Corpse Explosion","floor":33},{"not_picked":["Acrobatics+1","Slice","Bane"],"picked":"SKIP","floor":35},{"not_picked":["Bouncing Flask+1","Slice"],"picked":"Escape Plan+1","floor":37},{"not_picked":["Poisoned Stab+1","Dodge and Roll","Tactician"],"picked":"SKIP","floor":39}],"player_experience":216919,"relics_obtained":[{"floor":6,"key":"Blood Vial"},{"floor":9,"key":"Darkstone Periapt"},{"floor":12,"key":"Bottled Tornado"},{"floor":26,"key":"Torii"}],"event_choices":[{"event_name":"Living Wall","player_choice":"Change","floor":2,"damage_taken":0},{"event_name":"Match and Keep!","player_choice":"2 cards matched","floor":7,"damage_taken":0},{"event_name":"Big Fish","player_choice":"Box","floor":10,"damage_taken":0},{"event_name":"Beggar","player_choice":"Gave Gold","floor":19,"damage_taken":0},{"event_name":"Vampires","player_choice":"Ignored","floor":21,"damage_taken":0},{"event_name":"Forgotten Altar","player_choice":"Shed Blood","floor":22,"damage_taken":0},{"event_name":"Drug Dealer","player_choice":"Ignored","floor":25,"damage_taken":0},{"event_name":"Ghosts","player_choice":"Became a Ghost","floor":27,"damage_taken":0},{"event_name":"Back to Basics","player_choice":"Simplicity","floor":31,"damage_taken":0},{"event_name":"Falling","player_choice":"Removed Power","floor":36,"damage_taken":0},{"event_name":"Match and Keep!","player_choice":"4 cards matched","floor":38,"damage_taken":0}],"is_beta":false,"boss_relics":[{"not_picked":["Fusion Hammer","Black Star"],"picked":"Empty Cage"},{"not_picked":["Runic Dome","Eternal Feather"],"picked":"White Beast Statue"}],"items_purged_floors":[3],"is_endless":false,"potions_floor_spawned":[1,13,16,23,24,33,35,37,39],"killed_by":"4 Shapes","ascension_level":0}