{"gold_per_floor":[110,130,142,159,174,174,203,203,229,292,327,338,348,375,375,474,474,487,487,487,88,102,136,158,202,241,270,316,328,351,376,388,497,509,532,444,462,372,389,419,439,470,520,548,565,565,590,68,68,68],"floor_reached":51,"playtime":3387,"items_purged":["Strike_R","Defend_R","Parasite"],"score":1189,"play_id":"6fc462b3-ca8a-4d1a-b622-b239d9772e40","local_time":"20190123214452","is_ascension_mode":true,"campfire_choices":[{"data":"Perfected Strike","floor":6,"key":"SMITH"},{"data":"Bash","floor":8,"key":"SMITH"},{"data":"Feed","floor":15,"key":"SMITH"},{"floor":32,"key":"REST"},{"floor":46,"key":"REST"},{"floor":49,"key":"REST"}],"neow_cost":"NONE","seed_source_timestamp":19656576734242,"circlet_count":0,"master_deck":["Strike_R","Strike_R","Defend_R","Defend_R","Defend_R","Bash+1","Panacea","Shrug It Off","Headbutt","Clash","Perfected Strike+1","Spot Weakness","True Grit+1","Headbutt","Feed+1","Battle Trance+1","Bloodletting+1","Limit Break+1","Armaments+1","Hemokinesis","Blind+1","Warcry+1","Metallicize","Disarm+1","True Grit+1","Havoc+1","Disarm+1","Twin Strike","Flex+1","Pommel Strike+1","Havoc+1","Battle Trance+1","Reaper+1","True Grit+1","Pommel Strike+1","Shrug It Off+1","Heavy Blade+1","Limit Break+1","Sword Boomerang","Dark Shackles+1"],"relics":["Burning Blood","Toxic Egg 2","Anchor","Orichalcum","Dream Catcher","Darkstone Periapt","Fusion Hammer","MutagenicStrength","Brimstone","MawBank","Prayer Wheel","Regal Pillow","Potion Belt","Mark of Pain","Meat on the Bone","Calipers","Omamori","Boot","Pantograph","Self Forming Clay"],"potions_floor_usage":[10,14,16,25,28,30,33,39,42,50,50,50,50,50,50,50,50],"damage_taken":[{"damage":6,"enemies":"2 Louse","floor":1,"turns":4},{"damage":7,"enemies":"Jaw Worm","floor":2,"turns":3},{"damage":3,"enemies":"Cultist","floor":3,"turns":4},{"damage":1,"enemies":"2 Fungi Beasts","floor":4,"turns":3},{"damage":9,"enemies":"Red Slaver","floor":5,"turns":2},{"damage":9,"enemies":"3 Sentries","floor":7,"turns":7},{"damage":25,"enemies":"Gremlin Nob","floor":10,"turns":5},{"damage":10,"enemies":"Gremlin Nob","floor":11,"turns":3},{"damage":7,"enemies":"Exordium Thugs","floor":12,"turns":4},{"damage":0,"enemies":"Large Slime","floor":13,"turns":4},{"damage":4,"enemies":"3 Sentries","floor":14,"turns":6},{"damage":7,"enemies":"Slime Boss","floor":16,"turns":8},{"damage":2,"enemies":"Chosen","floor":18,"turns":3},{"damage":6,"enemies":"2 Thieves","floor":22,"turns":2},{"damage":19,"enemies":"Book of Stabbing","floor":23,"turns":3},{"damage":14,"enemies":"Sentry and Sphere","floor":24,"turns":4},{"damage":10,"enemies":"Slavers","floor":25,"turns":4},{"damage":12,"enemies":"Snake Plant","floor":27,"turns":5},{"damage":28,"enemies":"Gremlin Leader","floor":28,"turns":5},{"damage":9,"enemies":"3 Cultists","floor":30,"turns":4},{"damage":0,"enemies":"Cultist and Chosen","floor":31,"turns":4},{"damage":15,"enemies":"Collector","floor":33,"turns":5},{"damage":2,"enemies":"Orb Walker","floor":35,"turns":3},{"damage":33,"enemies":"3 Darklings","floor":37,"turns":10},{"damage":12,"enemies":"Writhing Mass","floor":39,"turns":6},{"damage":29,"enemies":"Nemesis","floor":40,"turns":5},{"damage":21,"enemies":"4 Shapes","floor":41,"turns":7},{"damage":30,"enemies":"Giant Head","floor":42,"turns":6},{"damage":45,"enemies":"Reptomancer","floor":44,"turns":6},{"damage":12,"enemies":"3 Darklings","floor":45,"turns":6},{"damage":0,"enemies":"Giant Head","floor":47,"turns":4},{"damage":38,"enemies":"Time Eater","floor":50,"turns":6}],"seed_played":"3030899293269450899","potions_obtained":[{"floor":2,"key":"LiquidBronze"},{"floor":3,"key":"Regen Potion"},{"floor":4,"key":"Regen Potion"},{"floor":12,"key":"Explosive Potion"},{"floor":14,"key":"PowerPotion"},{"floor":23,"key":"Ancient Potion"},{"floor":27,"key":"EntropicBrew"},{"floor":28,"key":"GamblersBrew"},{"floor":31,"key":"Fire Potion"},{"floor":33,"key":"Fire Potion"},{"floor":37,"key":"Strength Potion"},{"floor":45,"key":"SpeedPotion"},{"floor":47,"key":"Regen Potion"}],"is_trial":false,"path_per_floor":["M","M","M","M","M","R","E","R","T","?","E","M","M","E","R","B",null,"M","?","?","$","M","E","M","E","T","M","E","?","M","M","R","B",null,"M","$","M","?","M","E","M","E","T","E","M","R","E","$","R","B",null],"character_chosen":"IRONCLAD","items_purchased":["Brimstone","Blind+1","Warcry+1","Sword Boomerang","Self Forming Clay","Dark Shackles+1"],"campfire_rested":3,"item_purchase_floors":[21,21,21,48,48,48],"current_hp_per_floor":[80,79,80,80,77,77,74,74,74,67,63,65,74,79,79,82,90,93,93,93,93,93,80,76,88,88,86,64,64,61,67,105,96,103,105,105,106,106,106,87,103,92,92,101,121,127,131,128,128,128],"gold":68,"neow_bonus":"RANDOM_COLORLESS","is_prod":false,"is_daily":false,"chose_seed":false,"campfire_upgraded":3,"win_rate":0,"timestamp":1548233092,"path_taken":["M","M","M","M","M","R","E","R","T","?","E","M","M","E","R","BOSS","M","?","?","$","M","E","?","E","T","M","E","?","M","M","R","BOSS","M","$","M","?","M","E","?","E","T","E","M","R","E","$","R","BOSS"],"build_version":"2019-01-17v2","purchased_purges":3,"victory":true,"max_hp_per_floor":[80,80,80,80,80,80,80,80,80,80,80,83,86,89,89,93,93,93,93,93,93,93,93,97,101,101,105,105,105,105,105,105,105,105,105,105,109,109,115,119,123,123,123,123,127,127,131,128,128,128],"card_choices":[{"not_picked":["Rage","Blood for Blood"],"picked":"Shrug It Off","floor":1},{"not_picked":["Pommel Strike","Infernal Blade"],"picked":"Headbutt","floor":2},{"not_picked":["Corruption","Havoc"],"picked":"Clash","floor":3},{"not_picked":["Warcry","Evolve"],"picked":"Perfected Strike","floor":4},{"not_picked":["Disarm","Fire Breathing"],"picked":"Spot Weakness","floor":5},{"not_picked":["Reckless Charge","Cleave"],"picked":"True Grit","floor":7},{"not_picked":["Twin Strike","Cleave"],"picked":"Headbutt","floor":10},{"not_picked":["Battle Trance+1","Pommel Strike"],"picked":"Feed","floor":11},{"not_picked":["Armaments+1","Body Slam"],"picked":"Battle Trance+1","floor":12},{"not_picked":["Reckless Charge","Wild Strike","Power Through+1"],"picked":"SKIP","floor":13},{"not_picked":["Iron Wave","Thunderclap"],"picked":"Bloodletting+1","floor":14},{"not_picked":["Dark Embrace","Feed"],"picked":"Limit Break+1","floor":16},{"not_picked":["Anger","Sever Soul"],"picked":"Armaments+1","floor":18},{"not_picked":["Searing Blow","Thunderclap+1"],"picked":"Metallicize","floor":22},{"not_picked":["Anger","Thunderclap"],"picked":"Disarm+1","floor":23},{"not_picked":["Pommel Strike","Combust"],"picked":"True Grit+1","floor":24},{"not_picked":["Battle Trance+1","Evolve","Armaments+1"],"picked":"SKIP","floor":25},{"not_picked":["Cleave","Rage+1"],"picked":"Havoc+1","floor":27},{"not_picked":["Heavy Blade+1","Rage+1"],"picked":"Disarm+1","floor":27},{"not_picked":["Thunderclap","Reckless Charge+1","Armaments+1"],"picked":"SKIP","floor":28},{"not_picked":["Wild Strike+1","Barricade"],"picked":"Twin Strike","floor":30},{"not_picked":["Flame Barrier+1","Spot Weakness+1"],"picked":"Flex+1","floor":30},{"not_picked":["Uppercut","Hemokinesis"],"picked":"Pommel Strike+1","floor":31},{"not_picked":["Evolve+1","Cleave"],"picked":"Havoc+1","floor":31},{"not_picked":["Inflame","Twin Strike"],"picked":"Battle Trance+1","floor":32},{"not_picked":["Immolate","Exhume+1"],"picked":"Reaper","floor":33},{"not_picked":["Thunderclap+1","Heavy Blade"],"picked":"True Grit+1","floor":35},{"not_picked":["Flame Barrier+1","Flex+1","Iron Wave"],"picked":"SKIP","floor":35},{"not_picked":["Rupture","Dropkick+1","Fire Breathing+1"],"picked":"SKIP","floor":37},{"not_picked":["Body Slam","Second Wind+1","Pommel Strike"],"picked":"SKIP","floor":37},{"not_picked":["Rupture","Dropkick+1","Fire Breathing+1"],"picked":"SKIP","floor":37},{"not_picked":["Body Slam","Second Wind+1","Pommel Strike"],"picked":"SKIP","floor":37},{"not_picked":["Havoc+1","Fire Breathing+1"],"picked":"Pommel Strike+1","floor":39},{"not_picked":["Bloodletting+1","Perfected Strike+1","Pommel Strike+1"],"picked":"SKIP","floor":39},{"not_picked":["Iron Wave","Sentinel+1","Spot Weakness+1"],"picked":"SKIP","floor":40},{"not_picked":["Flex+1","Ghostly Armor+1"],"picked":"Shrug It Off+1","floor":41},{"not_picked":["Dual Wield+1","Thunderclap+1","Feed"],"picked":"SKIP","floor":41},{"not_picked":["Clothesline+1","Searing Blow","Uppercut"],"picked":"SKIP","floor":42},{"not_picked":["Flex+1","Body Slam"],"picked":"Heavy Blade+1","floor":44},{"not_picked":["Flex+1","Havoc+1","Body Slam+1"],"picked":"SKIP","floor":45},{"not_picked":["Thunderclap+1","Pommel Strike","Clash+1"],"picked":"SKIP","floor":45},{"not_picked":["Iron Wave","Twin Strike+1"],"picked":"Limit Break+1","floor":47}],"player_experience":17885,"relics_obtained":[{"floor":7,"key":"Toxic Egg 2"},{"floor":9,"key":"Anchor"},{"floor":10,"key":"Orichalcum"},{"floor":11,"key":"Dream Catcher"},{"floor":14,"key":"Darkstone Periapt"},{"floor":23,"key":"MawBank"},{"floor":25,"key":"Prayer Wheel"},{"floor":26,"key":"Regal Pillow"},{"floor":28,"key":"Potion Belt"},{"floor":40,"key":"Meat on the Bone"},{"floor":42,"key":"Calipers"},{"floor":43,"key":"Omamori"},{"floor":44,"key":"Boot"},{"floor":47,"key":"Pantograph"}],"event_choices":[{"damage_healed":0,"gold_gain":0,"player_choice":"Searched \u00272\u0027 times","damage_taken":0,"max_hp_gain":0,"max_hp_loss":0,"event_name":"Dead Adventurer","floor":10,"gold_loss":0},{"damage_healed":0,"gold_gain":0,"player_choice":"Inject Mutagens","damage_taken":0,"relics_obtained":["MutagenicStrength"],"max_hp_gain":0,"max_hp_loss":0,"event_name":"Drug Dealer","floor":19,"gold_loss":0},{"damage_healed":0,"gold_gain":0,"cards_transformed":["Strike_R"],"player_choice":"Transformed","damage_taken":0,"max_hp_gain":0,"max_hp_loss":0,"event_name":"Transmorgrifier","floor":20,"gold_loss":0,"cards_obtained":["Hemokinesis"]},{"damage_healed":0,"gold_gain":0,"player_choice":"Ignored","damage_taken":0,"max_hp_gain":0,"max_hp_loss":0,"event_name":"Vampires","floor":29,"gold_loss":0},{"cards_removed":["Strike_R"],"damage_healed":0,"gold_gain":0,"player_choice":"Upgrade and Remove","damage_taken":0,"max_hp_gain":0,"max_hp_loss":0,"event_name":"Designer","floor":38,"gold_loss":90,"cards_upgraded":["Reaper"]}],"is_beta":false,"boss_relics":[{"not_picked":["Snecko Eye","Philosopher\u0027s Stone"],"picked":"Fusion Hammer"},{"not_picked":["White Beast Statue","Calling Bell"],"picked":"Mark of Pain"}],"items_purged_floors":[21,36,48],"is_endless":false,"potions_floor_spawned":[2,3,4,12,13,14,23,27,28,31,33,37,45,47],"ascension_level":5}