{"gold_per_floor":[110,126,138,138,138,172,186,247,271,305,305,321,337,351,351,351],"floor_reached":16,"playtime":1484,"items_purged":[],"score":130,"play_id":"dd07c312-9189-4310-bfe6-e859225f5101","local_time":"20180831010140","is_ascension_mode":true,"campfire_choices":[{"floor":11,"key":"REST"},{"data":"Blur","floor":15,"key":"SMITH"}],"neow_cost":"","seed_source_timestamp":46976179120899,"circlet_count":0,"master_deck":["Defend_G","Defend_G","Defend_G","Defend_G","Defend_G","Strike_G","Strike_G","Strike_G","Strike_G","Strike_G","Survivor","Neutralize+1","Caltrops","Acrobatics","Deflect","Blur+1","Underhanded Strike","Well Laid Plans","PiercingWail","Heel Hook","Dagger Spray","Acrobatics"],"relics":["Ring of the Snake","Centennial Puzzle","Tiny Chest","Bronze Scales","Art of War"],"potions_floor_usage":[6,8,8,10,13],"damage_taken":[{"damage":6,"enemies":"2 Louse","floor":1,"turns":4},{"damage":0,"enemies":"Cultist","floor":2,"turns":5},{"damage":2,"enemies":"Small Slimes","floor":3,"turns":4},{"damage":24,"enemies":"Gremlin Nob","floor":6,"turns":5},{"damage":4,"enemies":"2 Fungi Beasts","floor":7,"turns":4},{"damage":23,"enemies":"3 Sentries","floor":8,"turns":14},{"damage":22,"enemies":"Gremlin Nob","floor":10,"turns":6},{"damage":0,"enemies":"Red Slaver","floor":12,"turns":4},{"damage":6,"enemies":"Gremlin Gang","floor":13,"turns":4},{"damage":2,"enemies":"3 Louse","floor":14,"turns":2},{"damage":19,"enemies":"The Guardian","floor":16,"turns":2}],"seed_played":"-2002556991627111004","potions_obtained":[{"floor":1,"key":"Block Potion"},{"floor":3,"key":"PowerPotion"},{"floor":4,"key":"Regen Potion"},{"floor":4,"key":"Weak Potion"},{"floor":7,"key":"PowerPotion"},{"floor":12,"key":"SkillPotion"}],"is_trial":false,"path_per_floor":["M","M","M","?","?","E","M","E","T","E","R","M","M","M","R"],"character_chosen":"THE_SILENT","items_purchased":[],"campfire_rested":1,"item_purchase_floors":[],"current_hp_per_floor":[64,64,62,62,62,38,34,26,26,4,25,25,19,17,17,0],"gold":351,"neow_bonus":"","is_prod":false,"is_daily":false,"chose_seed":false,"campfire_upgraded":1,"win_rate":0,"timestamp":1535691700,"path_taken":["M","M","M","?","?","E","M","E","T","E","R","M","M","M","R","BOSS"],"build_version":"2018-08-30","purchased_purges":0,"victory":false,"max_hp_per_floor":[70,70,70,70,70,70,70,70,70,70,70,70,70,70,70,70],"card_choices":[{"not_picked":["Acrobatics","Deflect"],"picked":"Caltrops","floor":1},{"not_picked":["Slice","Expertise"],"picked":"Acrobatics","floor":2},{"not_picked":["Dodge and Roll","Quick Slash"],"picked":"Deflect","floor":3},{"not_picked":["Phantasmal Killer","Bouncing Flask"],"picked":"Blur","floor":6},{"not_picked":["Crippling Poison","Distraction"],"picked":"Underhanded Strike","floor":7},{"not_picked":["Prepared","Backflip"],"picked":"Well Laid Plans","floor":8},{"not_picked":["Accuracy","Caltrops"],"picked":"PiercingWail","floor":10},{"not_picked":["Choke","Backflip"],"picked":"Heel Hook","floor":12},{"not_picked":["Deflect","Underhanded Strike"],"picked":"Dagger Spray","floor":13},{"not_picked":["Backflip","Bane"],"picked":"Acrobatics","floor":14}],"player_experience":512413,"relics_obtained":[{"floor":6,"key":"Centennial Puzzle"},{"floor":8,"key":"Tiny Chest"},{"floor":9,"key":"Bronze Scales"},{"floor":10,"key":"Art of War"}],"event_choices":[{"event_name":"The Lab","player_choice":"Got Potions","floor":4,"damage_taken":0},{"event_name":"Accursed Blacksmith","player_choice":"Forge","floor":5,"damage_taken":0}],"is_beta":false,"boss_relics":[],"items_purged_floors":[],"is_endless":false,"potions_floor_spawned":[1,3,7,12],"killed_by":"The Guardian","ascension_level":1}