{"gold_per_floor":[110,110,126,126,126,160,160,172,172,172,74,91,105,135,135,230,230,185,185,185,185,85,85,85,85,85,85,85,85,85,85,85,85,85,85,85,85,85,85,85,85,85,85,85,85,85,85,85,85,85],"floor_reached":51,"playtime":4710,"items_purged":["Parasite","Strike_B"],"score":972,"play_id":"670e8675-e975-4453-bc07-73600f13508a","local_time":"20190130224425","is_ascension_mode":false,"campfire_choices":[{"data":"Zap","floor":7,"key":"SMITH"},{"data":"Hologram","floor":15,"key":"SMITH"},{"data":"Dualcast","floor":24,"key":"SMITH"},{"data":"Ghostly","floor":27,"key":"SMITH"},{"data":"Ghostly","floor":32,"key":"SMITH"},{"data":"Impatience","floor":42,"key":"SMITH"},{"data":"Panacea","floor":49,"key":"SMITH"}],"neow_cost":"NONE","seed_source_timestamp":30021721751153,"circlet_count":0,"master_deck":["Strike_B","Strike_B+1","Strike_B+1","Defend_B","Defend_B","Defend_B","Defend_B","Zap+1","Dualcast+1","Conserve Battery","Sweeping Beam","Self Repair+1","Streamline+1","Capacitor+1","Hologram+1","Loop+1","Biased Cognition+1","Echo Form+1","Cold Snap+1","Defragment+1","Cold Snap+1","Ghostly+1","Ghostly","Ghostly+1","Ghostly","Ghostly","BootSequence","Ball Lightning","Chill+1","Biased Cognition+1","Conserve Battery+1","Panacea+1","Dark Shackles","Impatience+1","Go for the Eyes+1","Defragment+1","Steam+1","Streamline+1","Capacitor+1","Compile Driver"],"relics":["Cracked Core","NeowsBlessing","Frozen Egg 2","Centennial Puzzle","Matryoshka","Bag of Preparation","Ectoplasm","Girya","Bottled Flame","Whetstone","Vajra","MawBank","Nuclear Battery","Oddly Smooth Stone","Unceasing Top","Boot","Bronze Scales","Smiling Mask","Kunai","Sundial"],"potions_floor_usage":[16,40,50,50],"damage_taken":[{"damage":0,"enemies":"2 Louse","floor":1,"turns":1},{"damage":0,"enemies":"Jaw Worm","floor":3,"turns":1},{"damage":0,"enemies":"3 Sentries","floor":6,"turns":1},{"damage":0,"enemies":"Small Slimes","floor":8,"turns":3},{"damage":6,"enemies":"Gremlin Gang","floor":12,"turns":4},{"damage":7,"enemies":"Blue Slaver","floor":13,"turns":4},{"damage":11,"enemies":"Gremlin Nob","floor":14,"turns":3},{"damage":30,"enemies":"Slime Boss","floor":16,"turns":6},{"damage":8,"enemies":"2 Thieves","floor":18,"turns":3},{"damage":0,"enemies":"Chosen","floor":19,"turns":4},{"damage":6,"enemies":"Colosseum Slavers","floor":20,"turns":5},{"damage":11,"enemies":"Colosseum Nobs","floor":20,"turns":3},{"damage":13,"enemies":"Snake Plant","floor":21,"turns":4},{"damage":0,"enemies":"3 Cultists","floor":28,"turns":6},{"damage":3,"enemies":"Centurion and Healer","floor":29,"turns":4},{"damage":2,"enemies":"Slavers","floor":30,"turns":5},{"damage":0,"enemies":"Snake Plant","floor":31,"turns":3},{"damage":0,"enemies":"Collector","floor":33,"turns":9},{"damage":0,"enemies":"Orb Walker","floor":35,"turns":3},{"damage":0,"enemies":"3 Darklings","floor":37,"turns":5},{"damage":0,"enemies":"Sphere and 2 Shapes","floor":39,"turns":7},{"damage":0,"enemies":"Giant Head","floor":40,"turns":8},{"damage":0,"enemies":"Mind Bloom Boss Battle","floor":41,"turns":7},{"damage":1,"enemies":"Reptomancer","floor":44,"turns":11},{"damage":0,"enemies":"Jaw Worm Horde","floor":45,"turns":4},{"damage":0,"enemies":"Nemesis","floor":46,"turns":7},{"damage":0,"enemies":"Spire Growth","floor":47,"turns":3},{"damage":7,"enemies":"Giant Head","floor":48,"turns":8},{"damage":0,"enemies":"Donu and Deca","floor":50,"turns":10}],"seed_played":"-5477642893718045832","potions_obtained":[{"floor":6,"key":"Dexterity Potion"},{"floor":12,"key":"PowerPotion"},{"floor":13,"key":"Swift Potion"},{"floor":16,"key":"SmokeBomb"},{"floor":21,"key":"SkillPotion"},{"floor":29,"key":"SkillPotion"},{"floor":35,"key":"Strength Potion"},{"floor":45,"key":"Dexterity Potion"}],"is_trial":false,"path_per_floor":["M","?","M","$","?","E","R","M","T","?","$","M","M","E","R","B",null,"M","M","?","M","$","?","R","?","T","R","M","M","E","M","R","B",null,"M","?","M","?","M","E","?","R","T","E","M","E","M","E","R","B",null],"character_chosen":"DEFECT","items_purchased":["Hologram"],"campfire_rested":0,"item_purchase_floors":[11],"current_hp_per_floor":[75,60,60,60,35,35,35,45,45,45,45,49,52,51,51,21,72,64,72,61,48,48,36,36,36,36,36,36,36,34,34,34,36,36,36,36,36,26,36,36,36,36,36,36,36,36,36,36,36,36],"gold":85,"neow_bonus":"THREE_ENEMY_KILL","is_prod":false,"is_daily":false,"chose_seed":false,"campfire_upgraded":7,"win_rate":0.0,"timestamp":1548841465,"path_taken":["M","?","M","$","?","E","R","M","T","?","$","M","?","E","R","BOSS","M","?","?","M","$","?","R","?","T","R","?","M","E","M","R","BOSS","M","?","M","?","M","E","?","R","T","E","M","E","M","E","R","BOSS"],"build_version":"2019-01-23","purchased_purges":2,"victory":true,"max_hp_per_floor":[75,75,75,75,75,75,75,75,75,75,72,72,72,72,72,72,72,72,72,72,72,72,36,36,36,36,36,36,36,36,36,36,36,36,36,36,36,36,36,36,36,36,36,36,36,36,36,36,36,36],"card_choices":[{"not_picked":["Beam Cell","Static Discharge"],"picked":"Conserve Battery","floor":1},{"not_picked":["Chaos","Loop"],"picked":"Sweeping Beam","floor":3},{"not_picked":["Consume","Beam Cell"],"picked":"Self Repair+1","floor":6},{"not_picked":["Rebound","Redo"],"picked":"Streamline","floor":8},{"not_picked":["Steam","Compile Driver"],"picked":"Loop+1","floor":12},{"not_picked":["Gash","Redo"],"picked":"Biased Cognition+1","floor":13},{"not_picked":["Stack","Hologram"],"picked":"Rebound","floor":14},{"not_picked":["Thunder Strike","Rainbow"],"picked":"Echo Form+1","floor":16},{"not_picked":["Steam+1","Force Field"],"picked":"Cold Snap","floor":18},{"not_picked":["Leap","Stack+1"],"picked":"Defragment+1","floor":19},{"not_picked":["Stack","Lockon"],"picked":"Cold Snap+1","floor":21},{"not_picked":["Self Repair+1","Redo"],"picked":"BootSequence","floor":28},{"not_picked":["Capacitor+1","Sweeping Beam"],"picked":"Ball Lightning","floor":29},{"not_picked":["Tempest","BootSequence","Redo+1"],"picked":"SKIP","floor":30},{"not_picked":["Skim+1","Coolheaded+1"],"picked":"Chill+1","floor":31},{"not_picked":["Multi-Cast","Fission"],"picked":"Biased Cognition+1","floor":33},{"not_picked":["Rebound+1","Tempest"],"picked":"Conserve Battery+1","floor":35},{"not_picked":["Conserve Battery+1","Cold Snap","Steam"],"picked":"SKIP","floor":37},{"not_picked":["HandOfGreed","Finesse"],"picked":"Panacea","floor":38},{"not_picked":["Bandage Up","Secret Technique"],"picked":"Dark Shackles","floor":38},{"not_picked":["Dramatic Entrance","Violence"],"picked":"Impatience","floor":38},{"not_picked":["Sweeping Beam+1","Skim","Barrage"],"picked":"SKIP","floor":39},{"not_picked":["Thunder Strike","Auto Shields+1"],"picked":"Go for the Eyes+1","floor":40},{"not_picked":["Steam+1","FTL+1"],"picked":"Defragment+1","floor":41},{"not_picked":["Gash","Stack+1"],"picked":"Steam+1","floor":44},{"not_picked":["Reinforced Body+1","Sweeping Beam+1"],"picked":"Streamline+1","floor":45},{"not_picked":["Conserve Battery+1","Fusion","Aggregate+1"],"picked":"SKIP","floor":46},{"not_picked":["Barrage+1","Rainbow"],"picked":"Capacitor+1","floor":47},{"not_picked":["Hologram+1","Leap"],"picked":"Compile Driver","floor":48}],"player_experience":123299,"relics_obtained":[{"floor":6,"key":"Centennial Puzzle"},{"floor":9,"key":"Matryoshka"},{"floor":14,"key":"Bag of Preparation"},{"floor":20,"key":"Girya"},{"floor":20,"key":"Bottled Flame"},{"floor":26,"key":"Whetstone"},{"floor":26,"key":"Vajra"},{"floor":30,"key":"MawBank"},{"floor":40,"key":"Oddly Smooth Stone"},{"floor":41,"key":"Unceasing Top"},{"floor":43,"key":"Boot"},{"floor":43,"key":"Bronze Scales"},{"floor":44,"key":"Smiling Mask"},{"floor":46,"key":"Kunai"},{"floor":48,"key":"Sundial"}],"event_choices":[{"damage_healed":0,"gold_gain":0,"player_choice":"Entered Light","damage_taken":15,"max_hp_gain":0,"max_hp_loss":0,"event_name":"Shining Light","floor":2,"gold_loss":0,"cards_upgraded":["Strike_B","Strike_B"]},{"damage_healed":0,"gold_gain":0,"player_choice":"Success","damage_taken":25,"relics_obtained":["Frozen Egg 2"],"max_hp_gain":0,"max_hp_loss":0,"event_name":"Scrap Ooze","floor":5,"gold_loss":0},{"damage_healed":0,"gold_gain":0,"player_choice":"2 cards matched","damage_taken":0,"max_hp_gain":0,"max_hp_loss":0,"event_name":"Match and Keep!","floor":10,"gold_loss":0,"cards_obtained":["Parasite","Capacitor"]},{"damage_healed":0,"gold_gain":0,"player_choice":"Fight","damage_taken":0,"max_hp_gain":0,"max_hp_loss":0,"event_name":"Colosseum","floor":20,"gold_loss":0},{"damage_healed":0,"gold_gain":0,"player_choice":"Fought Nobs","damage_taken":0,"max_hp_gain":0,"max_hp_loss":0,"event_name":"Colosseum","floor":20,"gold_loss":0},{"damage_healed":0,"gold_gain":0,"player_choice":"Became a Ghost","damage_taken":0,"max_hp_gain":0,"max_hp_loss":36,"event_name":"Ghosts","floor":23,"gold_loss":0,"cards_obtained":["Ghostly","Ghostly","Ghostly","Ghostly","Ghostly"]},{"damage_healed":0,"gold_gain":100,"player_choice":"Pray","damage_taken":0,"max_hp_gain":0,"max_hp_loss":0,"event_name":"Golden Shrine","floor":25,"gold_loss":0},{"cards_removed":["Rebound"],"damage_healed":0,"gold_gain":0,"player_choice":"Removed Attack","damage_taken":0,"max_hp_gain":0,"max_hp_loss":0,"event_name":"Falling","floor":36,"gold_loss":0},{"damage_healed":0,"gold_gain":0,"player_choice":"Memory 3","damage_taken":10,"max_hp_gain":0,"max_hp_loss":0,"event_name":"SensoryStone","floor":38,"gold_loss":0},{"damage_healed":0,"gold_gain":0,"player_choice":"Fight","damage_taken":0,"max_hp_gain":0,"max_hp_loss":0,"event_name":"MindBloom","floor":41,"gold_loss":0}],"is_beta":false,"boss_relics":[{"not_picked":["Pandora\u0027s Box","Astrolabe"],"picked":"Ectoplasm"},{"not_picked":["Busted Crown","Snecko Eye"],"picked":"Nuclear Battery"}],"items_purged_floors":[11,22],"is_endless":false,"potions_floor_spawned":[6,12,13,16,20,21,29,33,35,37,45,48],"ascension_level":0}