{"gold_per_floor":[113,113,113,113,125,154,154,180,180,195,228,245,24,37,37,136,136,152,252,264,264,264,297,297],"floor_reached":24,"playtime":608,"items_purged":[],"score":293,"play_id":"f335fc89-b9dd-48ea-b2e0-5bc8e899f469","local_time":"20180712033849","is_ascension_mode":true,"campfire_choices":[{"floor":7,"key":"REST"},{"floor":15,"key":"REST"}],"neow_cost":"TEN_PERCENT_HP_LOSS","seed_source_timestamp":6769304440622,"circlet_count":0,"master_deck":["Strike_B+1","Strike_B","Strike_B","Defend_B","Defend_B","Defend_B","Defend_B","Zap","Dualcast","Hyperbeam+1","BootSequence","Steam","Coolheaded","Coolheaded","Rebound","Compile Driver+1","Hologram","Steam","Leap","Seek+1","Redo","FTL+1"],"relics":["Cracked Core","Calipers","Kunai","Pantograph","Symbiotic Virus","Ancient Tea Set","DataDisk","Busted Crown","Juzu Bracelet","Whetstone"],"potions_floor_usage":[6,16,16,23],"damage_taken":[{"damage":9,"enemies":"Small Slimes","floor":1,"turns":2},{"damage":2,"enemies":"Jaw Worm","floor":5,"turns":2},{"damage":5,"enemies":"Lagavulin","floor":6,"turns":4},{"damage":16,"enemies":"Gremlin Nob","floor":8,"turns":4},{"damage":0,"enemies":"Cultist","floor":10,"turns":2},{"damage":1,"enemies":"3 Sentries","floor":11,"turns":5},{"damage":11,"enemies":"Gremlin Gang","floor":12,"turns":3},{"damage":0,"enemies":"Large Slime","floor":14,"turns":2},{"damage":9,"enemies":"Slime Boss","floor":16,"turns":9},{"damage":16,"enemies":"Shell Parasite","floor":18,"turns":4},{"damage":0,"enemies":"3 Byrds","floor":20,"turns":2},{"damage":26,"enemies":"Slavers","floor":23,"turns":3},{"damage":22,"enemies":"Snake Plant","floor":24,"turns":3}],"seed_played":"-2087284500152317154","potions_obtained":[{"floor":1,"key":"FearPotion"},{"floor":11,"key":"AttackPotion"},{"floor":12,"key":"Strength Potion"},{"floor":18,"key":"SneckoOil"}],"is_trial":false,"path_per_floor":["M","?","?","?","M","E","R","E","T","M","E","M","$","M","R","B",null,"M","?","M","?","?","E"],"character_chosen":"DEFECT","items_purchased":["DataDisk","Hologram","Steam"],"campfire_rested":2,"item_purchase_floors":[13,13,13],"current_hp_per_floor":[59,52,52,19,17,12,32,16,16,16,15,4,4,4,24,40,61,45,45,45,45,45,19,0],"gold":297,"neow_bonus":"THREE_RARE_CARDS","is_prod":false,"is_daily":false,"chose_seed":false,"campfire_upgraded":0,"win_rate":0,"timestamp":1531323529,"path_taken":["M","?","?","?","?","E","R","E","T","M","E","M","$","M","R","BOSS","M","?","M","?","?","E","M"],"build_version":"2018-07-05","purchased_purges":0,"victory":false,"max_hp_per_floor":[68,68,68,68,68,68,68,68,68,68,68,68,68,68,68,68,68,68,68,68,68,68,68,68],"card_choices":[{"not_picked":["Seek","Echo Form"],"picked":"Hyperbeam","floor":0},{"not_picked":["Stack","Sweeping Beam"],"picked":"BootSequence","floor":1},{"not_picked":["Scrape","Sunder","Loop"],"picked":"SKIP","floor":5},{"not_picked":["Machine Learning","Hello World"],"picked":"Steam","floor":6},{"not_picked":["Stack","Rip and Tear"],"picked":"Coolheaded","floor":8},{"not_picked":["Aggregate","Stack"],"picked":"Coolheaded","floor":10},{"not_picked":["Gash","Redo"],"picked":"Rebound","floor":11},{"not_picked":["Tempest","Barrage"],"picked":"Compile Driver","floor":12},{"not_picked":["Gash","Streamline"],"picked":"Leap","floor":14},{"not_picked":["Electrodynamics","Reboot"],"picked":"Seek","floor":16},{"not_picked":[],"picked":"Redo","floor":18},{"not_picked":["Ball Lightning"],"picked":"SKIP","floor":20},{"not_picked":[],"picked":"FTL+1","floor":23}],"player_experience":288626,"relics_obtained":[{"floor":6,"key":"Kunai"},{"floor":8,"key":"Pantograph"},{"floor":9,"key":"Symbiotic Virus"},{"floor":11,"key":"Ancient Tea Set"},{"floor":23,"key":"Whetstone"}],"event_choices":[{"event_name":"Golden Wing","player_choice":"Card Removal","floor":2,"damage_taken":0},{"event_name":"Living Wall","player_choice":"Grow","floor":3,"damage_taken":0},{"event_name":"Scrap Ooze","player_choice":"success","floor":4,"damage_taken":33},{"event_name":"Golden Shrine","player_choice":"Pray","floor":19,"damage_taken":0},{"event_name":"The Mausoleum","player_choice":"Yes","floor":21,"damage_taken":0},{"event_name":"Upgrade Shrine","player_choice":"Upgraded","floor":22,"damage_taken":0}],"boss_relics":[{"not_picked":["Philosopher\u0027s Stone","Lizard Tail"],"picked":"Busted Crown"}],"items_purged_floors":[],"is_endless":false,"potions_floor_spawned":[1,11,12,18],"killed_by":"Snake Plant","ascension_level":5}