{"gold_per_floor":[116,266,341,55,65,99,99,118,141,158,223,223,238,1,1,1],"floor_reached":16,"playtime":523,"items_purged":["Doubt"],"score":270,"play_id":"83b2e7ea-fd13-41a2-9b5a-23a55da93d56","local_time":"20190218034324","is_ascension_mode":true,"campfire_choices":[{"floor":15,"key":"REST"}],"neow_cost":"NONE","seed_source_timestamp":60809325657375,"circlet_count":0,"master_deck":["AscendersBane","Strike_R","Strike_R","Strike_R","Strike_R","Strike_R","Defend_R","Defend_R","Defend_R","Defend_R","Bash","Carnage","Cleave","Offering","True Grit"],"relics":["Burning Blood","NeowsBlessing","Gremlin Horn","Lantern","Centennial Puzzle","Tiny Chest","Dodecahedron","Regal Pillow"],"potions_floor_usage":[10,16,16],"damage_taken":[{"damage":0,"enemies":"2 Louse","floor":1,"turns":1},{"damage":0,"enemies":"Small Slimes","floor":5,"turns":2},{"damage":0,"enemies":"Gremlin Nob","floor":6,"turns":1},{"damage":2,"enemies":"Cultist","floor":8,"turns":4},{"damage":19,"enemies":"Large Slime","floor":10,"turns":7},{"damage":42,"enemies":"Lagavulin","floor":11,"turns":6},{"damage":21,"enemies":"Exordium Thugs","floor":13,"turns":4},{"damage":60,"enemies":"The Guardian","floor":16,"turns":12}],"seed_played":"-7591545756103717051","potions_obtained":[{"floor":5,"key":"Weak Potion"},{"floor":6,"key":"Explosive Potion"},{"floor":7,"key":"Block Potion"},{"floor":13,"key":"GamblersBrew"}],"is_trial":false,"path_per_floor":["M","?","?","$","M","E","?","M","T","M","E","?","M","$","R","B"],"character_chosen":"IRONCLAD","items_purchased":["Gremlin Horn","Regal Pillow"],"campfire_rested":1,"item_purchase_floors":[4,14],"current_hp_per_floor":[74,74,63,63,69,75,75,75,75,62,26,26,11,11,48,0],"gold":1,"neow_bonus":"THREE_ENEMY_KILL","is_prod":false,"is_daily":false,"chose_seed":false,"campfire_upgraded":0,"win_rate":0,"timestamp":1550414604,"path_taken":["M","?","?","$","M","E","?","?","T","M","E","?","M","$","R","BOSS"],"build_version":"2019-01-23","purchased_purges":1,"victory":false,"max_hp_per_floor":[75,75,75,75,75,75,75,75,75,75,75,75,75,75,75,75],"card_choices":[{"not_picked":["Body Slam","Clothesline"],"picked":"Carnage","floor":1},{"not_picked":["Armaments","Warcry"],"picked":"Cleave","floor":5},{"not_picked":["Cleave","Evolve"],"picked":"Offering","floor":6},{"not_picked":["Dual Wield","Sword Boomerang","Perfected Strike"],"picked":"SKIP","floor":8},{"not_picked":["Perfected Strike","Sentinel"],"picked":"Pommel Strike","floor":10},{"not_picked":["Feel No Pain","Anger","Bloodletting"],"picked":"SKIP","floor":11},{"not_picked":["Cleave","Hemokinesis"],"picked":"True Grit","floor":13}],"player_experience":330347,"relics_obtained":[{"floor":6,"key":"Lantern"},{"floor":9,"key":"Centennial Puzzle"},{"floor":11,"key":"Tiny Chest"}],"event_choices":[{"damage_healed":0,"gold_gain":150,"player_choice":"AGREE","damage_taken":0,"max_hp_gain":0,"max_hp_loss":0,"event_name":"Liars Game","floor":2,"gold_loss":0,"cards_obtained":["Doubt"]},{"damage_healed":0,"gold_gain":75,"player_choice":"Gather Gold","damage_taken":11,"max_hp_gain":0,"max_hp_loss":0,"event_name":"World of Goop","floor":3,"gold_loss":0},{"damage_healed":0,"gold_gain":0,"player_choice":"Got Potions","damage_taken":0,"max_hp_gain":0,"max_hp_loss":0,"event_name":"Lab","floor":7,"gold_loss":0},{"cards_removed":["Pommel Strike"],"damage_healed":0,"gold_gain":0,"player_choice":"Gave Card","damage_taken":0,"relics_obtained":["Dodecahedron"],"max_hp_gain":0,"max_hp_loss":0,"event_name":"WeMeetAgain","floor":12,"gold_loss":0}],"is_beta":false,"boss_relics":[],"items_purged_floors":[14],"is_endless":false,"potions_floor_spawned":[5,6,13],"killed_by":"The Guardian","ascension_level":20}