{"path_per_floor":["M","?","?","?","M","E","R","?","T","?","M","M","M","E","R","B",null,"M","$","?","?","M","R","E","?","T","E","R","M"],"character_chosen":"DEFECT","items_purchased":["Streamline+1","Ornamental Fan","Static Discharge"],"gold_per_floor":[111,111,111,111,126,153,153,153,153,228,244,259,274,300,300,401,401,390,11,11,11,22,22,49,49,106,136,136,148,148],"floor_reached":30,"campfire_rested":2,"playtime":880,"item_purchase_floors":[19,19,19],"current_hp_per_floor":[71,71,77,70,70,29,53,53,53,42,40,40,40,47,47,19,81,60,60,60,50,50,50,35,64,70,42,69,53,0],"items_purged":[],"gold":148,"score":386,"play_id":"22737b90-b234-46d7-80c4-b0a76640f66e","local_time":"20180529072358","is_prod":false,"is_daily":false,"chose_seed":false,"is_ascension_mode":true,"campfire_upgraded":2,"win_rate":0,"timestamp":1527535438,"campfire_choices":[{"floor":7,"key":"REST"},{"data":"Zap","floor":15,"key":"SMITH"},{"data":"Streamline","floor":23,"key":"SMITH"},{"floor":28,"key":"REST"}],"path_taken":["M","?","?","?","?","E","R","?","T","?","M","?","M","E","R","BOSS","M","$","?","?","M","R","E","?","T","E","R","M","E"],"build_version":"2018-05-27","seed_source_timestamp":29870613277943,"purchased_purges":0,"victory":false,"master_deck":["Strike_B","Strike_B","Strike_B","Strike_B","Defend_B","Defend_B","Defend_B","Defend_B","Zap+1","Dualcast","Go for the Eyes","Leap","Streamline+1","Hologram","Coolheaded","Self Repair","Beam Cell+1","Echo Form","Leap+1","Streamline+1","Static Discharge","Necronomicurse","Defragment","Heatsinks","Normality","Sweeping Beam+1","Beam Cell+1"],"max_hp_per_floor":[75,75,81,81,81,81,81,81,81,81,81,81,81,81,81,81,81,81,81,81,87,87,87,87,87,93,93,93,93,93],"relics":["Cracked Core","Bag of Marbles","Darkstone Periapt","Gremlin Horn","Molten Egg 2","Boot","Cursed Key","Ornamental Fan","Necronomicon","Kunai","Tiny Chest","DataDisk"],"card_choices":[{"not_picked":["Compile Driver","Streamline"],"picked":"Go for the Eyes","floor":1},{"not_picked":["Turbo","Consume"],"picked":"Leap","floor":5},{"not_picked":["Steam","Redo"],"picked":"Streamline","floor":6},{"not_picked":["Redo","Turbo"],"picked":"Hologram","floor":11},{"not_picked":["Barrage+1","Turbo"],"picked":"Coolheaded","floor":12},{"not_picked":["Genetic Algorithm","Heatsinks"],"picked":"Self Repair","floor":13},{"not_picked":["Thunder Strike+1","Cold Snap+1"],"picked":"Beam Cell+1","floor":14},{"not_picked":["Biased Cognition","Amplify"],"picked":"Echo Form","floor":16},{"not_picked":["Go for the Eyes+1","Steam Power+1"],"picked":"Leap+1","floor":18},{"not_picked":["Barrage+1","Undo"],"picked":"Defragment","floor":22},{"not_picked":["Tempest","Skim"],"picked":"Heatsinks","floor":24},{"not_picked":["Hologram+1","Leap+1"],"picked":"Sweeping Beam+1","floor":27},{"not_picked":["Steam","Ball Lightning+1"],"picked":"Beam Cell+1","floor":29}],"player_experience":298325,"potions_floor_usage":[6,14,14,24,29],"damage_taken":[{"damage":4,"enemies":"Jaw Worm","floor":1,"turns":4},{"damage":0,"enemies":"Cultist","floor":5,"turns":2},{"damage":41,"enemies":"Gremlin Nob","floor":6,"turns":5},{"damage":2,"enemies":"2 Louse","floor":11,"turns":2},{"damage":0,"enemies":"2 Fungi Beasts","floor":12,"turns":1},{"damage":0,"enemies":"3 Louse","floor":13,"turns":2},{"damage":0,"enemies":"Lagavulin","floor":14,"turns":7},{"damage":35,"enemies":"Slime Boss","floor":16,"turns":11},{"damage":28,"enemies":"2 Thieves","floor":18,"turns":4},{"damage":0,"enemies":"Spheric Guardian","floor":22,"turns":2},{"damage":29,"enemies":"Book of Stabbing","floor":24,"turns":5},{"damage":35,"enemies":"Slavers","floor":27,"turns":7},{"damage":30,"enemies":"Snake Plant","floor":29,"turns":5},{"damage":55,"enemies":"Gremlin Leader","floor":30,"turns":5}],"relics_obtained":[{"floor":6,"key":"Gremlin Horn"},{"floor":9,"key":"Molten Egg 2"},{"floor":14,"key":"Boot"},{"floor":21,"key":"Necronomicon"},{"floor":24,"key":"Kunai"},{"floor":26,"key":"Tiny Chest"},{"floor":27,"key":"DataDisk"}],"event_choices":[{"event_name":"Accursed Blacksmith","player_choice":"Rummage","floor":2,"damage_taken":0},{"event_name":"Big Fish","player_choice":"Box","floor":3,"damage_taken":0},{"event_name":"Golden Wing","player_choice":"Card Removal","floor":4,"damage_taken":0},{"event_name":"Living Wall","player_choice":"Forget","floor":8,"damage_taken":0},{"event_name":"World of Goop","player_choice":"Gather Gold","floor":10,"damage_taken":0},{"event_name":"Addict","player_choice":"Ignored","floor":20,"damage_taken":0},{"event_name":"Cursed Tome","player_choice":"Obtained Book","floor":21,"damage_taken":0},{"event_name":"The Library","player_choice":"Heal","floor":25,"damage_taken":0}],"boss_relics":[{"not_picked":["Philosopher\u0027s Stone","Orrery"],"picked":"Cursed Key"}],"items_purged_floors":[],"potions_floor_spawned":[5,11,12,18,27],"seed_played":"5612411400833549738","killed_by":"Gremlin Leader","ascension_level":4,"potions_obtained":[{"floor":5,"key":"SteroidPotion"},{"floor":11,"key":"FocusPotion"},{"floor":12,"key":"Weak Potion"},{"floor":18,"key":"Poison Potion"},{"floor":27,"key":"Weak Potion"}],"is_trial":false}