{"gold_per_floor":[111,129,141,153,153,153,185,185,185,219,235,235,12,40,40,135,135,151,6,6,0,0,18,37,67,67,87,87,87,87,103,103,103],"floor_reached":33,"playtime":7619,"items_purged":[],"score":285,"play_id":"ef071ed3-b01a-4c09-a9f7-cdd517bf61e1","local_time":"20190201013150","is_ascension_mode":false,"campfire_choices":[{"data":"Zap","floor":6,"key":"SMITH"},{"floor":8,"key":"REST"},{"floor":15,"key":"REST"},{"floor":29,"key":"REST"},{"floor":32,"key":"REST"}],"neow_cost":"NONE","seed_source_timestamp":174465845229409,"circlet_count":0,"master_deck":["Strike_B","Strike_B","Strike_B","Defend_B","Defend_B","Defend_B","Defend_B+1","Zap+1","Dualcast","Go for the Eyes","Static Discharge","Conserve Battery+1","Aggregate","White Noise","Blizzard","Undo","Self Repair+1","Sunder","Meteor Strike","Multi-Cast","Stack+1","Streamline","Conserve Battery","Storm","Rebound+1","Doom and Gloom","Heatsinks","Gash","Rebound+1","Biased Cognition","Electrodynamics"],"relics":["Cracked Core","Pocketwatch","Calipers","Sundial","PreservedInsect","Boot","Inserter","Bird Faced Urn","War Paint","Nilry\u0027s Codex"],"potions_floor_usage":[27,27,31,33,33],"damage_taken":[{"damage":9,"enemies":"Small Slimes","floor":1,"turns":4},{"damage":0,"enemies":"Cultist","floor":2,"turns":3},{"damage":1,"enemies":"Jaw Worm","floor":3,"turns":4},{"damage":5,"enemies":"Looter","floor":4,"turns":4},{"damage":45,"enemies":"Gremlin Nob","floor":7,"turns":5},{"damage":28,"enemies":"3 Sentries","floor":10,"turns":8},{"damage":1,"enemies":"3 Louse","floor":11,"turns":4},{"damage":5,"enemies":"Gremlin Nob","floor":14,"turns":4},{"damage":35,"enemies":"The Guardian","floor":16,"turns":15},{"damage":10,"enemies":"3 Byrds","floor":18,"turns":2},{"damage":12,"enemies":"2 Thieves","floor":21,"turns":4},{"damage":8,"enemies":"Cultist and Chosen","floor":23,"turns":6},{"damage":32,"enemies":"Sentry and Sphere","floor":24,"turns":8},{"damage":39,"enemies":"Gremlin Leader","floor":25,"turns":7},{"damage":14,"enemies":"Snake Plant","floor":27,"turns":7},{"damage":15,"enemies":"3 Cultists","floor":31,"turns":5},{"damage":71,"enemies":"Collector","floor":33,"turns":5}],"seed_played":"5719918420071769846","potions_obtained":[{"floor":1,"key":"SpeedPotion"},{"floor":10,"key":"Ancient Potion"},{"floor":11,"key":"Explosive Potion"},{"floor":27,"key":"SkillPotion"},{"floor":31,"key":"Ancient Potion"}],"is_trial":false,"path_per_floor":["?","M","?","?","?","?","?","M"],"character_chosen":"DEFECT","items_purchased":["PreservedInsect","Sunder","Streamline","Conserve Battery","Storm"],"campfire_rested":4,"item_purchase_floors":[13,13,19,19,19],"current_hp_per_floor":[73,73,72,67,67,67,22,46,46,18,17,17,17,12,36,11,82,72,72,72,70,70,62,40,11,11,17,17,41,25,26,50,0],"gold":103,"neow_bonus":"TEN_PERCENT_HP_BONUS","is_prod":false,"is_daily":false,"chose_seed":false,"campfire_upgraded":1,"win_rate":0.0,"timestamp":1548959510,"path_taken":["M","M","M","M","?","R","E","R","T","E","?","?","$","E","R","BOSS","M","$","?","M","?","M","M","E","T","M","?","R","?","?","R","BOSS"],"build_version":"2019-01-23","purchased_purges":0,"victory":false,"max_hp_per_floor":[82,82,82,82,82,82,82,82,82,82,82,82,82,82,82,82,82,82,82,82,82,82,82,82,82,82,82,82,82,82,82,82,82],"card_choices":[{"not_picked":["Double Energy","Coolheaded"],"picked":"Go for the Eyes","floor":1},{"not_picked":["Fusion","Barrage"],"picked":"Static Discharge","floor":2},{"not_picked":["Sweeping Beam","Loop"],"picked":"Conserve Battery","floor":3},{"not_picked":["Compile Driver","Beam Cell"],"picked":"Aggregate","floor":4},{"not_picked":["White Noise","Barrage"],"picked":"Blizzard","floor":7},{"not_picked":["Barrage","Steam"],"picked":"Undo","floor":10},{"not_picked":["Storm","Barrage"],"picked":"Self Repair","floor":11},{"not_picked":["Self Repair","Hologram"],"picked":"Meteor Strike","floor":14},{"not_picked":["Amplify","Seek"],"picked":"Multi-Cast","floor":16},{"not_picked":["Ball Lightning","Darkness"],"picked":"Stack+1","floor":18},{"not_picked":["Leap","Conserve Battery"],"picked":"Rebound+1","floor":21},{"not_picked":["Darkness+1","Rip and Tear"],"picked":"Doom and Gloom","floor":23},{"not_picked":["Darkness","Go for the Eyes"],"picked":"Heatsinks","floor":24},{"not_picked":["Double Energy","Cold Snap"],"picked":"Gash","floor":25},{"not_picked":["Darkness","Capacitor"],"picked":"Rebound+1","floor":27},{"not_picked":["Undo","Beam Cell"],"picked":"Electrodynamics","floor":31}],"player_experience":33117,"relics_obtained":[{"floor":7,"key":"Pocketwatch"},{"floor":9,"key":"Calipers"},{"floor":10,"key":"Sundial"},{"floor":14,"key":"Boot"},{"floor":25,"key":"Bird Faced Urn"},{"floor":26,"key":"War Paint"},{"floor":30,"key":"Nilry\u0027s Codex"}],"event_choices":[{"damage_healed":0,"gold_gain":0,"cards_transformed":["Strike_B"],"player_choice":"Transformed","damage_taken":0,"max_hp_gain":0,"max_hp_loss":0,"event_name":"Transmorgrifier","floor":5,"gold_loss":0,"cards_obtained":["White Noise"]},{"damage_healed":0,"gold_gain":0,"player_choice":"Grow","damage_taken":0,"max_hp_gain":0,"max_hp_loss":0,"event_name":"Living Wall","floor":12,"gold_loss":0,"cards_upgraded":["Self Repair"]},{"damage_healed":0,"gold_gain":0,"player_choice":"Ignored","damage_taken":0,"max_hp_gain":0,"max_hp_loss":0,"event_name":"Beggar","floor":20,"gold_loss":0},{"damage_healed":0,"gold_gain":0,"player_choice":"Ignored","damage_taken":0,"max_hp_gain":0,"max_hp_loss":0,"event_name":"Vampires","floor":22,"gold_loss":0},{"damage_healed":0,"gold_gain":0,"player_choice":"Read","damage_taken":0,"max_hp_gain":0,"max_hp_loss":0,"event_name":"The Library","floor":28,"gold_loss":0,"cards_obtained":["Biased Cognition"]},{"damage_healed":0,"gold_gain":0,"player_choice":"Obtained Book","damage_taken":16,"max_hp_gain":0,"max_hp_loss":0,"event_name":"Cursed Tome","floor":30,"gold_loss":0}],"is_beta":false,"boss_relics":[{"not_picked":["Calling Bell","Empty Cage"],"picked":"Inserter"}],"items_purged_floors":[],"is_endless":false,"potions_floor_spawned":[1,10,11,14,27,31],"killed_by":"Collector","ascension_level":0}