{"gold_per_floor":[109,284,284,121,132,158,172,186,210,210,210,31,31,56,56,161,161,173,35,35,35,35,65,85,103,151,177,2,32,32,49,49,149,149,162,262,262,279,292,317,46,72,140,140,153,153,3,3,3,3,3,3,3,3],"floor_reached":54,"playtime":3499,"items_purged":["Doubt","Strike_B","Strike_B","Strike_B"],"score":911,"play_id":"247efb1b-95f3-4dee-98ee-09ce7e4bfee2","local_time":"20190220222805","is_ascension_mode":true,"campfire_choices":[{"data":"Zap","floor":10,"key":"SMITH"},{"data":"Apotheosis","floor":13,"key":"SMITH"},{"data":"Reinforced Body","floor":15,"key":"SMITH"},{"data":"Defragment","floor":30,"key":"SMITH"},{"floor":32,"key":"REST"},{"floor":44,"key":"REST"},{"floor":46,"key":"RECALL"},{"floor":49,"key":"REST"},{"data":"Seek","floor":52,"key":"SMITH"}],"neow_cost":"NONE","seed_source_timestamp":52670388959361,"circlet_count":0,"master_deck":["Strike_B","Defend_B","Defend_B","Defend_B","Defend_B","Zap+1","Dualcast","Purity","Hologram","Zap","Sunder","Leap","Leap","Coolheaded","Ball Lightning","Chill","Apotheosis+1","Reinforced Body+1","Machine Learning","BootSequence+1","Loop","Reprogram+1","Consume","Defragment+1","Biased Cognition","Conserve Battery","Coolheaded","Defragment+1","Seek+1","Doom and Gloom+1","Capacitor+1","Blizzard","Loop+1"],"relics":["Cracked Core","PreservedInsect","Art of War","Blood Vial","Bronze Scales","Lizard Tail","Torii","Bag of Marbles","Oddly Smooth Stone","Kunai","Inserter","Calipers","Pen Nib","Lantern","Bottled Tornado","Blue Candle"],"potions_floor_usage":[8,24,25,25,25,25,27,31,36,36,42,42],"damage_taken":[{"damage":0,"enemies":"Small Slimes","floor":1,"turns":2},{"damage":0,"enemies":"Cultist","floor":5,"turns":2},{"damage":22,"enemies":"Lagavulin","floor":6,"turns":6},{"damage":2,"enemies":"Jaw Worm","floor":7,"turns":3},{"damage":0,"enemies":"Lots of Slimes","floor":8,"turns":1},{"damage":6,"enemies":"3 Sentries","floor":14,"turns":3},{"damage":24,"enemies":"Hexaghost","floor":16,"turns":8},{"damage":2,"enemies":"Shell Parasite","floor":18,"turns":4},{"damage":26,"enemies":"Book of Stabbing","floor":23,"turns":5},{"damage":1,"enemies":"Spheric Guardian","floor":24,"turns":4},{"damage":8,"enemies":"Centurion and Healer","floor":25,"turns":6},{"damage":11,"enemies":"Slavers","floor":27,"turns":5},{"damage":0,"enemies":"Book of Stabbing","floor":29,"turns":4},{"damage":0,"enemies":"Shelled Parasite and Fungi","floor":31,"turns":6},{"damage":45,"enemies":"Champ","floor":33,"turns":13},{"damage":18,"enemies":"3 Shapes","floor":35,"turns":4},{"damage":0,"enemies":"Mind Bloom Boss Battle","floor":36,"turns":6},{"damage":0,"enemies":"Orb Walker","floor":38,"turns":5},{"damage":0,"enemies":"3 Darklings","floor":39,"turns":4},{"damage":13,"enemies":"Nemesis","floor":40,"turns":7},{"damage":38,"enemies":"Reptomancer","floor":42,"turns":7},{"damage":13,"enemies":"4 Shapes","floor":45,"turns":5},{"damage":51,"enemies":"Time Eater","floor":50,"turns":12},{"damage":75,"enemies":"Shield and Spear","floor":54,"turns":6}],"seed_played":"-4838659771805399138","potions_obtained":[{"floor":6,"key":"Explosive Potion"},{"floor":7,"key":"Energy Potion"},{"floor":14,"key":"SteroidPotion"},{"floor":18,"key":"EntropicBrew"},{"floor":23,"key":"FearPotion"},{"floor":24,"key":"SteroidPotion"},{"floor":31,"key":"Explosive Potion"},{"floor":33,"key":"Explosive Potion"},{"floor":39,"key":"Weak Potion"},{"floor":40,"key":"AttackPotion"},{"floor":42,"key":"Ancient Potion"},{"floor":45,"key":"Ancient Potion"}],"is_trial":false,"path_per_floor":["M","?","?","$","M","E","M","M","T","R","?","$","R","E","R","B",null,"M","$","?","?","$","E","M","M","T","E","$","E","R","M","R","B",null,"M","?","?","M","M","E","$","E","T","R","M","R","$","?","R","B",null,"R","$","E"],"character_chosen":"DEFECT","items_purchased":["FTL","Leap","Apotheosis","Loop","Biased Cognition","Conserve Battery","Lantern"],"campfire_rested":3,"item_purchase_floors":[4,4,12,19,28,28,41],"current_hp_per_floor":[75,75,75,75,75,53,51,51,51,51,51,51,51,47,47,25,75,73,73,73,73,73,49,50,44,44,35,35,37,37,39,61,18,75,57,59,59,61,63,52,52,16,16,38,27,27,27,20,42,37,75,75,75,0],"gold":3,"neow_bonus":"RANDOM_COLORLESS","is_prod":false,"is_daily":false,"chose_seed":false,"campfire_upgraded":5,"win_rate":0,"timestamp":1550730485,"path_taken":["M","?","?","$","M","E","?","M","T","R","?","$","R","E","R","BOSS","M","?","?","?","$","E","M","?","T","E","$","E","R","M","R","BOSS","M","?","?","M","M","E","?","E","T","R","M","R","$","?","R","BOSS","R","$","E"],"build_version":"2019-01-23","purchased_purges":4,"victory":false,"max_hp_per_floor":[75,75,75,75,75,75,75,75,75,75,75,75,75,75,75,75,75,75,75,75,75,75,75,75,75,75,75,75,75,75,75,75,75,75,75,75,75,75,75,75,75,75,75,75,75,75,75,75,75,75,75,75,75,75],"card_choices":[{"not_picked":["Beam Cell","Redo"],"picked":"Hologram","floor":1},{"not_picked":["Beam Cell","Tempest"],"picked":"Leap","floor":5},{"not_picked":["Rebound","Conserve Battery"],"picked":"Coolheaded","floor":6},{"not_picked":["Recycle","Steam"],"picked":"Ball Lightning","floor":7},{"not_picked":["Steam","Multi-Cast"],"picked":"Chill","floor":8},{"not_picked":["Steam","Stack"],"picked":"Reinforced Body","floor":14},{"not_picked":["Buffer","Thunder Strike"],"picked":"Machine Learning","floor":16},{"not_picked":["Rip and Tear","Conserve Battery"],"picked":"BootSequence+1","floor":18},{"not_picked":["Gash","Sweeping Beam"],"picked":"Reprogram+1","floor":23},{"not_picked":["Ball Lightning","Go for the Eyes"],"picked":"Consume","floor":24},{"not_picked":["Hello World","Heatsinks","Fusion"],"picked":"SKIP","floor":25},{"not_picked":["Skim","Leap"],"picked":"Defragment","floor":27},{"not_picked":["Chill","Steam"],"picked":"Coolheaded","floor":29},{"not_picked":["Recycle","Barrage"],"picked":"Defragment+1","floor":31},{"not_picked":["Buffer","Core Surge"],"picked":"Seek","floor":33},{"not_picked":["Aggregate","Storm"],"picked":"Doom and Gloom+1","floor":35},{"not_picked":["Lockon+1","Sweeping Beam+1"],"picked":"Capacitor+1","floor":36},{"not_picked":["Stack","Sunder+1","Barrage"],"picked":"SKIP","floor":38},{"not_picked":["Capacitor","Fusion"],"picked":"Blizzard","floor":39},{"not_picked":["Stack+1","Steam Power+1","Reinforced Body"],"picked":"SKIP","floor":40},{"not_picked":["Stack+1","Rebound+1","Barrage"],"picked":"SKIP","floor":42},{"not_picked":["Core Surge","Rebound+1"],"picked":"Loop+1","floor":45}],"player_experience":400329,"relics_obtained":[{"floor":6,"key":"PreservedInsect"},{"floor":9,"key":"Art of War"},{"floor":14,"key":"Bronze Scales"},{"floor":23,"key":"Bag of Marbles"},{"floor":27,"key":"Oddly Smooth Stone"},{"floor":29,"key":"Kunai"},{"floor":36,"key":"Calipers"},{"floor":40,"key":"Pen Nib"},{"floor":42,"key":"Bottled Tornado"},{"floor":43,"key":"Blue Candle"}],"event_choices":[{"damage_healed":0,"gold_gain":175,"player_choice":"AGREE","damage_taken":0,"max_hp_gain":0,"max_hp_loss":0,"event_name":"Liars Game","floor":2,"gold_loss":0,"cards_obtained":["Doubt"]},{"damage_healed":0,"gold_gain":0,"player_choice":"2 cards matched","damage_taken":0,"max_hp_gain":0,"max_hp_loss":0,"event_name":"Match and Keep!","floor":3,"gold_loss":0,"cards_obtained":["Zap","Sunder"]},{"damage_healed":0,"gold_gain":0,"player_choice":"Gave Potion","damage_taken":0,"relics_obtained":["Blood Vial"],"max_hp_gain":0,"max_hp_loss":0,"event_name":"WeMeetAgain","floor":11,"gold_loss":0},{"damage_healed":0,"gold_gain":0,"player_choice":"Ignored","damage_taken":0,"max_hp_gain":0,"max_hp_loss":0,"event_name":"Beggar","floor":20,"gold_loss":0},{"damage_healed":0,"gold_gain":0,"player_choice":"Opened","damage_taken":0,"relics_obtained":["Torii"],"max_hp_gain":0,"max_hp_loss":0,"event_name":"The Mausoleum","floor":21,"gold_loss":0},{"damage_healed":0,"gold_gain":0,"player_choice":"Fight","damage_taken":0,"max_hp_gain":0,"max_hp_loss":0,"event_name":"MindBloom","floor":36,"gold_loss":0},{"cards_removed":["FTL"],"damage_healed":0,"gold_gain":0,"player_choice":"Removed Attack","damage_taken":0,"max_hp_gain":0,"max_hp_loss":0,"event_name":"Falling","floor":37,"gold_loss":0},{"damage_healed":0,"gold_gain":0,"player_choice":"Damaged","damage_taken":7,"max_hp_gain":0,"max_hp_loss":0,"event_name":"Wheel of Change","floor":48,"gold_loss":0}],"is_beta":false,"boss_relics":[{"not_picked":["Sozu","Busted Crown"],"picked":"Lizard Tail"},{"not_picked":["Eternal Feather","Pandora\u0027s Box"],"picked":"Inserter"}],"items_purged_floors":[4,19,41,47],"is_endless":false,"potions_floor_spawned":[6,7,14,18,23,24,31,33,39,40,42,45],"killed_by":"Shield and Spear","ascension_level":4}