{"gold_per_floor":[113,388,404,419,431,431,441,441,441,516,516,544,563,126,126,126],"floor_reached":16,"playtime":1572,"items_purged":["Regret"],"score":102,"play_id":"d5d1e8f6-ef83-4452-8fe1-5d523005da5a","local_time":"20190114080324","is_ascension_mode":false,"campfire_choices":[{"data":"Consume","floor":6,"key":"SMITH"},{"data":"Zap","floor":11,"key":"SMITH"},{"data":"Biased Cognition","floor":15,"key":"SMITH"}],"neow_cost":"NONE","seed_source_timestamp":248408919707574,"circlet_count":0,"master_deck":["Strike_B","Strike_B","Strike_B","Strike_B","Defend_B","Defend_B","Defend_B","Defend_B+1","Zap+1","Dualcast","Cold Snap","BootSequence+1","Consume+1","Self Repair","Conserve Battery","Biased Cognition+1","Self Repair","Blizzard","Coolheaded","Dark Shackles"],"relics":["Cracked Core","NeowsBlessing","War Paint","Dream Catcher","Lantern"],"potions_floor_usage":[12,16],"damage_taken":[{"damage":0,"enemies":"Cultist","floor":1,"turns":1},{"damage":0,"enemies":"Small Slimes","floor":3,"turns":1},{"damage":0,"enemies":"Jaw Worm","floor":4,"turns":1},{"damage":32,"enemies":"Exordium Thugs","floor":5,"turns":5},{"damage":6,"enemies":"Blue Slaver","floor":7,"turns":4},{"damage":12,"enemies":"3 Sentries","floor":12,"turns":8},{"damage":9,"enemies":"2 Fungi Beasts","floor":13,"turns":4},{"damage":34,"enemies":"Hexaghost","floor":16,"turns":16}],"seed_played":"-2122092024590964347","potions_obtained":[{"floor":4,"key":"FearPotion"},{"floor":5,"key":"LiquidBronze"},{"floor":7,"key":"SkillPotion"}],"is_trial":false,"path_per_floor":["M","?","M","M","M","R","M","?","T","?","R","E","M","$","R","B"],"character_chosen":"DEFECT","items_purchased":["Blizzard","Coolheaded","Dark Shackles","Lantern"],"campfire_rested":0,"item_purchase_floors":[14,14,14,14],"current_hp_per_floor":[75,75,75,75,43,43,44,49,49,41,41,36,34,34,34,0],"gold":126,"neow_bonus":"THREE_ENEMY_KILL","is_prod":false,"is_daily":false,"chose_seed":false,"campfire_upgraded":3,"win_rate":0.0,"timestamp":1547471004,"path_taken":["M","?","M","?","M","R","M","?","T","?","R","E","M","$","R","BOSS"],"build_version":"2019-01-10","purchased_purges":1,"victory":false,"max_hp_per_floor":[75,75,75,75,75,75,75,80,80,80,80,80,80,80,80,80],"card_choices":[{"not_picked":["Sweeping Beam","Go for the Eyes"],"picked":"Cold Snap","floor":1},{"not_picked":["Steam Power","Cold Snap"],"picked":"BootSequence","floor":3},{"not_picked":["Hello World","Conserve Battery"],"picked":"Consume","floor":4},{"not_picked":["Beam Cell","Redo"],"picked":"Self Repair","floor":5},{"not_picked":["Fusion","Streamline"],"picked":"Conserve Battery","floor":7},{"not_picked":["Scrape","Beam Cell"],"picked":"Biased Cognition","floor":12},{"not_picked":["Static Discharge","Double Energy"],"picked":"Self Repair","floor":13}],"player_experience":79233,"relics_obtained":[{"floor":9,"key":"War Paint"},{"floor":12,"key":"Dream Catcher"}],"event_choices":[{"damage_healed":0,"gold_gain":275,"player_choice":"Desecrate","damage_taken":0,"max_hp_gain":0,"max_hp_loss":0,"event_name":"Golden Shrine","floor":2,"gold_loss":0,"cards_obtained":["Regret"]},{"damage_healed":0,"gold_gain":0,"player_choice":"Donut","damage_taken":0,"max_hp_gain":5,"max_hp_loss":0,"event_name":"Big Fish","floor":8,"gold_loss":0},{"damage_healed":0,"gold_gain":75,"player_choice":"Touch","damage_taken":8,"max_hp_gain":0,"max_hp_loss":0,"event_name":"FaceTrader","floor":10,"gold_loss":0}],"is_beta":false,"boss_relics":[],"items_purged_floors":[14],"is_endless":false,"potions_floor_spawned":[4,5,7],"killed_by":"Hexaghost","ascension_level":0}