{"gold_per_floor":[115,53,63,78,98,98,108,108,108,108,123,136,149,5,5,110,110,128,128,147,147,159,159,175,188,188,199,199,231,231,245,245,245],"floor_reached":33,"playtime":4295,"items_purged":["Strike_G"],"score":441,"play_id":"8c7d2502-018e-4234-8648-31d4ab5f649f","local_time":"20181102001749","is_ascension_mode":true,"campfire_choices":[{"data":"Infinite Blades","floor":6,"key":"SMITH"},{"floor":8,"key":"REST"},{"data":"Concentrate","floor":10,"key":"SMITH"},{"data":"Neutralize","floor":15,"key":"SMITH"},{"data":"Dash","floor":23,"key":"SMITH"},{"floor":28,"key":"REST"},{"floor":32,"key":"REST"}],"neow_cost":"NONE","seed_source_timestamp":0,"circlet_count":0,"master_deck":["Defend_G","Defend_G","Defend_G","Defend_G","Defend_G","Strike_G","Strike_G","Strike_G","Strike_G","Survivor","Neutralize+1","Infinite Blades+1","Concentrate+1","Dash+1","Backflip","Backflip","Underhanded Strike+1","Dagger Spray+1","Predator+1","Grand Finale+1","Concentrate+1","Backflip+1","Infinite Blades+1","Doubt","Acrobatics","Blur","Dagger Spray+1","Prepared"],"special_seed":0,"relics":["Ring of the Snake","Matryoshka","Lantern","Molten Egg 2","Cursed Key","Sundial","Dream Catcher","Singing Bowl","Bronze Scales"],"potions_floor_usage":[5,22,24,24,33],"damage_taken":[{"damage":9,"enemies":"Small Slimes","floor":1,"turns":5},{"damage":5,"enemies":"Cultist","floor":3,"turns":5},{"damage":7,"enemies":"2 Louse","floor":4,"turns":4},{"damage":31,"enemies":"Exordium Wildlife","floor":5,"turns":7},{"damage":11,"enemies":"Large Slime","floor":7,"turns":10},{"damage":0,"enemies":"2 Fungi Beasts","floor":11,"turns":4},{"damage":0,"enemies":"Looter","floor":12,"turns":3},{"damage":0,"enemies":"Large Slime","floor":13,"turns":4},{"damage":0,"enemies":"Slime Boss","floor":16,"turns":8},{"damage":10,"enemies":"Spheric Guardian","floor":18,"turns":4},{"damage":16,"enemies":"Shell Parasite","floor":20,"turns":5},{"damage":14,"enemies":"Centurion and Healer","floor":22,"turns":6},{"damage":15,"enemies":"Snake Plant","floor":24,"turns":3},{"damage":11,"enemies":"Sentry and Sphere","floor":25,"turns":6},{"damage":8,"enemies":"3 Cultists","floor":27,"turns":5},{"damage":22,"enemies":"Book of Stabbing","floor":29,"turns":7},{"damage":4,"enemies":"Cultist and Chosen","floor":31,"turns":6},{"damage":43,"enemies":"Automaton","floor":33,"turns":6}],"seed_played":"7326587181025037987","potions_obtained":[{"floor":4,"key":"SkillPotion"},{"floor":11,"key":"Regen Potion"},{"floor":13,"key":"SpeedPotion"},{"floor":20,"key":"Weak Potion"},{"floor":22,"key":"PowerPotion"}],"is_trial":false,"path_per_floor":["M","?","M","M","M","R","M","R","T","R","M","M","M","$","R","B",null,"M","?","M","?","M","R","M","M","T","M","R","E","?","M","R","B"],"character_chosen":"THE_SILENT","items_purchased":["Predator+1"],"campfire_rested":3,"item_purchase_floors":[14],"current_hp_per_floor":[61,61,56,49,18,18,7,30,30,30,30,30,30,30,30,30,65,55,55,39,39,40,40,25,14,14,8,31,9,9,5,28,0],"gold":245,"neow_bonus":"TEN_PERCENT_HP_BONUS","is_prod":false,"is_daily":false,"chose_seed":false,"campfire_upgraded":4,"win_rate":0,"timestamp":1541132269,"path_taken":["M","?","?","M","M","R","M","R","T","R","M","M","M","$","R","BOSS","M","?","M","?","?","R","M","M","T","M","R","E","?","M","R","BOSS"],"build_version":"2018-11-01","purchased_purges":1,"victory":false,"max_hp_per_floor":[77,77,77,77,77,77,77,77,77,77,77,77,77,77,77,77,77,77,77,77,77,77,77,77,77,77,79,79,79,79,79,79,79],"card_choices":[{"not_picked":["Bane","PiercingWail"],"picked":"Infinite Blades","floor":1},{"not_picked":["Infinite Blades","Dodge and Roll"],"picked":"Concentrate","floor":3},{"not_picked":["Deadly Poison","Bane"],"picked":"Dash","floor":4},{"not_picked":["Deflect","Flying Knee"],"picked":"Backflip","floor":5},{"not_picked":["Deadly Poison","Quick Slash"],"picked":"Backflip","floor":7},{"not_picked":["Catalyst","Backflip"],"picked":"Underhanded Strike+1","floor":11},{"not_picked":["Venomology","Quick Slash+1"],"picked":"Dagger Spray+1","floor":12},{"not_picked":["Bane+1","Blade Dance","Noxious Fumes"],"picked":"SKIP","floor":13},{"not_picked":["Doppelganger","Die Die Die+1"],"picked":"Grand Finale+1","floor":16},{"not_picked":["Outmaneuver","Noxious Fumes+1"],"picked":"Concentrate+1","floor":18},{"not_picked":["Poisoned Stab+1","Underhanded Strike+1"],"picked":"Backflip+1","floor":20},{"not_picked":["Heel Hook+1","Quick Slash+1","Phantasmal Killer"],"picked":"SKIP","floor":22},{"not_picked":["All Out Attack+1","Crippling Poison","Setup+1"],"picked":"SKIP","floor":24},{"not_picked":["Accuracy+1","All Out Attack+1","Underhanded Strike+1"],"picked":"SKIP","floor":25},{"not_picked":["Deadly Poison","Deflect","Tactician"],"picked":"Singing Bowl","floor":27},{"not_picked":["Riddle With Holes+1","Calculated Gamble"],"picked":"Acrobatics","floor":28},{"not_picked":["Noxious Fumes","Accuracy"],"picked":"Blur","floor":29},{"not_picked":["Infinite Blades","Finisher+1"],"picked":"Dagger Spray+1","floor":31},{"not_picked":["Masterful Stab+1","PiercingWail"],"picked":"Prepared","floor":32}],"player_experience":942904,"relics_obtained":[{"floor":9,"key":"Lantern"},{"floor":9,"key":"Molten Egg 2"},{"floor":26,"key":"Dream Catcher"},{"floor":26,"key":"Singing Bowl"},{"floor":29,"key":"Bronze Scales"}],"event_choices":[{"damage_healed":0,"gold_gain":0,"player_choice":"Paid Gold","damage_taken":0,"relics_obtained":["Matryoshka"],"max_hp_gain":0,"max_hp_loss":0,"event_name":"WeMeetAgain","floor":2,"gold_loss":62},{"damage_healed":0,"gold_gain":0,"player_choice":"Opened","damage_taken":0,"relics_obtained":["Sundial"],"max_hp_gain":0,"max_hp_loss":0,"event_name":"The Mausoleum","floor":19,"gold_loss":0},{"damage_healed":0,"gold_gain":0,"player_choice":"Copied","damage_taken":0,"max_hp_gain":0,"max_hp_loss":0,"event_name":"Duplicator","floor":21,"gold_loss":0,"cards_obtained":["Infinite Blades"]},{"damage_healed":0,"gold_gain":0,"player_choice":"Ignored","damage_taken":0,"max_hp_gain":0,"max_hp_loss":0,"event_name":"Cursed Tome","floor":30,"gold_loss":0}],"is_beta":false,"boss_relics":[{"not_picked":["Eternal Feather","Calling Bell"],"picked":"Cursed Key"}],"items_purged_floors":[14],"is_endless":false,"potions_floor_spawned":[4,11,13,20,22],"killed_by":"Automaton","ascension_level":8}