{"gold_per_floor":[362,362,381,154,119,119,194,224,224,123,123,123,142,175,175,254,254,272,187,22,22,122,122,47,78,78,78,108,58,72,97,97,176,176,189,202,213,213,228,255,255,288,314,340,340,289,303,403,403,403,403,403,403,91,117,117],"floor_reached":57,"playtime":5720,"items_purged":["Strike_R","Strike_R","Strike_R"],"score":2810,"play_id":"b1481ec4-659f-4c6e-8a1e-8a8bdd87ff07","local_time":"20190222205313","is_ascension_mode":true,"campfire_choices":[{"data":"Apotheosis","floor":6,"key":"SMITH"},{"data":"Bash","floor":15,"key":"SMITH"},{"data":"Offering","floor":23,"key":"SMITH"},{"floor":27,"key":"REST"},{"data":"Demon Form","floor":32,"key":"SMITH"},{"floor":41,"key":"RECALL"},{"data":"Battle Trance","floor":49,"key":"SMITH"},{"data":"Flame Barrier","floor":53,"key":"SMITH"}],"neow_cost":"PERCENT_DAMAGE","seed_source_timestamp":6168104915828,"circlet_count":0,"master_deck":["AscendersBane","Strike_R","Strike_R","Defend_R+1","Defend_R","Defend_R","Defend_R","Bash+1","Iron Wave","Headbutt","Apotheosis+1","Rampage","Feed","Dark Shackles","Clothesline+1","Flame Barrier+1","Offering+1","Shrug It Off","Corruption+1","Battle Trance+1","Spot Weakness+1","Demon Form+1","Fiend Fire+1","Disarm+1","Heavy Blade+1","Limit Break","True Grit+1","Shrug It Off","Shrug It Off","Rage","Shockwave+1"],"relics":["Burning Blood","Question Card","Molten Egg 2","Centennial Puzzle","Velvet Choker","Meat on the Bone","Bag of Preparation","Unceasing Top","Blue Candle","Red Mask","Strawberry","Smiling Mask","Pantograph","Runic Pyramid","Orichalcum","War Paint","Bag of Marbles","Calipers","Letter Opener","Self Forming Clay"],"potions_floor_usage":[8,16,16,22,37,40,42,47,56,56],"damage_taken":[{"damage":7,"enemies":"Small Slimes","floor":1,"turns":4},{"damage":7,"enemies":"Jaw Worm","floor":3,"turns":5},{"damage":17,"enemies":"Lagavulin","floor":8,"turns":7},{"damage":0,"enemies":"2 Louse","floor":13,"turns":3},{"damage":27,"enemies":"Gremlin Nob","floor":14,"turns":4},{"damage":7,"enemies":"Slime Boss","floor":16,"turns":8},{"damage":0,"enemies":"3 Byrds","floor":18,"turns":1},{"damage":19,"enemies":"Colosseum Slavers","floor":22,"turns":7},{"damage":22,"enemies":"Colosseum Nobs","floor":22,"turns":5},{"damage":21,"enemies":"Masked Bandits","floor":25,"turns":5},{"damage":9,"enemies":"Gremlin Leader","floor":28,"turns":6},{"damage":1,"enemies":"Shell Parasite","floor":30,"turns":4},{"damage":26,"enemies":"Slavers","floor":31,"turns":6},{"damage":35,"enemies":"Champ","floor":33,"turns":14},{"damage":0,"enemies":"3 Shapes","floor":35,"turns":4},{"damage":5,"enemies":"Orb Walker","floor":36,"turns":3},{"damage":37,"enemies":"Sphere and 2 Shapes","floor":37,"turns":9},{"damage":14,"enemies":"Writhing Mass","floor":39,"turns":5},{"damage":9,"enemies":"Nemesis","floor":40,"turns":3},{"damage":16,"enemies":"Reptomancer","floor":42,"turns":2},{"damage":9,"enemies":"Giant Head","floor":44,"turns":5},{"damage":1,"enemies":"4 Shapes","floor":47,"turns":7},{"damage":0,"enemies":"Mind Bloom Boss Battle","floor":48,"turns":7},{"damage":31,"enemies":"Awakened One","floor":50,"turns":13},{"damage":28,"enemies":"Time Eater","floor":51,"turns":9},{"damage":19,"enemies":"Shield and Spear","floor":55,"turns":5},{"damage":92,"enemies":"The Heart","floor":56,"turns":7}],"seed_played":"-4716627333534039975","potions_obtained":[{"floor":1,"key":"Fire Potion"},{"floor":3,"key":"Poison Potion"},{"floor":14,"key":"Strength Potion"},{"floor":18,"key":"PowerPotion"},{"floor":28,"key":"Fire Potion"},{"floor":33,"key":"GamblersBrew"},{"floor":39,"key":"Energy Potion"},{"floor":40,"key":"AttackPotion"},{"floor":42,"key":"Block Potion"},{"floor":48,"key":"LiquidBronze"}],"is_trial":false,"path_per_floor":["M","$","M","$","?","R","?","E","T","$","?","?","M","E","R","B",null,"M","?","$","?","?","R","$","?","T","R","E","$","M","E","R","B",null,"M","M","M","?","M","E","R","E","T","E","$","$","M","?","R","B","B",null,"R","$","E","B",null],"character_chosen":"IRONCLAD","items_purchased":["Apotheosis","Rampage","Dark Shackles","Bag of Preparation","Shrug It Off","Letter Opener"],"campfire_rested":1,"item_purchase_floors":[4,4,10,20,46,54],"current_hp_per_floor":[49,49,48,48,66,66,55,44,44,44,44,49,55,34,34,37,72,78,78,78,78,49,49,49,50,57,85,82,82,91,71,71,71,95,105,110,83,83,75,72,72,74,74,71,71,71,79,114,114,101,104,121,121,121,112,56],"gold":117,"neow_bonus":"TWO_FIFTY_GOLD","is_prod":false,"is_daily":false,"chose_seed":false,"campfire_upgraded":6,"win_rate":0,"timestamp":1550821993,"path_taken":["M","$","M","$","?","R","?","E","T","$","?","?","?","E","R","BOSS","M","?","$","?","?","R","?","?","T","R","E","$","?","E","R","BOSS","M","M","?","?","M","E","R","E","T","E","?","$","M","?","R","BOSS","BOSS","R","$","E","BOSS"],"build_version":"2019-01-23","purchased_purges":3,"victory":true,"max_hp_per_floor":[75,75,75,75,75,75,75,75,75,75,75,80,80,80,80,84,84,84,84,84,84,84,84,84,88,95,95,95,95,99,99,99,103,103,107,111,115,115,115,115,115,115,115,115,115,115,118,122,122,126,126,126,126,126,130,130],"card_choices":[{"not_picked":["Havoc","Anger"],"picked":"Iron Wave","floor":1},{"not_picked":["Seeing Red","Wild Strike"],"picked":"Headbutt","floor":3},{"not_picked":["Clothesline","Armaments"],"picked":"Feed","floor":8},{"not_picked":["Seeing Red","Iron Wave+1","Wild Strike+1"],"picked":"Clothesline+1","floor":13},{"not_picked":["Uppercut+1","Sword Boomerang+1","Twin Strike+1"],"picked":"Flame Barrier","floor":14},{"not_picked":["Juggernaut","Berserk","Barricade"],"picked":"Offering","floor":16},{"not_picked":["Clothesline+1","Power Through","Perfected Strike+1"],"picked":"Shrug It Off","floor":18},{"not_picked":["Clothesline+1","Carnage+1","Havoc"],"picked":"Corruption+1","floor":25},{"not_picked":["Warcry","Rage","Clothesline+1"],"picked":"Battle Trance","floor":28},{"not_picked":["Fire Breathing","Burning Pact","Heavy Blade+1"],"picked":"Spot Weakness","floor":30},{"not_picked":["Cleave+1","Anger+1","Blood for Blood+1"],"picked":"Demon Form","floor":31},{"not_picked":["Berserk","Demon Form","Barricade"],"picked":"Fiend Fire+1","floor":33},{"not_picked":["Havoc","Clothesline+1","Entrench+1","Evolve"],"picked":"SKIP","floor":35},{"not_picked":["Warcry","Thunderclap+1","Feel No Pain"],"picked":"Disarm","floor":36},{"not_picked":["Blood for Blood+1","Infernal Blade","Anger+1","Thunderclap+1"],"picked":"SKIP","floor":37},{"not_picked":["Bloodletting","Evolve+1","Havoc"],"picked":"Heavy Blade+1","floor":39},{"not_picked":["Thunderclap+1","Headbutt+1","Dual Wield"],"picked":"Limit Break","floor":40},{"not_picked":["Iron Wave+1","Headbutt+1","Berserk","Fire Breathing"],"picked":"SKIP","floor":42},{"not_picked":["Clothesline+1","Body Slam+1","Warcry"],"picked":"True Grit+1","floor":44},{"not_picked":["Dropkick+1","Pummel+1","Thunderclap+1"],"picked":"Shrug It Off","floor":47},{"not_picked":["Perfected Strike+1","Sword Boomerang+1","Iron Wave+1"],"picked":"Rage","floor":48},{"not_picked":["Blood for Blood+1","Dual Wield+1","Iron Wave+1"],"picked":"Shockwave+1","floor":55}],"player_experience":401923,"relics_obtained":[{"floor":8,"key":"Question Card"},{"floor":9,"key":"Molten Egg 2"},{"floor":14,"key":"Centennial Puzzle"},{"floor":22,"key":"Unceasing Top"},{"floor":22,"key":"Blue Candle"},{"floor":25,"key":"Red Mask"},{"floor":26,"key":"Strawberry"},{"floor":28,"key":"Smiling Mask"},{"floor":31,"key":"Pantograph"},{"floor":40,"key":"Orichalcum"},{"floor":42,"key":"War Paint"},{"floor":44,"key":"Bag of Marbles"},{"floor":48,"key":"Calipers"},{"floor":55,"key":"Self Forming Clay"}],"event_choices":[{"damage_healed":18,"gold_gain":0,"player_choice":"Healed","damage_taken":0,"max_hp_gain":0,"max_hp_loss":0,"event_name":"The Cleric","floor":5,"gold_loss":35},{"damage_healed":0,"gold_gain":75,"player_choice":"Gather Gold","damage_taken":11,"max_hp_gain":0,"max_hp_loss":0,"event_name":"World of Goop","floor":7,"gold_loss":0},{"damage_healed":0,"gold_gain":0,"player_choice":"Ignored","damage_taken":0,"max_hp_gain":0,"max_hp_loss":0,"event_name":"Liars Game","floor":11,"gold_loss":0},{"damage_healed":0,"gold_gain":0,"player_choice":"Donut","damage_taken":0,"max_hp_gain":5,"max_hp_loss":0,"event_name":"Big Fish","floor":12,"gold_loss":0},{"damage_healed":0,"gold_gain":0,"player_choice":"Obtained Relic","damage_taken":0,"relics_obtained":["Meat on the Bone"],"max_hp_gain":0,"max_hp_loss":0,"event_name":"Addict","floor":19,"gold_loss":85},{"damage_healed":0,"gold_gain":0,"player_choice":"Ignored","damage_taken":0,"max_hp_gain":0,"max_hp_loss":0,"event_name":"Beggar","floor":21,"gold_loss":0},{"damage_healed":0,"gold_gain":0,"player_choice":"Fight","damage_taken":0,"max_hp_gain":0,"max_hp_loss":0,"event_name":"Colosseum","floor":22,"gold_loss":0},{"damage_healed":0,"gold_gain":0,"player_choice":"Fought Nobs","damage_taken":0,"max_hp_gain":0,"max_hp_loss":0,"event_name":"Colosseum","floor":22,"gold_loss":0},{"damage_healed":0,"gold_gain":0,"player_choice":"Fought Bandits","damage_taken":0,"max_hp_gain":0,"max_hp_loss":0,"event_name":"Masked Bandits","floor":25,"gold_loss":0},{"damage_healed":0,"gold_gain":0,"player_choice":"Forge","damage_taken":0,"max_hp_gain":0,"max_hp_loss":0,"event_name":"Accursed Blacksmith","floor":38,"gold_loss":0,"cards_upgraded":["Disarm"]},{"damage_healed":0,"gold_gain":0,"player_choice":"Fight","damage_taken":0,"max_hp_gain":0,"max_hp_loss":0,"event_name":"MindBloom","floor":48,"gold_loss":0}],"is_beta":false,"boss_relics":[{"not_picked":["Eternal Feather","Pandora\u0027s Box"],"picked":"Velvet Choker"},{"not_picked":["Coffee Dripper","Fusion Hammer"],"picked":"Runic Pyramid"}],"items_purged_floors":[24,29,54],"is_endless":false,"potions_floor_spawned":[1,3,14,18,22,28,33,39,40,42,48,55],"ascension_level":20}