{"gold_per_floor":[362,64,75,92,42,76,76,76,76,76,76,28,14,48,48,151,151,171,14,14,14,27,27,59,69,69,69,94,94,22,40,40,136,136,149,149,149,149,1,1,21,50,50,68,98,98,123,136,136,136],"floor_reached":51,"playtime":3781,"items_purged":["Strike_R"],"score":879,"play_id":"8c2fd0dd-ffe0-45d2-aec5-90d1488a1d2e","local_time":"20190123190530","is_ascension_mode":true,"campfire_choices":[{"data":"Armaments","floor":7,"key":"SMITH"},{"data":"Intimidate","floor":10,"key":"SMITH"},{"data":"Feed","floor":15,"key":"SMITH"},{"data":"Inflame","floor":27,"key":"SMITH"},{"floor":32,"key":"REST"},{"data":"Limit Break","floor":40,"key":"SMITH"},{"data":"Inflame","floor":49,"key":"SMITH"}],"neow_cost":"PERCENT_DAMAGE","seed_source_timestamp":9700968897028,"circlet_count":0,"master_deck":["Strike_R","Defend_R","Defend_R","Defend_R","Bash","Anger","Shrug It Off","Clothesline","Armaments+1","Feed+1","Intimidate+1","Shrug It Off","Headbutt","Limit Break+1","Headbutt+1","Inflame+1","Metallicize+1","Flame Barrier","Burning Pact+1","Reaper","Inflame+1","Whirlwind+1","True Grit","Impervious","Uppercut+1","Impervious","Thunderclap+1","Shockwave+1","Flame Barrier+1"],"relics":["Burning Blood","Matryoshka","Calipers","Centennial Puzzle","Prayer Wheel","Paper Frog","Velvet Choker","Blood Vial","Kunai","Pear","Anchor","Pantograph","Empty Cage","PreservedInsect","Bronze Scales","Bag of Marbles","Frozen Egg 2","Dodecahedron","Mercury Hourglass"],"potions_floor_usage":[16,24,31,42,50],"damage_taken":[{"damage":9,"enemies":"Small Slimes","floor":1,"turns":6},{"damage":0,"enemies":"2 Louse","floor":3,"turns":4},{"damage":9,"enemies":"Jaw Worm","floor":4,"turns":3},{"damage":21,"enemies":"Lagavulin","floor":6,"turns":7},{"damage":0,"enemies":"Exordium Thugs","floor":13,"turns":4},{"damage":12,"enemies":"3 Sentries","floor":14,"turns":8},{"damage":31,"enemies":"The Guardian","floor":16,"turns":16},{"damage":16,"enemies":"Shell Parasite","floor":18,"turns":5},{"damage":8,"enemies":"2 Thieves","floor":22,"turns":5},{"damage":26,"enemies":"Book of Stabbing","floor":24,"turns":5},{"damage":16,"enemies":"3 Cultists","floor":25,"turns":6},{"damage":23,"enemies":"Slavers","floor":28,"turns":6},{"damage":28,"enemies":"Colosseum Slavers","floor":29,"turns":12},{"damage":11,"enemies":"Snake Plant","floor":31,"turns":8},{"damage":39,"enemies":"Collector","floor":33,"turns":9},{"damage":2,"enemies":"3 Darklings","floor":35,"turns":3},{"damage":6,"enemies":"3 Shapes","floor":41,"turns":6},{"damage":16,"enemies":"Reptomancer","floor":42,"turns":8},{"damage":42,"enemies":"Spire Growth","floor":44,"turns":8},{"damage":0,"enemies":"Nemesis","floor":45,"turns":5},{"damage":12,"enemies":"Giant Head","floor":47,"turns":7},{"damage":21,"enemies":"Writhing Mass","floor":48,"turns":7},{"damage":29,"enemies":"Time Eater","floor":50,"turns":11}],"seed_played":"-259980757655374043","potions_obtained":[{"floor":6,"key":"Strength Potion"},{"floor":13,"key":"Swift Potion"},{"floor":16,"key":"Ancient Potion"},{"floor":22,"key":"BloodPotion"},{"floor":28,"key":"Explosive Potion"},{"floor":31,"key":"Weak Potion"},{"floor":44,"key":"SkillPotion"}],"is_trial":false,"path_per_floor":["M","$","M","M","?","E","R","?","T","R","$","$","M","E","R","B",null,"M","$","?","T","M","$","E","M","T","R","E","?","$","M","R","B",null,"M","?","T","T","$","R","M","E","T","M","E","?","E","M","R","B",null],"character_chosen":"IRONCLAD","items_purchased":["Matryoshka","Shrug It Off","Shrug It Off","Inflame","Inflame","Impervious"],"campfire_rested":1,"item_purchase_floors":[2,2,12,19,30,39],"current_hp_per_floor":[53,53,59,56,56,41,41,41,41,41,41,41,47,44,44,23,87,81,81,63,63,63,63,55,51,51,51,40,41,41,54,89,83,118,118,118,118,118,118,118,118,118,118,97,105,105,112,101,101,93],"gold":136,"neow_bonus":"TWO_FIFTY_GOLD","is_prod":false,"is_daily":false,"chose_seed":false,"campfire_upgraded":6,"win_rate":0,"timestamp":1548223530,"path_taken":["M","$","M","M","?","E","R","?","T","R","?","$","M","E","R","BOSS","M","$","?","?","M","$","E","M","T","R","E","?","$","M","R","BOSS","M","?","?","?","$","R","M","E","T","M","E","?","E","M","R","BOSS"],"build_version":"2019-01-17v2","purchased_purges":1,"victory":true,"max_hp_per_floor":[80,80,80,80,80,80,80,80,80,80,80,80,80,83,83,87,87,91,91,96,96,96,96,106,110,110,110,114,114,114,118,118,118,118,118,118,118,118,118,118,118,118,118,118,118,112,112,116,116,116],"card_choices":[{"not_picked":["Sword Boomerang","Bloodletting"],"picked":"Anger","floor":1},{"not_picked":["Combust","Flex"],"picked":"Clothesline","floor":3},{"not_picked":["Sever Soul","Dual Wield"],"picked":"Armaments","floor":4},{"not_picked":["Rage","Headbutt"],"picked":"Feed","floor":6},{"not_picked":["Shrug It Off","Clothesline"],"picked":"Headbutt","floor":13},{"not_picked":["Ghostly Armor","Fire Breathing","Perfected Strike"],"picked":"SKIP","floor":13},{"not_picked":["Thunderclap","Burning Pact"],"picked":"Double Tap","floor":14},{"not_picked":["Fiend Fire","Juggernaut"],"picked":"Limit Break","floor":16},{"not_picked":["Twin Strike","Sword Boomerang"],"picked":"Headbutt+1","floor":18},{"not_picked":["Flex","Clothesline+1","Power Through"],"picked":"SKIP","floor":18},{"not_picked":["Fiend Fire","Twin Strike"],"picked":"Metallicize+1","floor":22},{"not_picked":["Sword Boomerang","Hemokinesis","Headbutt"],"picked":"SKIP","floor":22},{"not_picked":["Sever Soul","Corruption","Clothesline"],"picked":"SKIP","floor":24},{"not_picked":["Heavy Blade+1","Pommel Strike"],"picked":"Flame Barrier","floor":25},{"not_picked":["Pommel Strike","Clash"],"picked":"Burning Pact+1","floor":25},{"not_picked":["Heavy Blade+1","Clothesline"],"picked":"Reaper","floor":28},{"not_picked":["Shrug It Off+1","Anger"],"picked":"Whirlwind+1","floor":31},{"not_picked":["Bloodletting","Cleave+1"],"picked":"True Grit","floor":31},{"not_picked":["Dark Embrace","Offering"],"picked":"Impervious","floor":33},{"not_picked":["Body Slam","Corruption"],"picked":"Uppercut+1","floor":35},{"not_picked":["Flex+1","Anger+1","Clash"],"picked":"SKIP","floor":35},{"not_picked":["Seeing Red","Anger+1"],"picked":"Thunderclap+1","floor":41},{"not_picked":["Rampage+1","Fire Breathing+1","Twin Strike"],"picked":"SKIP","floor":41},{"not_picked":["Second Wind+1","Thunderclap+1","Barricade"],"picked":"SKIP","floor":42},{"not_picked":["Sword Boomerang+1","Blood for Blood"],"picked":"Shockwave+1","floor":44},{"not_picked":["Intimidate+1","Iron Wave","Sever Soul+1"],"picked":"SKIP","floor":44},{"not_picked":["Fiend Fire","Warcry+1"],"picked":"Flame Barrier+1","floor":45},{"not_picked":["Intimidate","Entrench+1","Iron Wave+1"],"picked":"SKIP","floor":47},{"not_picked":["Armaments","Uppercut","True Grit"],"picked":"SKIP","floor":48},{"not_picked":["Body Slam+1","Pommel Strike","Blood for Blood+1"],"picked":"SKIP","floor":48},{"not_picked":["Armaments","Uppercut","True Grit"],"picked":"SKIP","floor":48},{"not_picked":["Body Slam+1","Pommel Strike","Blood for Blood+1"],"picked":"SKIP","floor":48}],"player_experience":8066,"relics_obtained":[{"floor":6,"key":"Calipers"},{"floor":9,"key":"Centennial Puzzle"},{"floor":9,"key":"Prayer Wheel"},{"floor":14,"key":"Paper Frog"},{"floor":21,"key":"Blood Vial"},{"floor":21,"key":"Kunai"},{"floor":24,"key":"Pear"},{"floor":26,"key":"Anchor"},{"floor":28,"key":"Pantograph"},{"floor":37,"key":"PreservedInsect"},{"floor":38,"key":"Bronze Scales"},{"floor":42,"key":"Bag of Marbles"},{"floor":43,"key":"Frozen Egg 2"},{"floor":45,"key":"Dodecahedron"},{"floor":47,"key":"Mercury Hourglass"}],"event_choices":[{"cards_removed":["Strike_R"],"damage_healed":0,"gold_gain":0,"player_choice":"Card Removal","damage_taken":0,"max_hp_gain":0,"max_hp_loss":0,"event_name":"The Cleric","floor":5,"gold_loss":50},{"damage_healed":0,"gold_gain":0,"cards_transformed":["Strike_R"],"player_choice":"Change","damage_taken":0,"max_hp_gain":0,"max_hp_loss":0,"event_name":"Living Wall","floor":8,"gold_loss":0,"cards_obtained":["Intimidate"]},{"damage_healed":0,"gold_gain":0,"player_choice":"Shed Blood","damage_taken":23,"max_hp_gain":5,"max_hp_loss":0,"event_name":"Forgotten Altar","floor":20,"gold_loss":0},{"damage_healed":0,"gold_gain":0,"player_choice":"Fight","damage_taken":0,"max_hp_gain":0,"max_hp_loss":0,"event_name":"Colosseum","floor":29,"gold_loss":0},{"damage_healed":0,"gold_gain":0,"player_choice":"Fled From Nobs","damage_taken":0,"max_hp_gain":0,"max_hp_loss":0,"event_name":"Colosseum","floor":29,"gold_loss":0},{"cards_removed":["Double Tap"],"damage_healed":0,"gold_gain":0,"player_choice":"Removed Skill","damage_taken":0,"max_hp_gain":0,"max_hp_loss":0,"event_name":"Falling","floor":36,"gold_loss":0},{"damage_healed":0,"gold_gain":0,"player_choice":"Max HP","damage_taken":0,"max_hp_gain":0,"max_hp_loss":6,"event_name":"Winding Halls","floor":46,"gold_loss":0}],"is_beta":false,"boss_relics":[{"not_picked":["Eternal Feather","Ectoplasm"],"picked":"Velvet Choker"},{"not_picked":["Tiny House","Fusion Hammer"],"picked":"Empty Cage"}],"items_purged_floors":[19],"is_endless":false,"potions_floor_spawned":[6,13,16,22,28,29,31,41,44,45],"ascension_level":2}