{"gold_per_floor":[118,135,235,254,265,294,294,327,352,384,16,16,42,56,56,157,157,167,178,195,215,22,32,32],"floor_reached":24,"playtime":3306,"items_purged":["Strike_G"],"score":281,"play_id":"1b71f8f8-c8a1-459b-ac06-c0f80f582b2a","local_time":"20180928013800","is_ascension_mode":true,"campfire_choices":[{"floor":7,"key":"REST"},{"floor":12,"key":"REST"},{"floor":15,"key":"REST"}],"neow_cost":"NONE","seed_source_timestamp":45918074260112,"circlet_count":0,"master_deck":["Defend_G","Defend_G","Defend_G","Defend_G","Defend_G","Strike_G","Strike_G","Strike_G","Strike_G","Survivor","Neutralize","Acrobatics","Flying Knee","Acrobatics","Infinite Blades","Dodge and Roll","Well Laid Plans","Panache","Blade Dance","Blur","Reflex","Reflex","Phantasmal Killer","Outmaneuver","Expertise","Burst","Quick Slash","Predator+1","Tactician","Prepared+1","Thinking Ahead"],"relics":["Fusion Hammer","Tough Bandages","Centennial Puzzle","Orichalcum","Lantern","Ancient Tea Set","Orrery"],"potions_floor_usage":[10,10,21,21,23,24],"damage_taken":[{"damage":4,"enemies":"Jaw Worm","floor":1,"turns":5},{"damage":0,"enemies":"Cultist","floor":2,"turns":5},{"damage":0,"enemies":"Small Slimes","floor":4,"turns":3},{"damage":3,"enemies":"Red Slaver","floor":5,"turns":5},{"damage":22,"enemies":"3 Sentries","floor":6,"turns":12},{"damage":6,"enemies":"Gremlin Nob","floor":8,"turns":4},{"damage":0,"enemies":"3 Sentries","floor":10,"turns":8},{"damage":8,"enemies":"Gremlin Nob","floor":13,"turns":4},{"damage":0,"enemies":"Blue Slaver","floor":14,"turns":3},{"damage":13,"enemies":"The Guardian","floor":16,"turns":12},{"damage":6,"enemies":"Chosen","floor":18,"turns":6},{"damage":15,"enemies":"Spheric Guardian","floor":19,"turns":4},{"damage":9,"enemies":"Centurion and Healer","floor":20,"turns":5},{"damage":9,"enemies":"Sentry and Sphere","floor":21,"turns":7},{"damage":23,"enemies":"3 Cultists","floor":23,"turns":6},{"damage":11,"enemies":"Book of Stabbing","floor":24,"turns":2}],"seed_played":"2291237190776804557","potions_obtained":[{"floor":4,"key":"Fire Potion"},{"floor":5,"key":"Strength Potion"},{"floor":8,"key":"AttackPotion"},{"floor":10,"key":"Dexterity Potion"},{"floor":16,"key":"EssenceOfSteel"},{"floor":21,"key":"Swift Potion"},{"floor":23,"key":"AttackPotion"}],"is_trial":false,"path_per_floor":["M","M","?","M","M","E","R","E","T","E","$","R","E","M","R","B",null,"M","M","M","M","$","M"],"character_chosen":"THE_SILENT","items_purchased":["Panache","Blade Dance","Blur","Thinking Ahead"],"campfire_rested":3,"item_purchase_floors":[11,11,11,22],"current_hp_per_floor":[66,66,66,66,63,41,62,56,56,56,56,70,62,62,70,57,70,64,49,40,31,31,8,0],"gold":32,"neow_bonus":"BOSS_RELIC","is_prod":false,"is_daily":false,"chose_seed":false,"campfire_upgraded":0,"win_rate":0,"timestamp":1538113080,"path_taken":["M","M","?","M","M","E","R","E","T","E","?","R","E","M","R","BOSS","M","M","M","M","$","M","E"],"build_version":"2018-09-27","purchased_purges":1,"victory":false,"max_hp_per_floor":[70,70,70,70,70,70,70,70,70,70,70,70,70,70,70,70,70,70,70,70,70,70,70,70],"card_choices":[{"not_picked":["Leg Sweep","Infinite Blades"],"picked":"Acrobatics","floor":1},{"not_picked":["Skewer","Footwork"],"picked":"Flying Knee","floor":2},{"not_picked":["Caltrops","Dagger Spray"],"picked":"Acrobatics","floor":4},{"not_picked":["PiercingWail","Crippling Poison"],"picked":"Infinite Blades","floor":5},{"not_picked":["Deadly Poison","Storm of Steel"],"picked":"Dodge and Roll","floor":6},{"not_picked":["Acrobatics","Noxious Fumes"],"picked":"Well Laid Plans","floor":8},{"not_picked":["Glass Knife","Poisoned Stab","Well Laid Plans"],"picked":"SKIP","floor":10},{"not_picked":["Dagger Throw","Accuracy"],"picked":"Reflex","floor":13},{"not_picked":["Riddle With Holes","Backflip"],"picked":"Reflex","floor":14},{"not_picked":["Corpse Explosion","Glass Knife"],"picked":"Phantasmal Killer","floor":16},{"not_picked":["Blade Dance","Predator"],"picked":"Outmaneuver","floor":17},{"not_picked":["Backflip","Quick Slash"],"picked":"Expertise","floor":17},{"not_picked":["Backflip","Dagger Spray"],"picked":"Burst","floor":17},{"not_picked":["Deflect","Acrobatics"],"picked":"Quick Slash","floor":17},{"not_picked":["Underhanded Strike+1","All Out Attack"],"picked":"Predator+1","floor":18},{"not_picked":["Well Laid Plans+1","Deadly Poison"],"picked":"Tactician","floor":19},{"not_picked":["Dodge and Roll","Quick Slash"],"picked":"Prepared+1","floor":20},{"not_picked":["Masterful Stab","Dagger Throw+1","Flying Knee"],"picked":"SKIP","floor":21},{"not_picked":["Dodge and Roll","Infinite Blades","Riddle With Holes"],"picked":"SKIP","floor":23}],"player_experience":672604,"relics_obtained":[{"floor":6,"key":"Tough Bandages"},{"floor":8,"key":"Centennial Puzzle"},{"floor":9,"key":"Orichalcum"},{"floor":10,"key":"Lantern"},{"floor":13,"key":"Ancient Tea Set"}],"event_choices":[{"event_name":"Golden Shrine","player_choice":"Pray","floor":3,"damage_taken":0}],"is_beta":false,"boss_relics":[{"not_picked":["Lizard Tail","Runic Pyramid"],"picked":"Orrery"}],"items_purged_floors":[11],"is_endless":false,"potions_floor_spawned":[4,5,8,10,16,21,23],"killed_by":"Book of Stabbing","ascension_level":2}