{"gold_per_floor":[215,228,248,268,285,318,69,69,95,95,110,110,122,197,197,302,302,315,124,135,147,159,159,176,176,176,176,33,52,78,89,89,89],"floor_reached":33,"playtime":4408,"items_purged":["Strike_R","Strike_R"],"score":273,"play_id":"6840d9c7-8f12-40e3-9cdc-704cf732fbbb","local_time":"20190114213411","is_ascension_mode":false,"campfire_choices":[{"floor":8,"key":"RECALL"},{"floor":10,"key":"REST"},{"floor":15,"key":"REST"},{"data":"True Grit","floor":23,"key":"SMITH"},{"data":"True Grit","floor":25,"key":"SMITH"},{"floor":32,"key":"REST"}],"neow_cost":"NONE","seed_source_timestamp":271950137407060,"circlet_count":0,"master_deck":["Strike_R+1","Strike_R","Strike_R","Defend_R","Defend_R","Defend_R","Defend_R","Bash+1","Whirlwind","Flame Barrier","Corruption","True Grit+1","Ghostly Armor","Inflame","True Grit","Reaper","Pommel Strike","Battle Trance","Limit Break+1","Shrug It Off+1","Shockwave","True Grit+1","Spot Weakness","Spot Weakness","Metallicize","Flash of Steel","Heavy Blade","Fiend Fire","Spot Weakness"],"relics":["Burning Blood","Pen Nib","Vajra","Bottled Lightning","Runic Pyramid","Smiling Mask","Lantern"],"potions_floor_usage":[6,6,30,30,33],"damage_taken":[{"damage":3,"enemies":"2 Louse","floor":1,"turns":4},{"damage":3,"enemies":"Jaw Worm","floor":2,"turns":4},{"damage":2,"enemies":"Small Slimes","floor":3,"turns":5},{"damage":22,"enemies":"Red Slaver","floor":4,"turns":5},{"damage":3,"enemies":"3 Louse","floor":5,"turns":3},{"damage":68,"enemies":"Gremlin Nob","floor":6,"turns":6},{"damage":21,"enemies":"Lots of Slimes","floor":11,"turns":5},{"damage":0,"enemies":"Exordium Wildlife","floor":13,"turns":2},{"damage":21,"enemies":"Slime Boss","floor":16,"turns":10},{"damage":27,"enemies":"Shell Parasite","floor":18,"turns":5},{"damage":16,"enemies":"Chosen","floor":20,"turns":8},{"damage":27,"enemies":"Shelled Parasite and Fungi","floor":21,"turns":5},{"damage":23,"enemies":"Snake Plant","floor":22,"turns":5},{"damage":3,"enemies":"Snecko","floor":24,"turns":5},{"damage":30,"enemies":"Chosen and Byrds","floor":29,"turns":7},{"damage":6,"enemies":"Book of Stabbing","floor":30,"turns":7},{"damage":68,"enemies":"3 Cultists","floor":31,"turns":7},{"damage":87,"enemies":"Automaton","floor":33,"turns":6}],"seed_played":"-3538742715666524104","potions_obtained":[{"floor":1,"key":"Weak Potion"},{"floor":2,"key":"Regen Potion"},{"floor":6,"key":"Swift Potion"},{"floor":21,"key":"GamblersBrew"},{"floor":24,"key":"Poison Potion"},{"floor":31,"key":"Block Potion"}],"is_trial":false,"path_per_floor":["M","M","M","M","M","E","$","R","T","R","M","?","M","T","R","B",null,"M","$","M","M","M","R","M","R","T","?","$","M","E","M","R","B"],"character_chosen":"IRONCLAD","items_purchased":["Inflame","True Grit","Reaper","Shockwave","True Grit","Flash of Steel"],"campfire_rested":3,"item_purchase_floors":[7,7,7,19,19,28],"current_hp_per_floor":[80,80,80,64,67,10,10,10,10,34,39,23,29,29,53,53,80,59,59,64,53,54,54,80,80,80,80,80,66,80,50,74,0],"gold":89,"neow_bonus":"HUNDRED_GOLD","is_prod":false,"is_daily":false,"chose_seed":false,"campfire_upgraded":2,"win_rate":0,"timestamp":1547519651,"path_taken":["M","M","M","M","M","E","$","R","T","R","M","?","M","?","R","BOSS","M","$","M","M","M","R","M","R","T","?","$","M","E","?","R","BOSS"],"build_version":"2019-01-10","purchased_purges":2,"victory":false,"max_hp_per_floor":[80,80,80,80,80,80,80,80,80,80,80,80,80,80,80,80,80,80,80,80,80,80,80,80,80,80,80,80,80,80,80,80,80],"card_choices":[{"not_picked":["Cleave","Wild Strike"],"picked":"Whirlwind","floor":1},{"not_picked":["Cleave","Flex"],"picked":"Flame Barrier","floor":2},{"not_picked":["Perfected Strike","Thunderclap","Heavy Blade"],"picked":"SKIP","floor":3},{"not_picked":["Armaments","Perfected Strike"],"picked":"Corruption","floor":4},{"not_picked":["Body Slam","Iron Wave"],"picked":"True Grit","floor":5},{"not_picked":["Fiend Fire","Blood for Blood"],"picked":"Ghostly Armor","floor":6},{"not_picked":["Feel No Pain","Warcry"],"picked":"Pommel Strike","floor":11},{"not_picked":["Pummel","Rage"],"picked":"Battle Trance","floor":13},{"not_picked":["Juggernaut","Dark Embrace"],"picked":"Limit Break","floor":16},{"not_picked":["Second Wind+1","Uppercut"],"picked":"Shrug It Off+1","floor":18},{"not_picked":["Sword Boomerang+1","Iron Wave"],"picked":"Spot Weakness","floor":20},{"not_picked":["Clash","Anger","Rampage"],"picked":"SKIP","floor":21},{"not_picked":["Anger","Havoc+1"],"picked":"Spot Weakness","floor":22},{"not_picked":["Rampage+1","Armaments"],"picked":"Metallicize","floor":24},{"not_picked":["Carnage+1","Sentinel+1"],"picked":"Heavy Blade","floor":29},{"not_picked":["Wild Strike+1","Thunderclap"],"picked":"Fiend Fire","floor":30},{"not_picked":["Cleave","Sentinel"],"picked":"Spot Weakness","floor":31}],"player_experience":101175,"relics_obtained":[{"floor":6,"key":"Pen Nib"},{"floor":9,"key":"Vajra"},{"floor":14,"key":"Bottled Lightning"},{"floor":26,"key":"Smiling Mask"},{"floor":30,"key":"Lantern"}],"event_choices":[{"damage_healed":0,"gold_gain":0,"player_choice":"Entered Light","damage_taken":16,"max_hp_gain":0,"max_hp_loss":0,"event_name":"Shining Light","floor":12,"gold_loss":0,"cards_upgraded":["Bash","Strike_R"]},{"damage_healed":0,"gold_gain":0,"player_choice":"Forge","damage_taken":0,"max_hp_gain":0,"max_hp_loss":0,"event_name":"Accursed Blacksmith","floor":27,"gold_loss":0,"cards_upgraded":["Limit Break"]}],"is_beta":false,"boss_relics":[{"not_picked":["Black Star","Mark of Pain"],"picked":"Runic Pyramid"}],"items_purged_floors":[19,28],"is_endless":false,"potions_floor_spawned":[1,2,6,21,24,29,31],"killed_by":"Automaton","ascension_level":0}