{"gold_per_floor":[111,111,111,130,130,130,161,161,184,225,250,215,231,272,272,398,398,411,432,28,44,58,58,91,71,121,121,162,162],"floor_reached":29,"playtime":998,"items_purged":["Strike_B"],"score":383,"play_id":"075f58fa-73ae-4588-9268-9e2079f8aeea","local_time":"20181124032754","is_ascension_mode":true,"campfire_choices":[{"data":"Zap","floor":6,"key":"SMITH"},{"floor":8,"key":"REST"},{"data":"Coolheaded","floor":15,"key":"SMITH"},{"floor":23,"key":"REST"},{"floor":27,"key":"REST"}],"neow_cost":"CURSE","seed_source_timestamp":264508963039410,"circlet_count":0,"master_deck":["Strike_B","Strike_B","Strike_B","Defend_B+1","Defend_B","Defend_B","Defend_B","Zap+1","Dualcast+1","Conserve Battery","Sweeping Beam","Coolheaded+1","Capacitor","Rebound","Ball Lightning","Reboot","Conserve Battery","Hologram","Lockon","Leap","Skim","Reboot"],"relics":["Cracked Core","Turnip","Golden Idol","PreservedInsect","Bag of Marbles","Dream Catcher","Bird Faced Urn","Busted Crown","Runic Capacitor","The Courier","Boot","Pen Nib"],"potions_floor_usage":[10,14,24,29,29],"damage_taken":[{"damage":8,"enemies":"2 Louse","floor":1,"turns":3},{"damage":0,"enemies":"Cultist","floor":4,"turns":3},{"damage":30,"enemies":"Lagavulin","floor":7,"turns":8},{"damage":0,"enemies":"3 Sentries","floor":10,"turns":2},{"damage":0,"enemies":"Small Slimes","floor":11,"turns":3},{"damage":2,"enemies":"Blue Slaver","floor":13,"turns":5},{"damage":14,"enemies":"Gremlin Nob","floor":14,"turns":3},{"damage":33,"enemies":"The Guardian","floor":16,"turns":12},{"damage":11,"enemies":"3 Byrds","floor":18,"turns":4},{"damage":4,"enemies":"Spheric Guardian","floor":19,"turns":3},{"damage":6,"enemies":"3 Cultists","floor":21,"turns":4},{"damage":25,"enemies":"Cultist and Chosen","floor":22,"turns":7},{"damage":27,"enemies":"Slavers","floor":24,"turns":4},{"damage":23,"enemies":"Book of Stabbing","floor":28,"turns":5},{"damage":8,"enemies":"Snake Plant","floor":29,"turns":3}],"seed_played":"8294446436565733261","potions_obtained":[{"floor":7,"key":"PowerPotion"},{"floor":10,"key":"EssenceOfSteel"},{"floor":13,"key":"SteroidPotion"},{"floor":21,"key":"Dexterity Potion"},{"floor":25,"key":"Energy Potion"},{"floor":28,"key":"Dexterity Potion"}],"is_trial":false,"path_per_floor":["M","?","?","M","?","R","E","R","T","E","M","?","M","E","R","B",null,"M","M","$","M","M","R","E","?","T","R","E","M"],"character_chosen":"DEFECT","items_purchased":["Runic Capacitor","Hologram","Lockon"],"campfire_rested":3,"item_purchase_floors":[20,20,20],"current_hp_per_floor":[67,60,60,60,46,46,16,36,36,36,36,53,51,37,37,6,53,44,40,40,36,13,33,6,6,6,26,3,0],"gold":162,"neow_bonus":"ONE_RARE_RELIC","is_prod":false,"is_daily":false,"chose_seed":false,"campfire_upgraded":2,"win_rate":0,"timestamp":1542983274,"path_taken":["M","?","?","M","?","R","E","R","T","E","M","?","M","E","R","BOSS","M","M","$","M","M","R","E","?","T","R","E","M"],"build_version":"2018-11-15","purchased_purges":1,"victory":false,"max_hp_per_floor":[75,75,69,69,69,69,69,69,69,69,69,69,69,69,69,69,69,69,69,69,69,69,69,69,69,69,69,69,69],"card_choices":[{"not_picked":["Sunder","Fusion"],"picked":"Conserve Battery","floor":1},{"not_picked":["Storm","Turbo"],"picked":"Sweeping Beam","floor":4},{"not_picked":["Turbo","Rebound"],"picked":"Coolheaded","floor":7},{"not_picked":["Leap","Heatsinks"],"picked":"Capacitor","floor":10},{"not_picked":["All For One","Gash","Heatsinks"],"picked":"SKIP","floor":11},{"not_picked":["Scrape","Go for the Eyes"],"picked":"Rebound","floor":13},{"not_picked":["Go for the Eyes","Hello World"],"picked":"Ball Lightning","floor":14},{"not_picked":["Machine Learning","Multi-Cast"],"picked":"Reboot","floor":16},{"not_picked":["Aggregate"],"picked":"SKIP","floor":18},{"not_picked":[],"picked":"Conserve Battery","floor":19},{"not_picked":["Turbo+1"],"picked":"SKIP","floor":21},{"not_picked":[],"picked":"Leap","floor":22},{"not_picked":[],"picked":"Skim","floor":23},{"not_picked":["Recycle"],"picked":"SKIP","floor":24},{"not_picked":[],"picked":"Reboot","floor":28}],"player_experience":363433,"relics_obtained":[{"floor":7,"key":"PreservedInsect"},{"floor":9,"key":"Bag of Marbles"},{"floor":10,"key":"Dream Catcher"},{"floor":14,"key":"Bird Faced Urn"},{"floor":24,"key":"The Courier"},{"floor":26,"key":"Boot"},{"floor":28,"key":"Pen Nib"}],"event_choices":[{"cards_removed":["Pain"],"damage_healed":0,"gold_gain":0,"player_choice":"Card Removal","damage_taken":7,"max_hp_gain":0,"max_hp_loss":0,"event_name":"Golden Wing","floor":2,"gold_loss":0},{"damage_healed":0,"gold_gain":0,"player_choice":"Lose Max HP","damage_taken":0,"relics_obtained":["Golden Idol"],"max_hp_gain":0,"max_hp_loss":6,"event_name":"Golden Idol","floor":3,"gold_loss":0},{"damage_healed":0,"gold_gain":0,"player_choice":"Entered Light","damage_taken":14,"max_hp_gain":0,"max_hp_loss":0,"event_name":"Shining Light","floor":5,"gold_loss":0,"cards_upgraded":["Defend_B","Dualcast"]},{"damage_healed":17,"gold_gain":0,"player_choice":"Healed","damage_taken":0,"max_hp_gain":0,"max_hp_loss":0,"event_name":"The Cleric","floor":12,"gold_loss":35},{"damage_healed":0,"gold_gain":0,"player_choice":"Bought 1 Potion","damage_taken":0,"max_hp_gain":0,"max_hp_loss":0,"event_name":"The Woman in Blue","floor":25,"gold_loss":0}],"is_beta":false,"boss_relics":[{"not_picked":["Calling Bell","Fusion Hammer"],"picked":"Busted Crown"}],"items_purged_floors":[20],"is_endless":false,"potions_floor_spawned":[7,10,13,21,28],"killed_by":"Snake Plant","ascension_level":5}