{"gold_per_floor":[119,0,0,0,18,48,48,80,105,131,131,149,162,173,173,274,274,287,287,302,173,1,1,101,131,131,131,164,184,211,223,223,323,323,338,338,140,140,155,155,255,255,279,306,322,322,337,371,371,371],"floor_reached":51,"playtime":3703,"items_purged":["Writhe","Strike_B","Strike_B+1"],"score":820,"play_id":"4348fce2-ab9d-4792-a6e3-da8151413960","local_time":"20190131205604","is_ascension_mode":true,"campfire_choices":[{"data":"Zap","floor":7,"key":"SMITH"},{"data":"Dualcast","floor":11,"key":"SMITH"},{"data":"Doom and Gloom","floor":15,"key":"SMITH"},{"data":"Biased Cognition","floor":23,"key":"SMITH"},{"data":"Capacitor","floor":32,"key":"SMITH"},{"data":"Skim","floor":40,"key":"SMITH"},{"data":"Strike_B+1","floor":42,"key":"PURGE"},{"data":"Self Repair","floor":49,"key":"PURGE"}],"neow_cost":"NONE","seed_source_timestamp":4121612122117,"circlet_count":0,"master_deck":["Defend_B+1","Defend_B+1","Defend_B+1","Defend_B+1","Zap+1","Dualcast+1","Genetic Algorithm","Doom and Gloom+1","Streamline","BootSequence","Cold Snap","Auto Shields","Biased Cognition+1","Skim+1","Hologram+1","Coolheaded+1","Capacitor+1","Consume+1","Compile Driver","FTL+1","Creative AI","Glacier+1","Multi-Cast","Hologram+1","Static Discharge+1","Skim"],"relics":["Cracked Core","Centennial Puzzle","Dream Catcher","Juzu Bracelet","Sundial","Coffee Dripper","PreservedInsect","Incense Burner","Shuriken","Thread and Needle","Dodecahedron","Bottled Flame","Smiling Mask","Snecko Eye","Peace Pipe","Anchor","Happy Flower","Blood Vial"],"potions_floor_usage":[8,16,16,18,30,41,45,50,50],"damage_taken":[{"damage":0,"enemies":"Cultist","floor":1,"turns":3},{"damage":0,"enemies":"2 Louse","floor":5,"turns":2},{"damage":21,"enemies":"Lagavulin","floor":6,"turns":7},{"damage":17,"enemies":"3 Sentries","floor":8,"turns":4},{"damage":14,"enemies":"Gremlin Nob","floor":10,"turns":4},{"damage":0,"enemies":"Jaw Worm","floor":12,"turns":3},{"damage":0,"enemies":"2 Fungi Beasts","floor":13,"turns":3},{"damage":5,"enemies":"Looter","floor":14,"turns":3},{"damage":15,"enemies":"Slime Boss","floor":16,"turns":7},{"damage":9,"enemies":"3 Byrds","floor":18,"turns":4},{"damage":0,"enemies":"Chosen","floor":20,"turns":5},{"damage":6,"enemies":"Colosseum Slavers","floor":24,"turns":4},{"damage":10,"enemies":"Colosseum Nobs","floor":24,"turns":3},{"damage":11,"enemies":"Slavers","floor":25,"turns":2},{"damage":0,"enemies":"Book of Stabbing","floor":28,"turns":4},{"damage":0,"enemies":"Sentry and Sphere","floor":29,"turns":3},{"damage":1,"enemies":"Gremlin Leader","floor":30,"turns":4},{"damage":0,"enemies":"Snake Plant","floor":31,"turns":4},{"damage":3,"enemies":"Collector","floor":33,"turns":9},{"damage":0,"enemies":"3 Shapes","floor":35,"turns":4},{"damage":0,"enemies":"Orb Walker","floor":39,"turns":3},{"damage":0,"enemies":"Mind Bloom Boss Battle","floor":41,"turns":4},{"damage":9,"enemies":"Nemesis","floor":44,"turns":5},{"damage":9,"enemies":"Maw","floor":45,"turns":6},{"damage":0,"enemies":"3 Darklings","floor":47,"turns":4},{"damage":0,"enemies":"Reptomancer","floor":48,"turns":3},{"damage":16,"enemies":"Donu and Deca","floor":50,"turns":8}],"seed_played":"7978091700338667848","potions_obtained":[{"floor":8,"key":"GamblersBrew"},{"floor":10,"key":"EssenceOfSteel"},{"floor":16,"key":"AttackPotion"},{"floor":18,"key":"GamblersBrew"},{"floor":25,"key":"Block Potion"},{"floor":29,"key":"Regen Potion"},{"floor":30,"key":"SkillPotion"},{"floor":31,"key":"AttackPotion"},{"floor":41,"key":"FocusPotion"},{"floor":44,"key":"Regen Potion"},{"floor":48,"key":"AttackPotion"}],"is_trial":false,"path_per_floor":["M","$","?","$","M","E","R","E","T","E","R","M","M","M","R","B",null,"M","?","M","$","$","R","?","E","T","?","E","M","E","M","R","B",null,"M","?","$","?","M","R","?","R","T","E","M","?","M","E","R","B",null],"character_chosen":"DEFECT","items_purchased":["Doom and Gloom","Fire Potion","Coolheaded","Capacitor","Multi-Cast"],"campfire_rested":0,"item_purchase_floors":[2,2,21,22,37],"current_hp_per_floor":[75,75,75,75,75,54,54,37,37,23,23,23,23,18,18,3,75,66,66,66,66,66,66,50,39,39,39,39,46,64,71,71,75,75,75,75,75,75,75,75,75,75,75,66,71,71,75,75,75,59],"gold":371,"neow_bonus":"REMOVE_CARD","is_prod":false,"is_daily":false,"chose_seed":false,"campfire_upgraded":6,"win_rate":1,"timestamp":1548921364,"path_taken":["M","$","?","?","M","E","R","E","T","E","R","M","M","M","R","BOSS","M","?","M","?","$","R","?","E","T","?","E","M","E","M","R","BOSS","M","?","$","?","M","R","?","R","T","E","M","?","M","E","R","BOSS"],"build_version":"2019-01-23","purchased_purges":3,"victory":true,"max_hp_per_floor":[75,75,75,75,75,75,75,75,75,75,75,75,75,75,75,75,75,75,75,75,75,75,75,75,75,75,75,75,75,75,75,75,75,75,75,75,75,75,75,75,75,75,75,75,75,75,75,75,75,75],"card_choices":[{"not_picked":["Go for the Eyes","Stack"],"picked":"Genetic Algorithm","floor":1},{"not_picked":["Compile Driver","Genetic Algorithm"],"picked":"Streamline","floor":5},{"not_picked":["Redo","Coolheaded","Gash"],"picked":"SKIP","floor":6},{"not_picked":["Double Energy","Compile Driver"],"picked":"BootSequence","floor":8},{"not_picked":["Rebound","Lockon"],"picked":"Cold Snap","floor":10},{"not_picked":["Streamline","White Noise"],"picked":"Auto Shields","floor":12},{"not_picked":["Skim","Stack","Cold Snap"],"picked":"SKIP","floor":13},{"not_picked":["Lockon","Rebound","Storm"],"picked":"SKIP","floor":14},{"not_picked":["Rainbow","Seek"],"picked":"Biased Cognition","floor":16},{"not_picked":["Steam Power","Steam"],"picked":"Skim","floor":18},{"not_picked":["Lockon","Hello World"],"picked":"Hologram+1","floor":20},{"not_picked":["Rebound","Defragment"],"picked":"Consume+1","floor":25},{"not_picked":["Stack+1","Hologram"],"picked":"Self Repair","floor":28},{"not_picked":["Turbo","Auto Shields"],"picked":"Compile Driver","floor":29},{"not_picked":["Genetic Algorithm","Consume"],"picked":"FTL+1","floor":30},{"not_picked":["Lockon","Beam Cell"],"picked":"Rip and Tear+1","floor":31},{"not_picked":["Thunder Strike","Buffer"],"picked":"Creative AI","floor":33},{"not_picked":["Beam Cell+1","Rip and Tear+1"],"picked":"Glacier+1","floor":35},{"not_picked":["Cold Snap+1","Rebound+1","Go for the Eyes"],"picked":"SKIP","floor":39},{"not_picked":["Barrage+1","Steam"],"picked":"Hologram+1","floor":44},{"not_picked":["Coolheaded","Auto Shields","Turbo"],"picked":"SKIP","floor":45},{"not_picked":["Streamline","Steam+1"],"picked":"Static Discharge+1","floor":47},{"not_picked":["Ball Lightning","Hologram+1"],"picked":"Skim","floor":48}],"player_experience":130816,"relics_obtained":[{"floor":6,"key":"Centennial Puzzle"},{"floor":8,"key":"Dream Catcher"},{"floor":9,"key":"Juzu Bracelet"},{"floor":10,"key":"Sundial"},{"floor":24,"key":"Incense Burner"},{"floor":24,"key":"Shuriken"},{"floor":25,"key":"Thread and Needle"},{"floor":26,"key":"Dodecahedron"},{"floor":28,"key":"Bottled Flame"},{"floor":30,"key":"Smiling Mask"},{"floor":41,"key":"Peace Pipe"},{"floor":43,"key":"Anchor"},{"floor":44,"key":"Happy Flower"},{"floor":48,"key":"Blood Vial"}],"event_choices":[{"damage_healed":0,"gold_gain":0,"player_choice":"Full Heal","damage_taken":0,"max_hp_gain":0,"max_hp_loss":0,"event_name":"Wheel of Change","floor":3,"gold_loss":0},{"damage_healed":0,"gold_gain":0,"player_choice":"Opened","damage_taken":0,"relics_obtained":["PreservedInsect"],"max_hp_gain":0,"max_hp_loss":0,"event_name":"The Mausoleum","floor":19,"gold_loss":0,"cards_obtained":["Writhe"]},{"damage_healed":0,"gold_gain":0,"player_choice":"Fight","damage_taken":0,"max_hp_gain":0,"max_hp_loss":0,"event_name":"Colosseum","floor":24,"gold_loss":0},{"damage_healed":0,"gold_gain":0,"player_choice":"Fought Nobs","damage_taken":0,"max_hp_gain":0,"max_hp_loss":0,"event_name":"Colosseum","floor":24,"gold_loss":0},{"damage_healed":0,"gold_gain":0,"player_choice":"Simplicity","damage_taken":0,"max_hp_gain":0,"max_hp_loss":0,"event_name":"Back to Basics","floor":27,"gold_loss":0,"cards_upgraded":["Strike_B","Strike_B","Defend_B","Defend_B","Defend_B","Defend_B"]},{"damage_healed":0,"gold_gain":0,"player_choice":"Memory 1","damage_taken":0,"max_hp_gain":0,"max_hp_loss":0,"event_name":"SensoryStone","floor":36,"gold_loss":0},{"damage_healed":0,"gold_gain":0,"player_choice":"Forge","damage_taken":0,"max_hp_gain":0,"max_hp_loss":0,"event_name":"Accursed Blacksmith","floor":38,"gold_loss":0,"cards_upgraded":["Coolheaded"]},{"damage_healed":0,"gold_gain":0,"player_choice":"Fight","damage_taken":0,"max_hp_gain":0,"max_hp_loss":0,"event_name":"MindBloom","floor":41,"gold_loss":0},{"cards_removed":["Rip and Tear"],"damage_healed":0,"gold_gain":0,"player_choice":"Removed Attack","damage_taken":0,"max_hp_gain":0,"max_hp_loss":0,"event_name":"Falling","floor":46,"gold_loss":0}],"is_beta":false,"boss_relics":[{"not_picked":["Calling Bell","Ectoplasm"],"picked":"Coffee Dripper"},{"not_picked":["White Beast Statue","Velvet Choker"],"picked":"Snecko Eye"}],"items_purged_floors":[21,22,37],"is_endless":false,"potions_floor_spawned":[8,10,16,18,25,29,30,31,39,41,44,48],"ascension_level":1}