{"gold_per_floor":[116,116,116,129,144,144,172,183,183,183,194,194,5,20,20,120,120,135,135,164,164,164,164,191,12,12,12,26,46,20,55,55,158,158,173,190,208,231,242,270,286,313,313,103,114,114,140,164,176,188,200,212,23,51,51],"floor_reached":55,"playtime":2454,"items_purged":[],"score":1316,"play_id":"47baff63-d408-4033-aef0-3f1a4c7204fa","local_time":"20181126055557","is_ascension_mode":true,"campfire_choices":[{"data":"Bouncing Flask","floor":6,"key":"SMITH"},{"floor":10,"key":"REST"},{"floor":12,"key":"REST"},{"floor":15,"key":"REST"},{"floor":23,"key":"REST"},{"floor":27,"key":"REST"},{"floor":32,"key":"REST"},{"floor":46,"key":"REST"},{"floor":49,"key":"RECALL"},{"floor":52,"key":"REST"}],"neow_cost":"NONE","seed_source_timestamp":46738151168267,"circlet_count":0,"master_deck":["AscendersBane","Defend_G","Defend_G","Defend_G+1","Defend_G","Defend_G","Strike_G","Strike_G","Strike_G","Strike_G","Strike_G+1","Survivor+1","Neutralize","Predator+1","Bouncing Flask+1","Infinite Blades","Backflip","Bouncing Flask+1","Catalyst+1","Poisoned Stab","Well Laid Plans","Backflip+1","Night Terror+1","Prepared+1","Deadly Poison+1","Prepared+1","Cloak And Dagger+1","Dagger Throw","Concentrate+1","Die Die Die","Dagger Throw+1","Distraction+1","Expertise+1","Blade Dance+1","Malaise+1","Calculated Gamble+1","Madness+1","Cloak And Dagger+1","Acrobatics+1","Outmaneuver+1","Prepared+1"],"relics":["Ring of the Snake","NeowsBlessing","Boot","FaceOfCleric","Pocketwatch","Toxic Egg 2","Fusion Hammer","MutagenicStrength","Red Mask","Tough Bandages","War Paint","Paper Crane","Pear","WristBlade","Whetstone","Regal Pillow","Pantograph","MawBank","Strange Spoon","Matryoshka"],"potions_floor_usage":[7,20,24,24,33,42,42,42,50,55],"damage_taken":[{"damage":0,"enemies":"Jaw Worm","floor":1,"turns":1},{"damage":0,"enemies":"2 Louse","floor":4,"turns":1},{"damage":0,"enemies":"Cultist","floor":5,"turns":1},{"damage":31,"enemies":"Gremlin Nob","floor":7,"turns":4},{"damage":21,"enemies":"Lots of Slimes","floor":8,"turns":5},{"damage":17,"enemies":"Exordium Wildlife","floor":11,"turns":5},{"damage":15,"enemies":"3 Louse","floor":14,"turns":3},{"damage":10,"enemies":"The Guardian","floor":16,"turns":5},{"damage":3,"enemies":"Spheric Guardian","floor":18,"turns":3},{"damage":31,"enemies":"Masked Bandits","floor":20,"turns":6},{"damage":28,"enemies":"Slavers","floor":24,"turns":5},{"damage":3,"enemies":"Shell Parasite","floor":28,"turns":3},{"damage":2,"enemies":"Centurion and Healer","floor":29,"turns":5},{"damage":13,"enemies":"Gremlin Leader","floor":31,"turns":4},{"damage":24,"enemies":"Automaton","floor":33,"turns":4},{"damage":0,"enemies":"3 Shapes","floor":35,"turns":4},{"damage":0,"enemies":"Orb Walker","floor":36,"turns":2},{"damage":0,"enemies":"Sphere and 2 Shapes","floor":37,"turns":4},{"damage":3,"enemies":"4 Shapes","floor":39,"turns":6},{"damage":38,"enemies":"Nemesis","floor":40,"turns":5},{"damage":0,"enemies":"Maw","floor":41,"turns":6},{"damage":30,"enemies":"Reptomancer","floor":42,"turns":4},{"damage":12,"enemies":"Sphere and 2 Shapes","floor":45,"turns":6},{"damage":8,"enemies":"Nemesis","floor":47,"turns":5},{"damage":11,"enemies":"Writhing Mass","floor":48,"turns":6},{"damage":43,"enemies":"Awakened One","floor":50,"turns":10},{"damage":18,"enemies":"Shield and Spear","floor":54,"turns":7},{"damage":114,"enemies":"The Heart","floor":55,"turns":5}],"seed_played":"-4713094695724255622","potions_obtained":[{"floor":4,"key":"Weak Potion"},{"floor":7,"key":"FearPotion"},{"floor":14,"key":"SkillPotion"},{"floor":16,"key":"GhostInAJar"},{"floor":29,"key":"GamblersBrew"},{"floor":31,"key":"Energy Potion"},{"floor":35,"key":"SteroidPotion"},{"floor":41,"key":"Energy Potion"},{"floor":47,"key":"Dexterity Potion"},{"floor":48,"key":"Dexterity Potion"}],"is_trial":false,"path_per_floor":["M","?","?","M","M","R","E","M","T","R","M","R","$","M","R","B",null,"M","?","?","?","?","R","E","$","T","R","M","M","$","E","R","B",null,"M","M","M","T","M","E","M","E","T","$","M","R","E","M","R","B",null,"R","$","E","B"],"character_chosen":"THE_SILENT","items_purchased":["Catalyst+1","Poisoned Stab","Well Laid Plans","Cloak And Dagger+1","War Paint","Dagger Throw","Calculated Gamble+1","Madness+1","Cloak And Dagger+1","Strange Spoon"],"campfire_rested":8,"item_purchase_floors":[13,13,13,25,25,30,44,44,44,53],"current_hp_per_floor":[63,60,60,61,62,62,32,12,12,34,18,40,40,26,48,39,68,66,66,36,21,21,46,19,19,19,44,42,41,41,39,68,45,86,87,88,89,89,87,50,51,22,22,22,11,58,51,41,41,24,89,110,110,93,0],"gold":51,"neow_bonus":"THREE_ENEMY_KILL","is_prod":false,"is_daily":false,"chose_seed":false,"campfire_upgraded":1,"win_rate":0,"timestamp":1543164957,"path_taken":["M","?","?","?","?","R","E","M","T","R","M","R","$","M","R","BOSS","M","?","?","?","?","R","E","$","T","R","M","?","$","E","R","BOSS","M","?","M","?","M","E","M","E","T","$","M","R","E","M","R","BOSS","R","$","E","BOSS"],"build_version":"2018-11-15","purchased_purges":0,"victory":false,"max_hp_per_floor":[70,70,70,71,72,72,73,74,74,74,75,75,75,76,76,77,77,78,78,79,84,84,84,85,85,85,85,86,87,87,98,98,99,99,100,101,102,102,103,104,105,106,106,106,107,107,108,109,109,110,110,110,110,111,111],"card_choices":[{"not_picked":["Backflip","Blade Dance"],"picked":"Predator","floor":1},{"not_picked":["Tactician","PiercingWail"],"picked":"Bouncing Flask","floor":4},{"not_picked":["Concentrate","Tactician"],"picked":"Infinite Blades","floor":5},{"not_picked":["Bouncing Flask","Flying Knee"],"picked":"Backflip","floor":7},{"not_picked":["Flechettes","Infinite Blades","Flying Knee"],"picked":"SKIP","floor":8},{"not_picked":["Envenom","Poisoned Stab"],"picked":"Bouncing Flask+1","floor":11},{"not_picked":["Poisoned Stab","Leg Sweep+1"],"picked":"Backflip+1","floor":14},{"not_picked":["Storm of Steel+1","A Thousand Cuts"],"picked":"Night Terror+1","floor":16},{"not_picked":["Deflect+1","Flying Knee+1"],"picked":"Prepared+1","floor":18},{"not_picked":["Flying Knee","Dagger Throw"],"picked":"Deadly Poison+1","floor":20},{"not_picked":["Heel Hook","Dodge and Roll+1"],"picked":"Prepared+1","floor":24},{"not_picked":["Blade Dance+1","All Out Attack+1","PiercingWail+1"],"picked":"SKIP","floor":28},{"not_picked":["Flying Knee","Envenom","Slice"],"picked":"SKIP","floor":29},{"not_picked":["Terror+1","Blade Dance+1"],"picked":"Concentrate+1","floor":31},{"not_picked":["Unload","Storm of Steel+1"],"picked":"Die Die Die","floor":33},{"not_picked":["Choke","Poisoned Stab"],"picked":"Dagger Throw+1","floor":35},{"not_picked":["Well Laid Plans","Noxious Fumes+1"],"picked":"Distraction+1","floor":36},{"not_picked":["Endless Agony+1","Slice+1","Choke"],"picked":"SKIP","floor":37},{"not_picked":["Quick Slash","Sucker Punch+1"],"picked":"Expertise+1","floor":39},{"not_picked":["Backflip+1","Expertise+1"],"picked":"Blade Dance+1","floor":40},{"not_picked":["Deflect+1","Caltrops","Quick Slash+1"],"picked":"SKIP","floor":41},{"not_picked":["Tools of the Trade","Backstab"],"picked":"Malaise+1","floor":42},{"not_picked":["Heel Hook+1","Flying Knee"],"picked":"Acrobatics+1","floor":45},{"not_picked":["PiercingWail+1","A Thousand Cuts"],"picked":"Outmaneuver+1","floor":47},{"not_picked":["Bouncing Flask+1","Dagger Throw","Masterful Stab+1"],"picked":"SKIP","floor":48},{"not_picked":["Heel Hook+1","All Out Attack+1"],"picked":"Prepared+1","floor":54}],"player_experience":398378,"relics_obtained":[{"floor":7,"key":"Pocketwatch"},{"floor":9,"key":"Toxic Egg 2"},{"floor":20,"key":"Red Mask"},{"floor":24,"key":"Tough Bandages"},{"floor":26,"key":"Paper Crane"},{"floor":31,"key":"Pear"},{"floor":40,"key":"Whetstone"},{"floor":42,"key":"Regal Pillow"},{"floor":43,"key":"Pantograph"},{"floor":47,"key":"MawBank"},{"floor":54,"key":"Matryoshka"}],"event_choices":[{"damage_healed":0,"gold_gain":0,"player_choice":"Success","damage_taken":3,"relics_obtained":["Boot"],"max_hp_gain":0,"max_hp_loss":0,"event_name":"Scrap Ooze","floor":2,"gold_loss":0},{"damage_healed":0,"gold_gain":0,"player_choice":"Trade","damage_taken":0,"relics_obtained":["FaceOfCleric"],"max_hp_gain":0,"max_hp_loss":0,"event_name":"FaceTrader","floor":3,"gold_loss":0},{"damage_healed":0,"gold_gain":0,"player_choice":"Inject Mutagens","damage_taken":0,"relics_obtained":["MutagenicStrength"],"max_hp_gain":0,"max_hp_loss":0,"event_name":"Drug Dealer","floor":19,"gold_loss":0},{"damage_healed":0,"gold_gain":0,"player_choice":"Fought Bandits","damage_taken":0,"max_hp_gain":0,"max_hp_loss":0,"event_name":"Masked Bandits","floor":20,"gold_loss":0},{"damage_healed":0,"gold_gain":0,"player_choice":"Shed Blood","damage_taken":20,"max_hp_gain":5,"max_hp_loss":0,"event_name":"Forgotten Altar","floor":21,"gold_loss":0},{"damage_healed":0,"gold_gain":0,"player_choice":"0 cards matched","damage_taken":0,"max_hp_gain":0,"max_hp_loss":0,"event_name":"Match and Keep!","floor":22,"gold_loss":0,"cards_obtained":[]}],"is_beta":false,"boss_relics":[{"not_picked":["Coffee Dripper","Orrery"],"picked":"Fusion Hammer"},{"not_picked":["Velvet Choker","White Beast Statue"],"picked":"WristBlade"}],"items_purged_floors":[],"is_endless":false,"potions_floor_spawned":[4,7,14,16,29,31,35,41,47,48],"killed_by":"The Heart","ascension_level":10}