{"gold_per_floor":[116,130,130,179,196,196,223,223,223,237,237,265,276,305,305,305],"floor_reached":16,"playtime":925,"items_purged":[],"score":290,"play_id":"6246b008-4c0a-4515-95ca-7e633c4fe831","local_time":"20190220203518","is_ascension_mode":true,"campfire_choices":[{"data":"Immolate","floor":6,"key":"SMITH"},{"data":"True Grit","floor":8,"key":"SMITH"},{"data":"Bash","floor":11,"key":"SMITH"},{"data":"Clothesline","floor":15,"key":"SMITH"}],"neow_cost":"TEN_PERCENT_HP_LOSS","seed_source_timestamp":25545356196549,"circlet_count":0,"master_deck":["AscendersBane","Strike_R","Strike_R","Strike_R","Strike_R","Strike_R","Defend_R","Defend_R","Defend_R","Defend_R","Bash+1","Immolate+1","True Grit+1","Shrug It Off","Flame Barrier","Clothesline+1","Headbutt","Shrug It Off","Flame Barrier"],"relics":["Burning Blood","Regal Pillow","Lantern","Ancient Tea Set","Sundial","Oddly Smooth Stone"],"potions_floor_usage":[7,7,16],"damage_taken":[{"damage":1,"enemies":"Cultist","floor":1,"turns":3},{"damage":0,"enemies":"2 Louse","floor":2,"turns":1},{"damage":0,"enemies":"Jaw Worm","floor":5,"turns":4},{"damage":29,"enemies":"Lagavulin","floor":7,"turns":8},{"damage":8,"enemies":"Blue Slaver","floor":10,"turns":4},{"damage":0,"enemies":"3 Sentries","floor":12,"turns":3},{"damage":11,"enemies":"Exordium Wildlife","floor":13,"turns":3},{"damage":19,"enemies":"Lagavulin","floor":14,"turns":7},{"damage":40,"enemies":"Slime Boss","floor":16,"turns":9}],"seed_played":"7813870599385895483","potions_obtained":[{"floor":1,"key":"Poison Potion"},{"floor":2,"key":"EssenceOfSteel"},{"floor":14,"key":"BloodPotion"}],"is_trial":false,"path_per_floor":["M","M","$","T","M","R","E","R","T","M","R","E","M","E","R","B"],"character_chosen":"IRONCLAD","items_purchased":[],"campfire_rested":0,"item_purchase_floors":[],"current_hp_per_floor":[68,68,68,68,68,68,45,45,45,43,43,49,44,31,31,0],"gold":305,"neow_bonus":"THREE_RARE_CARDS","is_prod":false,"is_daily":false,"chose_seed":false,"campfire_upgraded":4,"win_rate":0,"timestamp":1550648118,"path_taken":["M","M","$","?","M","R","E","R","T","M","R","E","M","E","R","BOSS"],"build_version":"2019-01-23","purchased_purges":0,"victory":false,"max_hp_per_floor":[68,68,68,68,68,68,68,68,68,68,68,68,68,68,68,68],"card_choices":[{"not_picked":["Offering","Double Tap"],"picked":"Immolate","floor":0},{"not_picked":["Dual Wield","Warcry"],"picked":"True Grit","floor":1},{"not_picked":["Warcry","Evolve"],"picked":"Shrug It Off","floor":2},{"not_picked":["Seeing Red","Sever Soul","Bloodletting"],"picked":"SKIP","floor":5},{"not_picked":["Whirlwind","Pommel Strike"],"picked":"Flame Barrier","floor":7},{"not_picked":["Infernal Blade","Reckless Charge"],"picked":"Clothesline","floor":10},{"not_picked":["Second Wind","Entrench"],"picked":"Headbutt","floor":12},{"not_picked":["Wild Strike","Hemokinesis"],"picked":"Shrug It Off","floor":13},{"not_picked":["Feel No Pain","Seeing Red"],"picked":"Flame Barrier","floor":14}],"player_experience":361748,"relics_obtained":[{"floor":4,"key":"Regal Pillow"},{"floor":7,"key":"Lantern"},{"floor":9,"key":"Ancient Tea Set"},{"floor":12,"key":"Sundial"},{"floor":14,"key":"Oddly Smooth Stone"}],"event_choices":[],"is_beta":false,"boss_relics":[],"items_purged_floors":[],"is_endless":false,"potions_floor_spawned":[1,2,14],"killed_by":"Slime Boss","ascension_level":20}