{"gold_per_floor":[119,119,139,152,164,164,190,27,75,75,101,101,51,51,51,177,177,197,197,213,65,81,81,124,124,124,124,124,159,159,179,179,308,308,331,331,50,50,68,68,103,103,103,27,42,82,82,82,82,82],"floor_reached":51,"playtime":3010,"items_purged":["Strike_B","Defend_B"],"score":1072,"play_id":"6642493f-9c85-4b6c-be67-a85b93d69817","local_time":"20190213192317","is_ascension_mode":true,"campfire_choices":[{"data":"Go for the Eyes","floor":6,"key":"SMITH"},{"data":"Zap","floor":10,"key":"SMITH"},{"data":"Defragment","floor":12,"key":"SMITH"},{"floor":15,"key":"REST"},{"data":"Fission","floor":23,"key":"SMITH"},{"data":"Loop","floor":25,"key":"SMITH"},{"data":"Dualcast","floor":30,"key":"SMITH"},{"data":"Loop","floor":32,"key":"SMITH"},{"data":"Seek","floor":40,"key":"SMITH"},{"data":"Hologram","floor":42,"key":"SMITH"},{"data":"Recycle","floor":47,"key":"SMITH"},{"data":"Turbo","floor":49,"key":"SMITH"}],"neow_cost":"TEN_PERCENT_HP_LOSS","seed_source_timestamp":18657708519009,"circlet_count":0,"master_deck":["Defend_B","Defend_B","Zap+1","Dualcast+1","Gash","Self Repair","Trip","Go for the Eyes+1","Genetic Algorithm","Ball Lightning","All For One","Rip and Tear","Steam","Defragment+1","Fission+1","Turbo+1","Electrodynamics","Coolheaded+1","Leap+1","Loop+1","Loop+1","Seek+1","Hologram+1","Dark Shackles","Madness","Dark Shackles","Rebound+1","Double Energy+1","Recycle+1","Coolheaded+1","Steam+1"],"relics":["Cracked Core","Mercury Hourglass","Pen Nib","PreservedInsect","Golden Idol","Orrery","Oddly Smooth Stone","Orichalcum","Strawberry","MutagenicStrength","Incense Burner","Smiling Mask","Inserter","Anchor","Unceasing Top","Gremlin Horn","Dream Catcher"],"potions_floor_usage":[16,16,24,24,29,33,50,50,50],"damage_taken":[{"damage":4,"enemies":"2 Louse","floor":1,"turns":2},{"damage":0,"enemies":"Cultist","floor":3,"turns":4},{"damage":4,"enemies":"Small Slimes","floor":4,"turns":4},{"damage":2,"enemies":"Looter","floor":5,"turns":4},{"damage":24,"enemies":"Gremlin Nob","floor":7,"turns":5},{"damage":24,"enemies":"Lagavulin","floor":11,"turns":8},{"damage":8,"enemies":"The Guardian","floor":16,"turns":7},{"damage":5,"enemies":"Shell Parasite","floor":18,"turns":4},{"damage":5,"enemies":"3 Byrds","floor":20,"turns":3},{"damage":4,"enemies":"Sentry and Sphere","floor":22,"turns":4},{"damage":5,"enemies":"Slavers","floor":24,"turns":3},{"damage":2,"enemies":"Book of Stabbing","floor":29,"turns":3},{"damage":2,"enemies":"Snake Plant","floor":31,"turns":4},{"damage":20,"enemies":"Champ","floor":33,"turns":22},{"damage":0,"enemies":"Orb Walker","floor":35,"turns":3},{"damage":0,"enemies":"3 Shapes","floor":39,"turns":4},{"damage":6,"enemies":"Reptomancer","floor":41,"turns":4},{"damage":0,"enemies":"3 Darklings","floor":45,"turns":3},{"damage":0,"enemies":"Nemesis","floor":46,"turns":3},{"damage":8,"enemies":"Awakened One","floor":50,"turns":13}],"seed_played":"8226308640306972778","potions_obtained":[{"floor":4,"key":"SteroidPotion"},{"floor":5,"key":"SpeedPotion"},{"floor":7,"key":"PowerPotion"},{"floor":20,"key":"Explosive Potion"},{"floor":24,"key":"Poison Potion"},{"floor":29,"key":"Swift Potion"},{"floor":31,"key":"Fire Potion"},{"floor":45,"key":"EssenceOfSteel"},{"floor":46,"key":"FocusPotion"}],"is_trial":false,"path_per_floor":["M","?","M","M","M","R","E","$","T","R","E","R","?","?","R","B",null,"M","?","M","$","M","R","E","R","T","?","T","E","R","M","R","B",null,"M","?","$","?","M","R","E","R","T","$","M","E","R","?","R","B",null],"character_chosen":"DEFECT","items_purchased":["Rip and Tear","Steam","Oddly Smooth Stone","Anchor","FocusPotion","Recycle"],"campfire_rested":1,"item_purchase_floors":[8,8,21,37,37,44],"current_hp_per_floor":[64,64,68,68,68,68,51,51,51,51,34,34,34,17,37,36,60,55,55,50,50,46,46,41,41,48,48,48,53,53,58,58,45,68,75,65,65,65,65,65,59,59,59,59,66,73,73,73,73,65],"gold":82,"neow_bonus":"REMOVE_TWO","is_prod":false,"is_daily":false,"chose_seed":false,"campfire_upgraded":11,"win_rate":0,"timestamp":1550038997,"path_taken":["M","?","?","M","M","R","E","$","T","R","E","R","?","?","R","BOSS","M","?","?","$","M","R","E","R","T","?","?","E","R","M","R","BOSS","M","?","$","?","?","R","E","R","T","?","M","E","R","?","R","BOSS"],"build_version":"2019-01-23","purchased_purges":2,"victory":true,"max_hp_per_floor":[68,68,68,68,68,68,68,68,68,68,68,68,68,68,68,68,68,68,68,68,68,68,68,68,68,75,75,75,75,75,75,75,75,75,75,75,75,75,75,75,75,75,75,75,75,75,75,75,75,75],"card_choices":[{"not_picked":["Streamline","Storm"],"picked":"Gash","floor":1},{"not_picked":["Go for the Eyes","Rebound"],"picked":"Genetic Algorithm","floor":3},{"not_picked":["Hologram","Cold Snap"],"picked":"Ball Lightning","floor":4},{"not_picked":["Beam Cell","Lockon","Meteor Strike"],"picked":"SKIP","floor":5},{"not_picked":["Lockon","Sunder"],"picked":"All For One","floor":7},{"not_picked":["Sweeping Beam","Barrage"],"picked":"Defragment","floor":11},{"not_picked":["Multi-Cast","Creative AI"],"picked":"Fission","floor":16},{"not_picked":["Hologram","Coolheaded"],"picked":"Turbo","floor":17},{"not_picked":["Stack","Loop"],"picked":"Electrodynamics","floor":17},{"not_picked":["Fusion","Ball Lightning"],"picked":"Coolheaded+1","floor":18},{"not_picked":["Auto Shields","Ball Lightning+1"],"picked":"Leap+1","floor":20},{"not_picked":["Heatsinks","Go for the Eyes"],"picked":"Gash","floor":22},{"not_picked":["Multi-Cast","Reinforced Body"],"picked":"Loop","floor":24},{"not_picked":["Heatsinks+1","Go for the Eyes","Fusion+1"],"picked":"SKIP","floor":29},{"not_picked":["Stack","Scrape"],"picked":"Loop","floor":31},{"not_picked":["Biased Cognition","Fission"],"picked":"Seek","floor":33},{"not_picked":["Genetic Algorithm","Beam Cell"],"picked":"Hologram","floor":35},{"not_picked":["Purity","HandOfGreed"],"picked":"Dark Shackles","floor":36},{"not_picked":["Dramatic Entrance","Good Instincts"],"picked":"Madness","floor":36},{"not_picked":["Jack Of All Trades","Swift Strike"],"picked":"Dark Shackles","floor":36},{"not_picked":["Streamline+1","Coolheaded"],"picked":"Rebound+1","floor":39},{"not_picked":["Force Field","Go for the Eyes+1"],"picked":"Double Energy+1","floor":41},{"not_picked":["Go for the Eyes","Loop"],"picked":"Coolheaded+1","floor":45},{"not_picked":["Redo","Machine Learning"],"picked":"Steam+1","floor":46}],"player_experience":238995,"relics_obtained":[{"floor":7,"key":"Mercury Hourglass"},{"floor":9,"key":"Pen Nib"},{"floor":11,"key":"PreservedInsect"},{"floor":24,"key":"Orichalcum"},{"floor":26,"key":"Strawberry"},{"floor":28,"key":"Incense Burner"},{"floor":29,"key":"Smiling Mask"},{"floor":41,"key":"Unceasing Top"},{"floor":43,"key":"Gremlin Horn"},{"floor":46,"key":"Dream Catcher"}],"event_choices":[{"damage_healed":0,"gold_gain":0,"player_choice":"3 cards matched","damage_taken":0,"max_hp_gain":0,"max_hp_loss":0,"event_name":"Match and Keep!","floor":2,"gold_loss":0,"cards_obtained":["Self Repair","Trip","Go for the Eyes"]},{"cards_removed":["Strike_B"],"damage_healed":0,"gold_gain":0,"player_choice":"Card Removal","damage_taken":0,"max_hp_gain":0,"max_hp_loss":0,"event_name":"The Cleric","floor":13,"gold_loss":50},{"damage_healed":0,"gold_gain":0,"player_choice":"Take Damage","damage_taken":17,"relics_obtained":["Golden Idol"],"max_hp_gain":0,"max_hp_loss":0,"event_name":"Golden Idol","floor":14,"gold_loss":0},{"damage_healed":0,"gold_gain":0,"player_choice":"0 cards matched","damage_taken":0,"max_hp_gain":0,"max_hp_loss":0,"event_name":"Match and Keep!","floor":19,"gold_loss":0,"cards_obtained":[]},{"damage_healed":0,"gold_gain":0,"player_choice":"Inject Mutagens","damage_taken":0,"relics_obtained":["MutagenicStrength"],"max_hp_gain":0,"max_hp_loss":0,"event_name":"Drug Dealer","floor":27,"gold_loss":0},{"damage_healed":0,"gold_gain":0,"player_choice":"Memory 3","damage_taken":10,"max_hp_gain":0,"max_hp_loss":0,"event_name":"SensoryStone","floor":36,"gold_loss":0},{"cards_removed":["Defend_B"],"damage_healed":0,"gold_gain":0,"player_choice":"Purged","damage_taken":0,"max_hp_gain":0,"max_hp_loss":0,"event_name":"Purifier","floor":38,"gold_loss":0},{"cards_removed":["Gash"],"damage_healed":0,"gold_gain":0,"player_choice":"Removed Attack","damage_taken":0,"max_hp_gain":0,"max_hp_loss":0,"event_name":"Falling","floor":48,"gold_loss":0}],"is_beta":false,"boss_relics":[{"not_picked":["Snecko Eye","Busted Crown"],"picked":"Orrery"},{"not_picked":["Fusion Hammer","Astrolabe"],"picked":"Inserter"}],"items_purged_floors":[8,37],"is_endless":false,"potions_floor_spawned":[4,5,7,20,24,29,31,45,46],"ascension_level":9}