{"gold_per_floor":[114,47,62,77,27,57,72,87,137,152,5,35,35],"floor_reached":13,"playtime":400,"items_purged":[],"score":197,"play_id":"62d7b35e-ae0b-4292-bd21-0e1f2aacfbb0","local_time":"20180704011821","daily_mods":["Specialized","Lethality","Hoarder"],"is_ascension_mode":false,"campfire_choices":[],"neow_cost":"","seed_source_timestamp":0,"circlet_count":0,"master_deck":["Defend_G","Defend_G","Defend_G","Defend_G","Defend_G","Strike_G","Strike_G","Strike_G+1","Strike_G","Strike_G","Survivor","Neutralize","Phantasmal Killer","Phantasmal Killer","Phantasmal Killer","Phantasmal Killer","Phantasmal Killer","Phantasmal Killer","Phantasmal Killer","Phantasmal Killer","Phantasmal Killer","Phantasmal Killer","Phantasmal Killer","Phantasmal Killer","Phantasmal Killer","Phantasmal Killer","Backflip","Backflip","Backflip","Blade Dance","Blade Dance","Blade Dance","Escape Plan","Escape Plan","Escape Plan","Finisher","Finisher","Finisher+1","Slice","Slice","Slice","Dagger Throw","Dagger Throw","Dagger Throw","Acrobatics","Acrobatics","Acrobatics","Leg Sweep","Leg Sweep","Leg Sweep","Bullet Time","Bullet Time","Bullet Time","Slice","Slice","Slice"],"special_seed":17715,"relics":["Ring of the Snake","Whetstone","Snake Skull","Paper Crane"],"potions_floor_usage":[6,6,12,12],"damage_taken":[{"damage":8,"enemies":"Small Slimes","floor":1,"turns":4},{"damage":0,"enemies":"Cultist","floor":3,"turns":2},{"damage":11,"enemies":"Jaw Worm","floor":4,"turns":2},{"damage":27,"enemies":"Lagavulin","floor":6,"turns":7},{"damage":0,"enemies":"Large Slime","floor":7,"turns":3},{"damage":3,"enemies":"2 Fungi Beasts","floor":8,"turns":3},{"damage":3,"enemies":"Exordium Wildlife","floor":10,"turns":3},{"damage":17,"enemies":"Gremlin Nob","floor":12,"turns":3},{"damage":5,"enemies":"Blue Slaver","floor":13,"turns":1}],"seed_played":"-5295216616361332357","potions_obtained":[{"floor":3,"key":"Poison Potion"},{"floor":4,"key":"Swift Potion"},{"floor":8,"key":"Poison Potion"},{"floor":10,"key":"SkillPotion"}],"is_trial":false,"path_per_floor":["M","$","M","M","?","E","M","M","T","M","$","E"],"character_chosen":"THE_SILENT","items_purchased":["Blade Dance","Bullet Time"],"campfire_rested":0,"item_purchase_floors":[2,11],"current_hp_per_floor":[62,62,62,51,51,24,24,21,21,18,18,1,0],"gold":35,"neow_bonus":"","is_prod":false,"is_daily":true,"chose_seed":false,"campfire_upgraded":0,"win_rate":0,"timestamp":1530623901,"path_taken":["M","$","M","M","?","E","M","M","T","M","?","E","M"],"build_version":"2018-06-28","purchased_purges":0,"victory":false,"max_hp_per_floor":[70,70,70,70,70,70,70,70,70,70,70,70,70],"card_choices":[{"not_picked":["Endless Agony","Slice"],"picked":"Backflip","floor":1},{"not_picked":["Catalyst","Prepared"],"picked":"Escape Plan","floor":3},{"not_picked":["PiercingWail","Flechettes"],"picked":"Finisher","floor":4},{"not_picked":["Skewer","Reflex"],"picked":"Slice","floor":6},{"not_picked":["Backflip","Prepared"],"picked":"Dagger Throw","floor":7},{"not_picked":["Masterful Stab","Poisoned Stab"],"picked":"Acrobatics","floor":8},{"not_picked":["Backflip","Flying Knee"],"picked":"Leg Sweep","floor":10},{"not_picked":["Quick Slash","Outmaneuver"],"picked":"Slice","floor":12}],"player_experience":270133,"relics_obtained":[{"floor":6,"key":"Whetstone"},{"floor":9,"key":"Snake Skull"},{"floor":12,"key":"Paper Crane"}],"event_choices":[{"event_name":"The Cleric","player_choice":"Card Removal","floor":5,"damage_taken":0}],"boss_relics":[],"items_purged_floors":[],"is_endless":false,"potions_floor_spawned":[3,4,8,10],"killed_by":"Blue Slaver","ascension_level":0}