{"gold_per_floor":[114,114,114,129,304,304,334,349,349,379,394,424,424,439,439,539,539,554,71,86,101,116,146,161,191,191,206,9,9,324,354,354,454,454,469,484,165,210,225,205,235,235,235,265,280,295,325,340,340,340],"floor_reached":51,"playtime":1703,"items_purged":[],"score":1198,"play_id":"e3da441f-fdd2-43d8-8b61-0f085bc5f9e6","local_time":"20180708011137","daily_mods":["Brewmaster","Time Dilation","Vintage"],"is_ascension_mode":false,"campfire_choices":[{"data":"Perfected Strike","floor":6,"key":"SMITH"},{"data":"Whirlwind","floor":13,"key":"SMITH"},{"data":"Demon Form","floor":15,"key":"SMITH"},{"data":"Evolve","floor":32,"key":"SMITH"},{"data":"Rupture","floor":42,"key":"SMITH"},{"data":"Metallicize","floor":49,"key":"SMITH"}],"neow_cost":"","seed_source_timestamp":0,"circlet_count":0,"master_deck":["Strike_R","Strike_R+1","Strike_R+1","Defend_R","Defend_R","Defend_R+1","Defend_R","Bash","Venomology","Venomology+1","Venomology","Venomology","Venomology","Perfected Strike+1","Doubt","Perfected Strike","Whirlwind+1","Demon Form+1","Offering+1","Evolve+1","Metallicize+1","Master of Strategy+1","Rupture+1","Perfected Strike","Double Tap+1","Twin Strike+1","Shrug It Off+1","Perfected Strike+1","Offering+1","Apotheosis+1","Bloodletting+1","Burning Pact+1","Twin Strike+1"],"special_seed":17719,"relics":["Burning Blood","White Beast Statue","Ornamental Fan","Anchor","Du-Vu Doll","Lantern","Art of War","Magic Flower","Letter Opener","Vajra","Toxic Egg 2","Blue Candle","Strawberry","Mark of Pain","The Courier","Bottled Lightning","Singing Bowl","Kunai","Blood Vial","Shuriken","Pen Nib","Molten Egg 2","Oddly Smooth Stone","Old Coin","Mercury Hourglass","Omamori","Cursed Key","Happy Flower","Meat on the Bone","Strange Spoon","Tiny Chest","War Paint","Bag of Marbles","Sundial","Gambling Chip","Whetstone","Boot","Centennial Puzzle","Bag of Preparation"],"potions_floor_usage":[4,7,7,7,7,7,8,10,10,10,11,12,12,12,12,12,14,16,16,16,16,16,16,16,16,18,18,21,21,23,23,23,23,23,23,25,25,25,25,27,27,31,31,33,33,33,33,33,33,39,39,39,39,41,41,41,44,44,44,44,44,50,50,50,50,50,50,50,50,50],"damage_taken":[{"damage":15,"enemies":"Jaw Worm","floor":1,"turns":5},{"damage":0,"enemies":"Small Slimes","floor":4,"turns":3},{"damage":0,"enemies":"3 Sentries","floor":7,"turns":4},{"damage":2,"enemies":"2 Louse","floor":8,"turns":3},{"damage":0,"enemies":"Gremlin Nob","floor":10,"turns":2},{"damage":2,"enemies":"Blue Slaver","floor":11,"turns":2},{"damage":22,"enemies":"3 Sentries","floor":12,"turns":5},{"damage":0,"enemies":"2 Fungi Beasts","floor":14,"turns":1},{"damage":1,"enemies":"Slime Boss","floor":16,"turns":5},{"damage":12,"enemies":"2 Thieves","floor":18,"turns":4},{"damage":4,"enemies":"Spheric Guardian","floor":20,"turns":1},{"damage":4,"enemies":"Snake Plant","floor":21,"turns":1},{"damage":4,"enemies":"Chosen and Byrds","floor":22,"turns":2},{"damage":10,"enemies":"Book of Stabbing","floor":23,"turns":4},{"damage":21,"enemies":"Sentry and Sphere","floor":24,"turns":4},{"damage":5,"enemies":"Gremlin Leader","floor":25,"turns":4},{"damage":6,"enemies":"Snecko","floor":27,"turns":3},{"damage":4,"enemies":"Chosen and Byrds","floor":30,"turns":3},{"damage":5,"enemies":"Book of Stabbing","floor":31,"turns":3},{"damage":55,"enemies":"Champ","floor":33,"turns":7},{"damage":4,"enemies":"3 Darklings","floor":35,"turns":1},{"damage":8,"enemies":"Orb Walker","floor":36,"turns":1},{"damage":9,"enemies":"Sphere and 2 Shapes","floor":38,"turns":1},{"damage":4,"enemies":"Maw","floor":39,"turns":3},{"damage":9,"enemies":"Giant Head","floor":41,"turns":3},{"damage":5,"enemies":"2 Orb Walkers","floor":44,"turns":1},{"damage":7,"enemies":"3 Darklings","floor":45,"turns":1},{"damage":15,"enemies":"4 Shapes","floor":46,"turns":1},{"damage":4,"enemies":"Nemesis","floor":47,"turns":1},{"damage":5,"enemies":"Sphere and 2 Shapes","floor":48,"turns":1},{"damage":20,"enemies":"Donu and Deca","floor":50,"turns":4}],"seed_played":"-5610983590349585426","potions_obtained":[{"floor":1,"key":"Fire Potion"},{"floor":4,"key":"Explosive Potion"},{"floor":7,"key":"BloodPotion"},{"floor":8,"key":"Energy Potion"},{"floor":10,"key":"SkillPotion"},{"floor":11,"key":"LiquidBronze"},{"floor":12,"key":"EntropicBrew"},{"floor":14,"key":"AttackPotion"},{"floor":16,"key":"Ancient Potion"},{"floor":18,"key":"SpeedPotion"},{"floor":20,"key":"SkillPotion"},{"floor":21,"key":"SkillPotion"},{"floor":22,"key":"AttackPotion"},{"floor":23,"key":"AttackPotion"},{"floor":24,"key":"Strength Potion"},{"floor":25,"key":"LiquidBronze"},{"floor":27,"key":"Dexterity Potion"},{"floor":30,"key":"EssenceOfSteel"},{"floor":31,"key":"PowerPotion"},{"floor":33,"key":"LiquidBronze"},{"floor":35,"key":"FearPotion"},{"floor":38,"key":"Strength Potion"},{"floor":39,"key":"Fire Potion"},{"floor":40,"key":"EssenceOfSteel"},{"floor":41,"key":"Swift Potion"},{"floor":44,"key":"SteroidPotion"},{"floor":45,"key":"EntropicBrew"}],"is_trial":false,"path_per_floor":["M","?","?","M","?","R","E","M","T","E","M","E","R","M","R","B",null,"M","$","M","M","M","E","M","E","T","M","$","?","M","E","R","B",null,"M","M","$","M","M","?","E","R","T","E","M","M","E","M","R","B"],"character_chosen":"IRONCLAD","items_purchased":["Bottled Lightning","Evolve","Metallicize","Master of Strategy+1","Double Tap+1","Twin Strike+1","Shrug It Off+1","Apotheosis+1","Strange Spoon"],"campfire_rested":0,"item_purchase_floors":[19,19,19,19,28,28,28,37,37],"current_hp_per_floor":[71,71,59,73,73,73,80,80,80,80,80,67,67,76,76,87,87,84,84,87,87,87,86,75,82,82,87,87,87,87,87,87,41,87,87,87,87,87,87,87,87,87,87,87,87,81,87,87,87,76],"gold":340,"neow_bonus":"","is_prod":false,"is_daily":true,"chose_seed":false,"campfire_upgraded":6,"win_rate":0,"timestamp":1530969097,"path_taken":["M","?","?","M","?","R","E","M","T","E","M","E","R","M","R","BOSS","M","$","M","M","M","E","M","E","T","M","$","?","M","E","R","BOSS","M","M","$","M","M","?","E","R","T","E","?","M","E","M","R","BOSS"],"build_version":"2018-07-05","purchased_purges":0,"victory":true,"max_hp_per_floor":[80,80,80,80,80,80,80,80,80,80,80,80,80,80,80,87,87,87,87,87,87,87,87,87,87,87,87,87,87,87,87,87,87,87,87,87,87,87,87,87,87,87,87,87,87,87,87,87,87,87],"card_choices":[{"not_picked":["Havoc","Rupture"],"picked":"Perfected Strike","floor":7},{"not_picked":["Disarm","Clothesline"],"picked":"Whirlwind","floor":10},{"not_picked":["Fiend Fire","Clash"],"picked":"Demon Form","floor":12},{"not_picked":["Bludgeon","Immolate"],"picked":"Offering+1","floor":16},{"not_picked":["Berserk","Carnage"],"picked":"Rupture","floor":23},{"not_picked":["Wild Strike+1","Juggernaut"],"picked":"Perfected Strike","floor":25},{"not_picked":["Evolve","Hemokinesis+1"],"picked":"Perfected Strike+1","floor":31},{"not_picked":["Dark Embrace","Bludgeon+1"],"picked":"Offering+1","floor":33},{"not_picked":["Burning Pact+1","Iron Wave+1"],"picked":"Bloodletting+1","floor":41},{"not_picked":["Reckless Charge+1","Iron Wave+1"],"picked":"Burning Pact+1","floor":44},{"not_picked":["True Grit+1","Searing Blow+1"],"picked":"Twin Strike+1","floor":47}],"player_experience":280669,"relics_obtained":[{"floor":1,"key":"Ornamental Fan"},{"floor":4,"key":"Du-Vu Doll"},{"floor":7,"key":"Lantern"},{"floor":8,"key":"Art of War"},{"floor":9,"key":"Magic Flower"},{"floor":10,"key":"Letter Opener"},{"floor":11,"key":"Vajra"},{"floor":12,"key":"Toxic Egg 2"},{"floor":14,"key":"Blue Candle"},{"floor":16,"key":"Strawberry"},{"floor":18,"key":"The Courier"},{"floor":20,"key":"Singing Bowl"},{"floor":21,"key":"Kunai"},{"floor":23,"key":"Blood Vial"},{"floor":24,"key":"Shuriken"},{"floor":25,"key":"Pen Nib"},{"floor":26,"key":"Molten Egg 2"},{"floor":27,"key":"Oddly Smooth Stone"},{"floor":30,"key":"Old Coin"},{"floor":31,"key":"Mercury Hourglass"},{"floor":33,"key":"Omamori"},{"floor":35,"key":"Happy Flower"},{"floor":36,"key":"Meat on the Bone"},{"floor":38,"key":"Tiny Chest"},{"floor":39,"key":"War Paint"},{"floor":41,"key":"Bag of Marbles"},{"floor":43,"key":"Sundial"},{"floor":44,"key":"Gambling Chip"},{"floor":45,"key":"Whetstone"},{"floor":46,"key":"Boot"},{"floor":47,"key":"Centennial Puzzle"},{"floor":48,"key":"Bag of Preparation"}],"event_choices":[{"event_name":"Living Wall","player_choice":"Change","floor":2,"damage_taken":0},{"event_name":"Scrap Ooze","player_choice":"success","floor":3,"damage_taken":12},{"event_name":"Liars Game","player_choice":"agreed","floor":5,"damage_taken":0},{"event_name":"Purifier","player_choice":"One Purge","floor":29,"damage_taken":0},{"event_name":"The Woman in Blue","player_choice":"Bought 1 Potion","floor":40,"damage_taken":0}],"boss_relics":[{"not_picked":["Tiny House","Eternal Feather"],"picked":"Mark of Pain"},{"not_picked":["Astrolabe","Velvet Choker"],"picked":"Cursed Key"}],"items_purged_floors":[],"is_endless":false,"potions_floor_spawned":[1,4,7,8,10,11,12,14,16,18,20,21,22,23,24,25,27,30,31,33,35,36,38,39,41,44,45,46,47,48],"ascension_level":0}