{"path_per_floor":["M","M","M","M","M","E","R","E","T","M","M","?","$","M","R","B",null,"M","M","?","?","T","M","E","R","T","M","M","M","M","?","R"],"character_chosen":"DEFECT","items_purchased":["Reboot","Steam"],"gold_per_floor":[114,126,145,158,172,207,207,238,238,255,275,275,31,50,50,150,150,165,175,175,175,247,266,299,299,350,365,385,396,410,410,410,410],"floor_reached":33,"campfire_rested":4,"playtime":1126,"item_purchase_floors":[13,13],"current_hp_per_floor":[73,69,62,44,43,33,55,37,37,31,25,18,18,20,44,18,66,63,60,44,49,49,25,5,31,38,34,31,23,19,19,47,0],"items_purged":["Compile Driver"],"gold":410,"score":381,"play_id":"ea24a962-dd0b-459b-87de-011975811779","local_time":"20180530235635","is_prod":false,"is_daily":false,"chose_seed":false,"is_ascension_mode":true,"campfire_upgraded":0,"win_rate":0,"timestamp":1527681395,"campfire_choices":[{"floor":7,"key":"REST"},{"floor":15,"key":"REST"},{"floor":25,"key":"REST"},{"floor":32,"key":"REST"}],"path_taken":["M","M","M","M","M","E","R","E","T","M","M","?","$","M","R","BOSS","M","M","?","?","?","M","E","R","T","M","?","M","M","?","R","BOSS"],"build_version":"2018-05-28","seed_source_timestamp":175581944202244,"purchased_purges":1,"victory":false,"master_deck":["Strike_B","Strike_B","Defend_B","Defend_B","Defend_B","Defend_B","Zap","Go for the Eyes","FTL","Scrape","Scrape","Seek","Go for the Eyes","Beam Cell","Beam Cell","Reboot","Steam","Hyperbeam","Core Surge+1","Steam","Go for the Eyes","Reinforced Body","Streamline+1","Glacier","Coolheaded","Hologram"],"max_hp_per_floor":[75,75,75,75,75,75,75,80,80,80,80,80,80,82,82,82,82,82,82,87,87,87,87,87,87,94,94,94,94,96,96,96,96],"relics":["Black Star","Potion Belt","Singing Bowl","Centennial Puzzle","Bottled Flame","Pantograph","Dodecahedron","Astrolabe","Mercury Hourglass","Smiling Mask","Darkstone Periapt","Strawberry"],"card_choices":[{"not_picked":["Redo","Reinforced Body"],"picked":"Go for the Eyes","floor":1},{"not_picked":["Stack","Scrape"],"picked":"FTL","floor":2},{"not_picked":["Chaos","Turbo"],"picked":"Scrape","floor":3},{"not_picked":["Compile Driver","Rebound"],"picked":"Scrape","floor":4},{"not_picked":["Reinforced Body","Chill"],"picked":"Compile Driver","floor":5},{"not_picked":["Hologram","Sweeping Beam"],"picked":"Seek","floor":6},{"not_picked":["Recycle","Turbo"],"picked":"Go for the Eyes","floor":8},{"not_picked":["Stack","Ball Lightning"],"picked":"Beam Cell","floor":10},{"not_picked":["Rip and Tear","Cold Snap"],"picked":"Beam Cell","floor":11},{"not_picked":["Lockon","Capacitor","Turbo"],"picked":"Singing Bowl","floor":14},{"not_picked":["Creative AI","Seek"],"picked":"Hyperbeam","floor":16},{"not_picked":["Heatsinks","Genetic Algorithm"],"picked":"Steam","floor":18},{"not_picked":["Ball Lightning","Force Field"],"picked":"Go for the Eyes","floor":19},{"not_picked":["Static Discharge","Ball Lightning"],"picked":"Reinforced Body","floor":23},{"not_picked":["Barrage+1","Storm"],"picked":"Streamline+1","floor":24},{"not_picked":["Consume","Coolheaded"],"picked":"Glacier","floor":27},{"not_picked":["Meteor Strike","Capacitor"],"picked":"Coolheaded","floor":28},{"not_picked":["Sunder","Blizzard+1"],"picked":"Hologram","floor":29},{"not_picked":["Consume+1","Sweeping Beam","Force Field"],"picked":"Singing Bowl","floor":30}],"player_experience":305147,"potions_floor_usage":[6,6,8,16,23,23,30,30],"damage_taken":[{"damage":2,"enemies":"Jaw Worm","floor":1,"turns":3},{"damage":4,"enemies":"Small Slimes","floor":2,"turns":4},{"damage":7,"enemies":"2 Louse","floor":3,"turns":2},{"damage":18,"enemies":"Exordium Wildlife","floor":4,"turns":4},{"damage":1,"enemies":"Looter","floor":5,"turns":4},{"damage":10,"enemies":"Lagavulin","floor":6,"turns":6},{"damage":23,"enemies":"Gremlin Nob","floor":8,"turns":4},{"damage":6,"enemies":"2 Fungi Beasts","floor":10,"turns":3},{"damage":6,"enemies":"Large Slime","floor":11,"turns":6},{"damage":0,"enemies":"Red Slaver","floor":14,"turns":2},{"damage":51,"enemies":"Hexaghost","floor":16,"turns":10},{"damage":3,"enemies":"Shell Parasite","floor":18,"turns":3},{"damage":3,"enemies":"Chosen","floor":19,"turns":3},{"damage":24,"enemies":"Snake Plant","floor":23,"turns":3},{"damage":20,"enemies":"Book of Stabbing","floor":24,"turns":5},{"damage":4,"enemies":"3 Cultists","floor":27,"turns":4},{"damage":3,"enemies":"Snecko","floor":28,"turns":4},{"damage":8,"enemies":"Snake Plant","floor":29,"turns":3},{"damage":6,"enemies":"Centurion and Healer","floor":30,"turns":4},{"damage":78,"enemies":"Collector","floor":33,"turns":6}],"relics_obtained":[{"floor":6,"key":"Potion Belt"},{"floor":6,"key":"Singing Bowl"},{"floor":8,"key":"Centennial Puzzle"},{"floor":8,"key":"Bottled Flame"},{"floor":9,"key":"Pantograph"},{"floor":22,"key":"Mercury Hourglass"},{"floor":24,"key":"Smiling Mask"},{"floor":24,"key":"Darkstone Periapt"},{"floor":26,"key":"Strawberry"}],"event_choices":[{"event_name":"Scrap Ooze","player_choice":"success","floor":12,"damage_taken":7},{"event_name":"Forgotten Altar","player_choice":"Shed Blood","floor":20,"damage_taken":0},{"event_name":"Bonfire Elementals","player_choice":"COMMON","floor":21,"damage_taken":0},{"event_name":"Purifier","player_choice":"One Purge","floor":31,"damage_taken":0}],"boss_relics":[{"not_picked":["Calling Bell","Runic Pyramid"],"picked":"Astrolabe"}],"items_purged_floors":[13],"potions_floor_spawned":[2,3,5,6,14,16,19,24],"seed_played":"-2762750128795826559","killed_by":"Collector","ascension_level":5,"potions_obtained":[{"floor":2,"key":"SpeedPotion"},{"floor":3,"key":"GamblersBrew"},{"floor":5,"key":"AttackPotion"},{"floor":6,"key":"Fruit Juice"},{"floor":14,"key":"Weak Potion"},{"floor":16,"key":"SteroidPotion"},{"floor":19,"key":"AttackPotion"},{"floor":24,"key":"SkillPotion"}],"is_trial":false}