{"gold_per_floor":[110,110,123,143,154,154,172,172,172,172,200,220,249,261,261,339,339,356,356,369,469,480,480,513,532,604,622,641,641,44,54,54,129,129,147,422,442,282,282,316,216,233,233,233,233,233,249,267,267,267,267,267,267,89,124,124],"floor_reached":56,"playtime":6015,"items_purged":["Regret","Writhe"],"score":1901,"play_id":"52f3ae3b-3af4-488f-aa87-7a6180db03e3","local_time":"20190228172554","is_ascension_mode":true,"campfire_choices":[{"data":"Deadly Poison","floor":6,"key":"SMITH"},{"data":"Neutralize","floor":8,"key":"SMITH"},{"data":"Leg Sweep","floor":10,"key":"SMITH"},{"data":"Caltrops","floor":15,"key":"SMITH"},{"floor":23,"key":"REST"},{"floor":32,"key":"REST"},{"floor":49,"key":"RECALL"},{"data":"After Image","floor":53,"key":"SMITH"}],"neow_cost":"NONE","seed_source_timestamp":13299809138523,"circlet_count":0,"master_deck":["AscendersBane","Defend_G","Defend_G","Defend_G","Defend_G","Defend_G","Strike_G","Strike_G","Strike_G","Strike_G","Survivor","Neutralize+1","Leg Sweep+1","Slice","Deadly Poison+1","Flying Knee","PiercingWail","Deadly Poison","Dash","Caltrops+1","After Image+1","Dagger Spray","Deflect","Backstab+1","Caltrops","Leg Sweep","Corpse Explosion","Dagger Throw+1","Dodge and Roll+1","Catalyst+1","Blur","Backstab+1","Footwork","Crippling Poison","Well Laid Plans","Backflip","Tactician","PiercingWail","Poisoned Stab+1","Malaise","Blur+1"],"relics":["Ring of the Serpent","Omamori","WarpedTongs","Unceasing Top","Pocketwatch","Tingsha","HoveringKite","Shovel","Molten Egg 2","PreservedInsect","Question Card","Thread and Needle","Lantern","Prayer Wheel","Nunchaku"],"potions_floor_usage":[5,13,16,21,21,24,33,33,40,48,55,56],"damage_taken":[{"damage":0,"enemies":"2 Louse","floor":1,"turns":3},{"damage":1,"enemies":"Cultist","floor":3,"turns":3},{"damage":7,"enemies":"Small Slimes","floor":4,"turns":4},{"damage":0,"enemies":"Blue Slaver","floor":5,"turns":5},{"damage":4,"enemies":"Exordium Wildlife","floor":7,"turns":7},{"damage":22,"enemies":"3 Sentries","floor":11,"turns":8},{"damage":1,"enemies":"Red Slaver","floor":12,"turns":4},{"damage":8,"enemies":"Gremlin Nob","floor":13,"turns":3},{"damage":0,"enemies":"Large Slime","floor":14,"turns":5},{"damage":2,"enemies":"Hexaghost","floor":16,"turns":7},{"damage":12,"enemies":"3 Byrds","floor":18,"turns":3},{"damage":2,"enemies":"2 Thieves","floor":20,"turns":4},{"damage":7,"enemies":"Colosseum Slavers","floor":21,"turns":4},{"damage":0,"enemies":"Colosseum Nobs","floor":21,"turns":4},{"damage":10,"enemies":"Snecko","floor":22,"turns":4},{"damage":2,"enemies":"Gremlin Leader","floor":24,"turns":5},{"damage":9,"enemies":"Cultist and Chosen","floor":25,"turns":7},{"damage":1,"enemies":"3 Cultists","floor":27,"turns":4},{"damage":18,"enemies":"Snake Plant","floor":28,"turns":3},{"damage":1,"enemies":"Centurion and Healer","floor":31,"turns":5},{"damage":13,"enemies":"Automaton","floor":33,"turns":11},{"damage":0,"enemies":"Orb Walker","floor":35,"turns":4},{"damage":13,"enemies":"3 Darklings","floor":37,"turns":4},{"damage":24,"enemies":"Reptomancer","floor":40,"turns":6},{"damage":1,"enemies":"Writhing Mass","floor":42,"turns":5},{"damage":0,"enemies":"Sphere and 2 Shapes","floor":47,"turns":6},{"damage":0,"enemies":"Maw","floor":48,"turns":6},{"damage":1,"enemies":"Time Eater","floor":50,"turns":13},{"damage":55,"enemies":"Awakened One","floor":51,"turns":22},{"damage":63,"enemies":"Shield and Spear","floor":55,"turns":6},{"damage":5,"enemies":"The Heart","floor":56,"turns":2}],"seed_played":"-795742564291092633","potions_obtained":[{"floor":3,"key":"SteroidPotion"},{"floor":5,"key":"Fruit Juice"},{"floor":12,"key":"Dexterity Potion"},{"floor":16,"key":"Weak Potion"},{"floor":20,"key":"Explosive Potion"},{"floor":21,"key":"Strength Potion"},{"floor":22,"key":"SpeedPotion"},{"floor":35,"key":"SpeedPotion"},{"floor":37,"key":"AttackPotion"},{"floor":40,"key":"Energy Potion"},{"floor":48,"key":"Poison Potion"}],"is_trial":false,"path_per_floor":["M","?","M","M","M","R","M","R","T","R","E","M","E","M","R","B",null,"M","?","M","?","M","R","E","M","T","M","M","?","$","M","R","B",null,"M","?","M","$","?","E","$","M","T","?","?","?","M","M","R","B","B",null,"R","$","E","B"],"character_chosen":"THE_SILENT","items_purchased":["Ancient Potion","Thread and Needle","Lantern","Footwork","Malaise"],"campfire_rested":2,"item_purchase_floors":[30,30,30,38,54],"current_hp_per_floor":[59,59,58,51,56,56,52,52,52,52,30,29,21,21,21,19,58,46,46,44,37,27,48,46,37,37,36,18,18,18,17,38,25,60,60,60,47,47,61,37,37,36,36,36,36,81,81,81,81,80,25,67,67,67,4,0],"gold":124,"neow_bonus":"RANDOM_COMMON_RELIC","is_prod":false,"is_daily":false,"chose_seed":false,"campfire_upgraded":5,"win_rate":0,"timestamp":1551327954,"path_taken":["M","?","M","M","M","R","?","R","T","R","E","M","E","M","R","BOSS","M","?","?","?","M","R","E","M","T","M","M","?","?","?","R","BOSS","M","?","?","$","?","E","$","M","T","?","?","?","?","M","R","BOSS","BOSS","R","$","E","BOSS"],"build_version":"2019-01-23","purchased_purges":2,"victory":false,"max_hp_per_floor":[66,66,66,66,71,71,71,71,71,71,71,71,71,71,71,71,71,71,71,71,71,71,71,71,71,71,71,71,71,71,71,71,71,71,71,71,71,71,71,71,71,71,71,71,71,81,81,81,81,81,81,81,81,81,81,81],"card_choices":[{"not_picked":["Flying Knee","Masterful Stab"],"picked":"Leg Sweep","floor":1},{"not_picked":["Prepared","Outmaneuver"],"picked":"Slice","floor":3},{"not_picked":["Setup","Slice","Bane"],"picked":"SKIP","floor":4},{"not_picked":["Poisoned Stab","Acrobatics"],"picked":"Deadly Poison","floor":5},{"not_picked":["Finisher","Deflect"],"picked":"Flying Knee","floor":7},{"not_picked":["Underhanded Strike","Finisher"],"picked":"PiercingWail","floor":11},{"not_picked":["Phantasmal Killer","Acrobatics"],"picked":"Deadly Poison","floor":12},{"not_picked":["Terror","Acrobatics"],"picked":"Dash","floor":13},{"not_picked":["Outmaneuver","Flechettes"],"picked":"Caltrops","floor":14},{"not_picked":["Unload","Burst"],"picked":"After Image","floor":16},{"not_picked":["Poisoned Stab","Bane"],"picked":"Dagger Spray","floor":18},{"not_picked":["Slice","Distraction"],"picked":"Deflect","floor":20},{"not_picked":["Bane","Outmaneuver"],"picked":"Backstab","floor":21},{"not_picked":["Caltrops","Masterful Stab+1","Quick Slash+1"],"picked":"SKIP","floor":22},{"not_picked":["Masterful Stab+1","Quick Slash+1"],"picked":"Caltrops","floor":22},{"not_picked":["Quick Slash+1","Caltrops"],"picked":"Leg Sweep","floor":24},{"not_picked":["Dagger Throw+1","Bane+1"],"picked":"Corpse Explosion","floor":25},{"not_picked":["Outmaneuver","Heel Hook+1","Endless Agony+1"],"picked":"Dagger Throw+1","floor":27},{"not_picked":["Acrobatics","Prepared","Terror"],"picked":"Dodge and Roll+1","floor":28},{"not_picked":["Acrobatics","Blade Dance","Flechettes+1"],"picked":"Catalyst+1","floor":31},{"not_picked":["Phantasmal Killer","Glass Knife+1","Storm of Steel"],"picked":"Tools of the Trade","floor":33},{"not_picked":["Backflip+1","Sucker Punch+1","Quick Slash+1"],"picked":"Blur","floor":35},{"not_picked":["Outmaneuver","Dagger Spray+1","Distraction"],"picked":"Backstab+1","floor":37},{"not_picked":["Dagger Throw+1","Poisoned Stab+1","Backstab+1"],"picked":"Crippling Poison","floor":40},{"not_picked":["Finisher+1","Bane+1","Dagger Throw+1"],"picked":"Well Laid Plans","floor":42},{"not_picked":["A Thousand Cuts","Reflex","Heel Hook+1"],"picked":"Backflip","floor":42},{"not_picked":["Bouncing Flask","Underhanded Strike+1","Deflect"],"picked":"Tactician","floor":47},{"not_picked":["Dodge and Roll","Cloak And Dagger","Dash+1"],"picked":"PiercingWail","floor":47},{"not_picked":["Dodge and Roll","Cloak And Dagger","Deflect"],"picked":"Poisoned Stab+1","floor":48},{"not_picked":["Terror","All Out Attack+1","Backstab+1","Deflect"],"picked":"SKIP","floor":48},{"not_picked":["Burst","Deadly Poison+1","Sucker Punch+1"],"picked":"Blur+1","floor":55}],"player_experience":478826,"relics_obtained":[{"floor":9,"key":"Unceasing Top"},{"floor":11,"key":"Pocketwatch"},{"floor":13,"key":"Tingsha"},{"floor":21,"key":"Shovel"},{"floor":21,"key":"Molten Egg 2"},{"floor":24,"key":"PreservedInsect"},{"floor":26,"key":"Question Card"},{"floor":40,"key":"Prayer Wheel"},{"floor":55,"key":"Nunchaku"}],"event_choices":[{"damage_healed":0,"gold_gain":0,"player_choice":"Rummage","damage_taken":0,"relics_obtained":["WarpedTongs"],"max_hp_gain":0,"max_hp_loss":0,"event_name":"Accursed Blacksmith","floor":2,"gold_loss":0,"cards_obtained":["Pain"]},{"cards_removed":["Strike_G"],"damage_healed":0,"gold_gain":0,"player_choice":"Card Removal","damage_taken":0,"max_hp_gain":0,"max_hp_loss":0,"event_name":"Wheel of Change","floor":19,"gold_loss":0},{"damage_healed":0,"gold_gain":0,"player_choice":"Fight","damage_taken":0,"max_hp_gain":0,"max_hp_loss":0,"event_name":"Colosseum","floor":21,"gold_loss":0},{"damage_healed":0,"gold_gain":0,"player_choice":"Fought Nobs","damage_taken":0,"max_hp_gain":0,"max_hp_loss":0,"event_name":"Colosseum","floor":21,"gold_loss":0},{"damage_healed":0,"gold_gain":0,"player_choice":"Smashed Altar","damage_taken":0,"max_hp_gain":0,"max_hp_loss":0,"event_name":"Forgotten Altar","floor":29,"gold_loss":0,"cards_obtained":["Decay"]},{"damage_healed":0,"gold_gain":275,"player_choice":"Desecrate","damage_taken":0,"max_hp_gain":0,"max_hp_loss":0,"event_name":"Golden Shrine","floor":36,"gold_loss":0,"cards_obtained":["Regret"]},{"damage_healed":14,"gold_gain":0,"player_choice":"Writhe","damage_taken":0,"max_hp_gain":0,"max_hp_loss":0,"event_name":"Winding Halls","floor":39,"gold_loss":0,"cards_obtained":["Writhe"]},{"damage_healed":0,"gold_gain":0,"player_choice":"Memory 1","damage_taken":0,"max_hp_gain":0,"max_hp_loss":0,"event_name":"SensoryStone","floor":44,"gold_loss":0},{"damage_healed":0,"gold_gain":0,"player_choice":"Ignored","damage_taken":0,"max_hp_gain":0,"max_hp_loss":0,"event_name":"Tomb of Lord Red Mask","floor":45,"gold_loss":0},{"cards_removed":["Tools of the Trade"],"damage_healed":35,"gold_gain":0,"player_choice":"Offered Rare","damage_taken":0,"max_hp_gain":10,"max_hp_loss":0,"event_name":"Bonfire Elementals","floor":46,"gold_loss":0}],"is_beta":false,"boss_relics":[{"not_picked":["WristBlade","Astrolabe"],"picked":"HoveringKite"},{"not_picked":["Orrery","Pandora\u0027s Box"],"picked":"Ring of the Serpent"}],"items_purged_floors":[38,41],"is_endless":false,"potions_floor_spawned":[3,5,12,16,20,21,22,31,35,37,40,48],"killed_by":"The Heart","ascension_level":20}