{"gold_per_floor":[115,115,134,284,284,284,49,80,80,103,52,90,120,157,169,270,282,307,334,346,371,383,395,431,443,481,524,552,589,617,667,679,784,796,826,863,875,887,328,328,359,359,384,309,345,345,325,368,368,368,368,368,368,76,111,111],"floor_reached":57,"playtime":5404,"items_purged":["Doubt","Strike_R","Strike_R"],"score":2751,"play_id":"a4823285-dfa7-4bfb-bbd0-1f3e522f62a3","local_time":"20190217215616","is_ascension_mode":true,"campfire_choices":[{"data":"Clothesline","floor":6,"key":"SMITH"},{"data":"Armaments","floor":15,"key":"SMITH"},{"data":"True Grit","floor":23,"key":"SMITH"},{"data":"Disarm","floor":25,"key":"SMITH"},{"data":"Uppercut","floor":32,"key":"SMITH"},{"data":"Demon Form","floor":40,"key":"SMITH"},{"data":"Disarm","floor":42,"key":"SMITH"},{"data":"True Grit","floor":46,"key":"SMITH"},{"floor":49,"key":"RECALL"},{"data":"Disarm","floor":53,"key":"SMITH"}],"neow_cost":"NONE","seed_source_timestamp":35062721727632,"circlet_count":0,"master_deck":["AscendersBane","Strike_R","Strike_R","Strike_R","Defend_R","Defend_R","Defend_R","Defend_R","Bash+1","Madness","Clothesline+1","Pommel Strike","Battle Trance","Armaments+1","Reaper","Spot Weakness","Fiend Fire","True Grit+1","Disarm+1","Corruption","Reaper","RitualDagger","True Grit+1","Flame Barrier+1","Disarm+1","Disarm+1","Uppercut+1","Exhume","Demon Form+1","Shrug It Off","Sword Boomerang+1","Disarm+1","Evolve","Flame Barrier","Reaper","Shockwave","Pommel Strike+1","Headbutt+1","Burning Pact+1"],"relics":["Burning Blood","Golden Idol","Bronze Scales","PreservedInsect","Question Card","MawBank","Snecko Eye","Omamori","Potion Belt","Bottled Flame","Velvet Choker","Self Forming Clay","War Paint","Du-Vu Doll","Molten Egg 2","Pear"],"potions_floor_usage":[14,16,19,27,33,48,48,56,56,56,56],"damage_taken":[{"damage":7,"enemies":"2 Louse","floor":1,"turns":4},{"damage":15,"enemies":"Small Slimes","floor":3,"turns":4},{"damage":37,"enemies":"3 Sentries","floor":8,"turns":8},{"damage":4,"enemies":"Jaw Worm","floor":10,"turns":3},{"damage":6,"enemies":"Gremlin Nob","floor":12,"turns":3},{"damage":2,"enemies":"Red Slaver","floor":13,"turns":4},{"damage":7,"enemies":"2 Fungi Beasts","floor":14,"turns":3},{"damage":63,"enemies":"The Guardian","floor":16,"turns":13},{"damage":0,"enemies":"Chosen","floor":18,"turns":3},{"damage":16,"enemies":"Shell Parasite","floor":19,"turns":2},{"damage":0,"enemies":"Snecko","floor":21,"turns":2},{"damage":12,"enemies":"Cultist and Chosen","floor":24,"turns":5},{"damage":10,"enemies":"Book of Stabbing","floor":27,"turns":3},{"damage":14,"enemies":"Snake Plant","floor":28,"turns":5},{"damage":28,"enemies":"Shelled Parasite and Fungi","floor":29,"turns":9},{"damage":7,"enemies":"Snecko","floor":30,"turns":7},{"damage":2,"enemies":"Gremlin Leader","floor":31,"turns":6},{"damage":83,"enemies":"Champ","floor":33,"turns":27},{"damage":29,"enemies":"3 Shapes","floor":35,"turns":7},{"damage":17,"enemies":"3 Darklings","floor":36,"turns":5},{"damage":9,"enemies":"Nemesis","floor":41,"turns":3},{"damage":4,"enemies":"Giant Head","floor":45,"turns":5},{"damage":71,"enemies":"Reptomancer","floor":48,"turns":5},{"damage":49,"enemies":"Time Eater","floor":50,"turns":17},{"damage":54,"enemies":"Awakened One","floor":51,"turns":11},{"damage":15,"enemies":"Shield and Spear","floor":55,"turns":7},{"damage":65,"enemies":"The Heart","floor":56,"turns":10}],"seed_played":"2308195579468533372","potions_obtained":[{"floor":8,"key":"BloodPotion"},{"floor":14,"key":"Fruit Juice"},{"floor":16,"key":"Regen Potion"},{"floor":19,"key":"SpeedPotion"},{"floor":21,"key":"Dexterity Potion"},{"floor":28,"key":"Ancient Potion"},{"floor":33,"key":"Poison Potion"},{"floor":36,"key":"Energy Potion"},{"floor":38,"key":"PowerPotion"},{"floor":38,"key":"GamblersBrew"},{"floor":48,"key":"Energy Potion"},{"floor":55,"key":"SpeedPotion"}],"is_trial":false,"path_per_floor":["M","?","M","?","?","R","$","E","T","M","$","E","M","M","R","B",null,"M","M","?","M","?","R","M","R","T","E","M","M","M","E","R","B",null,"M","M","$","?","$","R","E","R","T","$","E","R","?","E","R","B","B",null,"R","$","E","B",null],"character_chosen":"IRONCLAD","items_purchased":["Bronze Scales","Armaments","SpeedPotion","Self Forming Clay","Disarm","Evolve","Flame Barrier","Pommel Strike+1","Poison Potion","Headbutt+1"],"campfire_rested":0,"item_purchase_floors":[7,11,39,39,39,39,44,54,54,54],"current_hp_per_floor":[67,67,58,58,58,58,58,27,27,29,29,29,33,44,44,7,57,67,73,73,73,67,67,73,73,73,73,73,66,73,73,73,36,64,68,73,73,73,73,73,70,70,70,70,73,73,73,30,30,73,73,73,73,73,83,60],"gold":111,"neow_bonus":"RANDOM_COLORLESS","is_prod":false,"is_daily":false,"chose_seed":false,"campfire_upgraded":9,"win_rate":0,"timestamp":1550393776,"path_taken":["M","?","M","?","?","R","$","E","T","M","?","E","?","M","R","BOSS","M","M","?","M","?","R","M","R","T","E","M","M","M","E","R","BOSS","M","M","$","?","$","R","E","R","T","?","E","R","?","E","R","BOSS","BOSS","R","$","E","BOSS"],"build_version":"2019-01-23","purchased_purges":3,"victory":true,"max_hp_per_floor":[75,75,75,75,68,68,68,68,68,68,68,68,68,73,73,73,73,73,73,73,73,73,73,73,73,73,73,73,73,73,73,73,73,73,73,73,73,73,73,73,73,73,73,73,73,73,73,73,73,73,73,73,73,73,83,83],"card_choices":[{"not_picked":["Clash","Heavy Blade","Corruption"],"picked":"SKIP","floor":1},{"not_picked":["Headbutt","Twin Strike"],"picked":"Clothesline","floor":3},{"not_picked":["Clash","Clothesline"],"picked":"Pommel Strike","floor":8},{"not_picked":["Sword Boomerang","Perfected Strike","Clash"],"picked":"Battle Trance","floor":10},{"not_picked":["Pommel Strike","Feel No Pain","Corruption"],"picked":"Reaper","floor":12},{"not_picked":["Armaments","Anger","Flex"],"picked":"Spot Weakness","floor":13},{"not_picked":["Cleave","Rampage","Pummel","Entrench"],"picked":"SKIP","floor":14},{"not_picked":["Dark Embrace","Brutality","Juggernaut"],"picked":"Fiend Fire","floor":16},{"not_picked":["Reckless Charge","Pommel Strike","Clash"],"picked":"True Grit","floor":18},{"not_picked":["Havoc","Perfected Strike","Shrug It Off"],"picked":"Disarm","floor":19},{"not_picked":["Cleave","Headbutt","Clash"],"picked":"Reaper","floor":21},{"not_picked":["Clothesline","Twin Strike","Sword Boomerang"],"picked":"True Grit","floor":24},{"not_picked":["Clash","Wild Strike","Pommel Strike"],"picked":"Flame Barrier","floor":27},{"not_picked":["Infernal Blade","Clash","Searing Blow"],"picked":"Disarm","floor":28},{"not_picked":["Wild Strike","Combust","Twin Strike"],"picked":"Disarm","floor":29},{"not_picked":["Fire Breathing+1","Rupture","True Grit"],"picked":"Uppercut","floor":30},{"not_picked":["Carnage","Infernal Blade","Fire Breathing"],"picked":"Exhume","floor":31},{"not_picked":["Immolate","Double Tap","Dark Embrace"],"picked":"Demon Form","floor":33},{"not_picked":["Wild Strike","True Grit","Blood for Blood"],"picked":"Shrug It Off","floor":35},{"not_picked":["Ghostly Armor+1","Cleave","Heavy Blade"],"picked":"Sword Boomerang+1","floor":36},{"not_picked":["Cleave+1","Iron Wave","Sentinel","Ghostly Armor"],"picked":"SKIP","floor":41},{"not_picked":["Warcry","Wild Strike+1","Twin Strike"],"picked":"Reaper","floor":45},{"not_picked":["Pommel Strike","Sword Boomerang","Evolve"],"picked":"Shockwave","floor":48},{"not_picked":["Anger+1","Sword Boomerang+1","Second Wind"],"picked":"Burning Pact+1","floor":55}],"player_experience":306355,"relics_obtained":[{"floor":8,"key":"PreservedInsect"},{"floor":9,"key":"Question Card"},{"floor":12,"key":"MawBank"},{"floor":26,"key":"Omamori"},{"floor":27,"key":"Potion Belt"},{"floor":31,"key":"Bottled Flame"},{"floor":41,"key":"War Paint"},{"floor":45,"key":"Du-Vu Doll"},{"floor":48,"key":"Molten Egg 2"},{"floor":55,"key":"Pear"}],"event_choices":[{"damage_healed":0,"gold_gain":0,"player_choice":"Grow","damage_taken":0,"max_hp_gain":0,"max_hp_loss":0,"event_name":"Living Wall","floor":2,"gold_loss":0,"cards_upgraded":["Bash"]},{"damage_healed":0,"gold_gain":150,"player_choice":"AGREE","damage_taken":0,"max_hp_gain":0,"max_hp_loss":0,"event_name":"Liars Game","floor":4,"gold_loss":0,"cards_obtained":["Doubt"]},{"damage_healed":0,"gold_gain":0,"player_choice":"Lose Max HP","damage_taken":0,"relics_obtained":["Golden Idol"],"max_hp_gain":0,"max_hp_loss":7,"event_name":"Golden Idol","floor":5,"gold_loss":0},{"damage_healed":0,"gold_gain":0,"player_choice":"Read","damage_taken":0,"max_hp_gain":0,"max_hp_loss":0,"event_name":"The Library","floor":20,"gold_loss":0,"cards_obtained":["Corruption"]},{"damage_healed":0,"gold_gain":0,"player_choice":"Joined the Cult","damage_taken":6,"max_hp_gain":0,"max_hp_loss":0,"event_name":"Nest","floor":22,"gold_loss":0,"cards_obtained":["RitualDagger"]},{"damage_healed":0,"gold_gain":0,"player_choice":"Got Potions","damage_taken":0,"max_hp_gain":0,"max_hp_loss":0,"event_name":"Lab","floor":38,"gold_loss":0},{"damage_healed":0,"gold_gain":0,"player_choice":"Bought 1 Potion","damage_taken":0,"max_hp_gain":0,"max_hp_loss":0,"event_name":"The Woman in Blue","floor":47,"gold_loss":0}],"is_beta":false,"boss_relics":[{"not_picked":["Fusion Hammer","Orrery"],"picked":"Snecko Eye"},{"not_picked":["Runic Pyramid","Black Star"],"picked":"Velvet Choker"}],"items_purged_floors":[7,39,54],"is_endless":false,"potions_floor_spawned":[8,14,16,19,21,28,33,36,48,55],"ascension_level":20}