{"gold_per_floor":[160,180,180,196,211,211,249,249,272,312,312,312,355,375,375,505,505,530,554,231,156,156,156,200,200,281,70,70,95,118,159,159,282,282,303,303,322,64,84,117,117,117,168,43,68,68],"floor_reached":46,"playtime":2345,"items_purged":["Injury","Decay","Strike_G"],"score":607,"play_id":"7c661b47-85d6-45bb-b924-02f8ce5adc45","local_time":"20190224011719","is_ascension_mode":true,"campfire_choices":[{"data":"Neutralize","floor":6,"key":"SMITH"},{"floor":8,"key":"REST"},{"data":"Dagger Spray","floor":12,"key":"SMITH"},{"floor":15,"key":"RECALL"},{"data":"RitualDagger","floor":23,"key":"SMITH"},{"data":"Glass Knife","floor":25,"key":"SMITH"},{"data":"Malaise","floor":32,"key":"SMITH"},{"data":"Cloak And Dagger","floor":41,"key":"SMITH"}],"neow_cost":"NONE","seed_source_timestamp":1389471433739,"circlet_count":0,"master_deck":["Defend_G+1","Defend_G","Defend_G","Defend_G","Defend_G","Strike_G","Strike_G","Strike_G","Survivor","Neutralize+1","Dagger Spray+1","Poisoned Stab","Burst","Predator","Endless Agony","Noxious Fumes","Dash","Footwork","Glass Knife+1","Sucker Punch+1","Noxious Fumes+1","RitualDagger+1","Malaise+1","Acrobatics","Predator+1","Backflip+1","Envenom+1","Acrobatics+1","Die Die Die+1","Footwork+1","Cloak And Dagger+1","Cloak And Dagger+1"],"relics":["Tiny House","Golden Idol","PreservedInsect","Centennial Puzzle","Boot","Pen Nib","Coffee Dripper","Frozen Egg 2","Omamori","Orichalcum","Calling Bell","Strawberry","Molten Egg 2","FossilizedHelix","Lantern","Oddly Smooth Stone"],"potions_floor_usage":[7,7,13,24,33,33,33,39,40],"damage_taken":[{"damage":0,"enemies":"Jaw Worm","floor":1,"turns":5},{"damage":10,"enemies":"2 Louse","floor":2,"turns":2},{"damage":10,"enemies":"Small Slimes","floor":4,"turns":5},{"damage":3,"enemies":"Looter","floor":5,"turns":3},{"damage":16,"enemies":"Gremlin Nob","floor":7,"turns":3},{"damage":10,"enemies":"Lagavulin","floor":10,"turns":7},{"damage":16,"enemies":"Gremlin Nob","floor":13,"turns":3},{"damage":5,"enemies":"Gremlin Gang","floor":14,"turns":3},{"damage":18,"enemies":"The Guardian","floor":16,"turns":12},{"damage":3,"enemies":"2 Thieves","floor":18,"turns":4},{"damage":0,"enemies":"Chosen","floor":19,"turns":4},{"damage":25,"enemies":"Book of Stabbing","floor":24,"turns":5},{"damage":13,"enemies":"3 Cultists","floor":29,"turns":7},{"damage":6,"enemies":"Shelled Parasite and Fungi","floor":30,"turns":4},{"damage":4,"enemies":"Gremlin Leader","floor":31,"turns":4},{"damage":33,"enemies":"Collector","floor":33,"turns":11},{"damage":12,"enemies":"3 Shapes","floor":35,"turns":6},{"damage":5,"enemies":"Orb Walker","floor":37,"turns":5},{"damage":17,"enemies":"Spire Growth","floor":39,"turns":4},{"damage":10,"enemies":"Giant Head","floor":40,"turns":8},{"damage":24,"enemies":"Jaw Worm Horde","floor":45,"turns":5},{"damage":16,"enemies":"3 Darklings","floor":46,"turns":4}],"seed_played":"3761174703084272627","potions_obtained":[{"floor":0,"key":"Strength Potion"},{"floor":1,"key":"Strength Potion"},{"floor":4,"key":"Explosive Potion"},{"floor":16,"key":"Weak Potion"},{"floor":18,"key":"GamblersBrew"},{"floor":24,"key":"Strength Potion"},{"floor":31,"key":"Energy Potion"},{"floor":35,"key":"Energy Potion"},{"floor":37,"key":"Poison Potion"}],"is_trial":false,"path_per_floor":["M","M","?","M","M","R","E","R","T","E","?","R","E","M","R","B",null,"M","M","$","?","?","R","E","R","T","$","?","M","M","E","R","B",null,"M","?","M","$","M","E","R","?","T","$","M","M"],"character_chosen":"THE_SILENT","items_purchased":["Frozen Egg 2","Noxious Fumes+1","Malaise","Backstab+1","Footwork+1","Cloak And Dagger"],"campfire_rested":1,"item_purchase_floors":[20,20,27,38,38,38],"current_hp_per_floor":[75,65,65,55,52,52,36,58,58,48,48,48,32,27,27,9,75,72,72,72,72,66,66,41,41,41,41,66,53,47,43,43,10,82,70,70,65,65,48,38,38,38,38,38,14,0],"gold":68,"neow_bonus":"BOSS_RELIC","is_prod":false,"is_daily":false,"chose_seed":false,"campfire_upgraded":6,"win_rate":0,"timestamp":1550967439,"path_taken":["M","M","?","M","M","R","E","R","T","E","?","R","E","?","R","BOSS","M","M","$","?","?","R","E","R","T","$","?","M","M","E","R","BOSS","M","?","M","$","?","E","R","?","T","$","M","M"],"build_version":"2019-01-23","purchased_purges":3,"victory":false,"max_hp_per_floor":[75,75,75,75,75,75,75,75,75,75,75,75,75,75,75,75,75,75,75,75,75,75,75,75,75,75,75,75,75,75,75,75,75,82,82,82,82,82,82,82,82,82,82,82,82,82],"card_choices":[{"not_picked":["Riddle With Holes","Catalyst"],"picked":"Dagger Spray","floor":0},{"not_picked":["Heel Hook","Slice"],"picked":"Poisoned Stab","floor":1},{"not_picked":["Choke","Flying Knee"],"picked":"Burst","floor":2},{"not_picked":["Tactician","Accuracy"],"picked":"Predator","floor":4},{"not_picked":["Flechettes","Crippling Poison","Deflect"],"picked":"SKIP","floor":5},{"not_picked":["Cloak And Dagger","Calculated Gamble"],"picked":"Endless Agony","floor":7},{"not_picked":["Dagger Spray","Distraction"],"picked":"Noxious Fumes","floor":10},{"not_picked":["Bullet Time","PiercingWail"],"picked":"Dash","floor":13},{"not_picked":["Deflect","Distraction"],"picked":"Footwork","floor":14},{"not_picked":["Die Die Die","Phantasmal Killer"],"picked":"Glass Knife","floor":16},{"not_picked":["Dagger Spray","Prepared","Calculated Gamble+1"],"picked":"SKIP","floor":18},{"not_picked":["Slice","Acrobatics+1"],"picked":"Sucker Punch+1","floor":19},{"not_picked":["Calculated Gamble","Sucker Punch","Flying Knee+1"],"picked":"SKIP","floor":24},{"not_picked":["Quick Slash+1","Setup+1"],"picked":"Acrobatics","floor":29},{"not_picked":["Prepared","Die Die Die"],"picked":"Predator+1","floor":30},{"not_picked":["Caltrops+1","Dash+1"],"picked":"Backflip+1","floor":31},{"not_picked":["Tools of the Trade+1","Die Die Die"],"picked":"Envenom+1","floor":33},{"not_picked":["Underhanded Strike+1","Flying Knee+1"],"picked":"Acrobatics+1","floor":35},{"not_picked":["Sucker Punch+1","Slice+1","Caltrops+1"],"picked":"SKIP","floor":37},{"not_picked":["Die Die Die+1","Dagger Spray+1","Bane+1"],"picked":"SKIP","floor":39},{"not_picked":["Deadly Poison+1","Prepared+1"],"picked":"Cloak And Dagger+1","floor":40},{"not_picked":["Caltrops+1","PiercingWail+1","Escape Plan"],"picked":"SKIP","floor":45}],"player_experience":995869,"relics_obtained":[{"floor":7,"key":"PreservedInsect"},{"floor":9,"key":"Centennial Puzzle"},{"floor":10,"key":"Boot"},{"floor":13,"key":"Pen Nib"},{"floor":24,"key":"Omamori"},{"floor":31,"key":"Orichalcum"},{"floor":34,"key":"Strawberry"},{"floor":34,"key":"Molten Egg 2"},{"floor":34,"key":"FossilizedHelix"},{"floor":40,"key":"Lantern"},{"floor":43,"key":"Oddly Smooth Stone"}],"event_choices":[{"damage_healed":0,"gold_gain":0,"player_choice":"Take Wound","damage_taken":0,"relics_obtained":["Golden Idol"],"max_hp_gain":0,"max_hp_loss":0,"event_name":"Golden Idol","floor":3,"gold_loss":0,"cards_obtained":["Injury"]},{"damage_healed":0,"gold_gain":0,"player_choice":"Fled","damage_taken":0,"max_hp_gain":0,"max_hp_loss":0,"event_name":"Scrap Ooze","floor":11,"gold_loss":0},{"cards_removed":["Strike_G"],"damage_healed":0,"gold_gain":0,"player_choice":"Gave Gold","damage_taken":0,"max_hp_gain":0,"max_hp_loss":0,"event_name":"Beggar","floor":21,"gold_loss":75},{"damage_healed":0,"gold_gain":0,"player_choice":"Joined the Cult","damage_taken":6,"max_hp_gain":0,"max_hp_loss":0,"event_name":"Nest","floor":22,"gold_loss":0,"cards_obtained":["RitualDagger"]},{"damage_healed":25,"gold_gain":0,"player_choice":"Heal","damage_taken":0,"max_hp_gain":0,"max_hp_loss":0,"event_name":"The Library","floor":28,"gold_loss":0},{"damage_healed":0,"gold_gain":0,"player_choice":"1 cards matched","damage_taken":0,"max_hp_gain":0,"max_hp_loss":0,"event_name":"Match and Keep!","floor":36,"gold_loss":0,"cards_obtained":["Die Die Die"]},{"cards_removed":["Backstab"],"damage_healed":0,"gold_gain":0,"player_choice":"Removed Attack","damage_taken":0,"max_hp_gain":0,"max_hp_loss":0,"event_name":"Falling","floor":42,"gold_loss":0}],"is_beta":false,"boss_relics":[{"not_picked":["WristBlade","Snecko Eye"],"picked":"Coffee Dripper"},{"not_picked":["Astrolabe","Lizard Tail"],"picked":"Calling Bell"}],"items_purged_floors":[27,38,44],"is_endless":false,"potions_floor_spawned":[1,4,5,16,18,24,31,35,37],"killed_by":"3 Darklings","ascension_level":3}