{"gold_per_floor":[114,114,129,144,144,144,72,72,147,147,177,192,207,222,222,322,322,337,352,16,31,31,61,61,76,76,76,76,76,91,106,106,206,206,221,271,271,271,286,316,316,15,40,40,55,70,85,100,100,100],"floor_reached":51,"playtime":1972,"items_purged":[],"score":1401,"play_id":"b213713c-db42-4aaa-a5d0-f28e2f5c214f","local_time":"20180629171403","daily_mods":["Insanity","Uncertain Future","Hoarder"],"is_ascension_mode":false,"campfire_choices":[{"data":"Uppercut","floor":8,"key":"SMITH"},{"data":"Immolate","floor":10,"key":"SMITH"},{"data":"Uppercut","floor":15,"key":"SMITH"},{"data":"Barricade","floor":24,"key":"SMITH"},{"data":"Entrench","floor":27,"key":"SMITH"},{"data":"Metallicize","floor":32,"key":"SMITH"},{"data":"Offering","floor":41,"key":"SMITH"},{"data":"Demon Form","floor":44,"key":"SMITH"},{"data":"Double Tap","floor":49,"key":"SMITH"}],"neow_cost":"","seed_source_timestamp":0,"circlet_count":0,"master_deck":["Barricade+1","Heavy Blade","Seeing Red","Sword Boomerang","Double Tap+1","Shrug It Off","Power Through","Rampage","Ghostly Armor","Demon Form+1","Headbutt","Uppercut","Sever Soul","Warcry","Metallicize+1","Demon Form","Reckless Charge","Warcry","Intimidate","Bludgeon","Immolate+1","Uppercut+1","Ghostly Armor","Rampage","Dual Wield","Inflame","Flex","Havoc","Uppercut+1","Havoc","Berserk","Bash","Shrug It Off","Thunderclap","Armaments","Rage","Havoc","Iron Wave","Shockwave","Entrench+1","Inflame","Rage","Barricade+1","Reaper","Rampage","Cleave","Defend_R","Perfected Strike","Uppercut+1","Warcry","Warcry","Warcry","Pommel Strike","Pommel Strike","Pommel Strike","Feel No Pain","Feel No Pain","Feel No Pain","Seeing Red","Seeing Red","Seeing Red","Uppercut","Uppercut","Uppercut","Inflame","Inflame","Inflame","Metallicize","Metallicize","Metallicize","Flame Barrier","Flame Barrier","Flame Barrier","Brutality","Brutality","Brutality","Pommel Strike+1","Pommel Strike+1","Pommel Strike+1","Flame Barrier+1","Flame Barrier+1","Flame Barrier+1","Rupture","Rupture","Rupture","Body Slam","Body Slam","Body Slam","Exhume","Exhume","Exhume","Regret","Regret","Regret","Ghostly","Ghostly","Ghostly","Ghostly","Ghostly","Ghostly","Ghostly","Ghostly","Ghostly","Ghostly","Ghostly","Ghostly","Ghostly","Ghostly","Ghostly","Ghostly Armor+1","Ghostly Armor+1","Ghostly Armor+1","Offering+1","Offering","Offering","Warcry+1","Warcry+1","Warcry+1","Heavy Blade","Heavy Blade","Heavy Blade","Offering","Offering","Offering","Twin Strike+1","Twin Strike+1","Twin Strike+1","Pommel Strike","Pommel Strike","Pommel Strike","Writhe","Writhe","Writhe","Heavy Blade+1","Heavy Blade+1","Heavy Blade+1","Whirlwind+1","Whirlwind+1","Whirlwind+1"],"special_seed":17711,"relics":["Burning Blood","Juzu Bracelet","Bottled Flame","Ice Cream","Cursed Key","Incense Burner","Dream Catcher","Peace Pipe","Singing Bowl","Sozu","Turnip","Oddly Smooth Stone","Paper Frog","Potion Belt"],"potions_floor_usage":[11,11,16,16,23,23,23,45,50],"damage_taken":[{"damage":0,"enemies":"Small Slimes","floor":1,"turns":1},{"damage":0,"enemies":"Jaw Worm","floor":3,"turns":2},{"damage":6,"enemies":"Cultist","floor":4,"turns":3},{"damage":0,"enemies":"Gremlin Nob","floor":11,"turns":3},{"damage":0,"enemies":"Gremlin Gang","floor":12,"turns":1},{"damage":9,"enemies":"Blue Slaver","floor":13,"turns":2},{"damage":0,"enemies":"Exordium Wildlife","floor":14,"turns":1},{"damage":0,"enemies":"Slime Boss","floor":16,"turns":7},{"damage":14,"enemies":"2 Thieves","floor":18,"turns":2},{"damage":10,"enemies":"Shell Parasite","floor":19,"turns":4},{"damage":4,"enemies":"Cultist and Chosen","floor":21,"turns":5},{"damage":18,"enemies":"Slavers","floor":23,"turns":3},{"damage":0,"enemies":"Snecko","floor":25,"turns":5},{"damage":0,"enemies":"Centurion and Healer","floor":30,"turns":5},{"damage":1,"enemies":"Sentry and Sphere","floor":31,"turns":4},{"damage":11,"enemies":"Automaton","floor":33,"turns":16},{"damage":18,"enemies":"3 Shapes","floor":35,"turns":4},{"damage":18,"floor":36,"turns":5},{"damage":6,"enemies":"3 Darklings","floor":39,"turns":11},{"damage":14,"enemies":"Nemesis","floor":40,"turns":9},{"damage":18,"enemies":"4 Shapes","floor":45,"turns":2},{"damage":10,"enemies":"Sphere and 2 Shapes","floor":46,"turns":4},{"damage":14,"enemies":"3 Darklings","floor":47,"turns":3},{"damage":3,"enemies":"4 Shapes","floor":48,"turns":3},{"damage":13,"enemies":"Donu and Deca","floor":50,"turns":9}],"seed_played":"6162315489128863662","potions_obtained":[{"floor":1,"key":"PowerPotion"},{"floor":5,"key":"Poison Potion"},{"floor":5,"key":"Weak Potion"},{"floor":11,"key":"PowerPotion"},{"floor":12,"key":"Regen Potion"},{"floor":14,"key":"Dexterity Potion"},{"floor":19,"key":"Block Potion"},{"floor":21,"key":"LiquidBronze"},{"floor":23,"key":"SteroidPotion"},{"floor":25,"key":"GamblersBrew"}],"is_trial":false,"path_per_floor":["M","?","M","M","?","T","$","R","T","R","E","M","M","M","R","B",null,"M","M","$","M","?","E","R","M","T","R","?","?","M","M","R","B",null,"M","?","?","?","M","E","R","$","T","R","M","M","M","M","R","B"],"character_chosen":"IRONCLAD","items_purchased":["Seeing Red","Incense Burner","Rupture","Paper Frog","Pommel Strike"],"campfire_rested":0,"item_purchase_floors":[7,20,20,42,42],"current_hp_per_floor":[80,64,70,70,70,70,70,70,70,70,76,80,77,80,80,80,80,72,68,68,70,55,43,43,49,49,49,42,42,42,44,44,39,44,32,29,29,29,29,22,22,22,22,22,28,34,28,31,31,24],"gold":100,"neow_bonus":"","is_prod":false,"is_daily":true,"chose_seed":false,"campfire_upgraded":9,"win_rate":0,"timestamp":1530249243,"path_taken":["M","?","M","M","?","?","$","R","T","R","E","M","M","M","R","BOSS","M","M","$","M","?","E","R","M","T","R","?","?","M","M","R","BOSS","M","?","?","?","M","E","R","$","T","R","M","M","M","M","R","BOSS"],"build_version":"2018-06-28","purchased_purges":0,"victory":true,"max_hp_per_floor":[80,80,80,80,80,80,80,80,80,80,80,80,80,80,80,80,80,80,80,80,80,85,85,85,85,85,85,42,42,42,44,44,44,44,44,44,44,44,44,44,44,44,44,44,44,46,48,48,48,48],"card_choices":[{"not_picked":["Ghostly Armor","Perfected Strike"],"picked":"Warcry","floor":1},{"not_picked":["Headbutt","Warcry"],"picked":"Pommel Strike","floor":3},{"not_picked":["Headbutt","Anger"],"picked":"Feel No Pain","floor":4},{"not_picked":["Pummel","Entrench"],"picked":"Uppercut","floor":11},{"not_picked":["Rampage","Flex"],"picked":"Inflame","floor":12},{"not_picked":["Sword Boomerang","Carnage"],"picked":"Metallicize","floor":13},{"not_picked":["Carnage","True Grit"],"picked":"Flame Barrier","floor":14},{"not_picked":["Feed","Bludgeon"],"picked":"Brutality","floor":16},{"not_picked":["Whirlwind","Warcry"],"picked":"Pommel Strike+1","floor":18},{"not_picked":["Clash","Iron Wave"],"picked":"Flame Barrier+1","floor":19},{"not_picked":["Heavy Blade","Wild Strike"],"picked":"Body Slam","floor":21},{"not_picked":["Headbutt","Blood for Blood"],"picked":"Exhume","floor":23},{"not_picked":["Evolve","Armaments","Clash"],"picked":"SKIP","floor":25},{"not_picked":["Anger+1","Iron Wave"],"picked":"Ghostly Armor+1","floor":30},{"not_picked":["Sword Boomerang+1","Armaments","Power Through"],"picked":"Singing Bowl","floor":31},{"not_picked":["Juggernaut","Limit Break"],"picked":"Offering","floor":33},{"not_picked":["Heavy Blade","Rage"],"picked":"Warcry+1","floor":35},{"not_picked":["Twin Strike","Cleave+1"],"picked":"Heavy Blade","floor":36},{"not_picked":["Body Slam+1","Rage+1"],"picked":"Offering","floor":39},{"not_picked":["Hemokinesis","Flex"],"picked":"Twin Strike+1","floor":40},{"not_picked":["Wild Strike","Warcry+1"],"picked":"Heavy Blade+1","floor":45},{"not_picked":["Sword Boomerang","Thunderclap+1","Cleave"],"picked":"Singing Bowl","floor":46},{"not_picked":["Sword Boomerang+1","Bloodletting","Anger"],"picked":"Singing Bowl","floor":47},{"not_picked":["Warcry","Heavy Blade+1"],"picked":"Whirlwind+1","floor":48}],"player_experience":265610,"relics_obtained":[{"floor":6,"key":"Juzu Bracelet"},{"floor":9,"key":"Bottled Flame"},{"floor":11,"key":"Ice Cream"},{"floor":23,"key":"Dream Catcher"},{"floor":26,"key":"Peace Pipe"},{"floor":36,"key":"Turnip"},{"floor":40,"key":"Oddly Smooth Stone"},{"floor":43,"key":"Potion Belt"}],"event_choices":[{"event_name":"Shining Light","player_choice":"Entered Light","floor":2,"damage_taken":0},{"event_name":"The Lab","player_choice":"Got Potions","floor":5,"damage_taken":0},{"event_name":"Forgotten Altar","player_choice":"Shed Blood","floor":22,"damage_taken":0},{"event_name":"Ghosts","player_choice":"Became a Ghost","floor":28,"damage_taken":0},{"event_name":"The Mausoleum","player_choice":"Yes","floor":29,"damage_taken":0},{"event_name":"Mysterious Sphere","player_choice":"Fight","floor":36,"damage_taken":0},{"event_name":"Falling","player_choice":"Removed Attack","floor":37,"damage_taken":0},{"event_name":"Tomb of Lord Red Mask","player_choice":"Ignored","floor":38,"damage_taken":0}],"boss_relics":[{"not_picked":["Runic Dome","Lizard Tail"],"picked":"Cursed Key"},{"not_picked":["Empty Cage","Orrery"],"picked":"Sozu"}],"items_purged_floors":[],"is_endless":false,"potions_floor_spawned":[1,11,12,14,19,21,23,25,35,39,45],"ascension_level":0}