{"gold_per_floor":[111,123,123,140,140,140,175,189,189,11,29,29,62,17,17,114,114,128,128,142,142,155,155,155,155],"floor_reached":25,"playtime":3024,"items_purged":[],"score":211,"play_id":"79e372b1-1760-4bf8-91b0-d6a2090aaf13","local_time":"20190222230407","is_ascension_mode":false,"campfire_choices":[{"data":"Bash","floor":6,"key":"SMITH"},{"floor":15,"key":"REST"},{"floor":24,"key":"REST"}],"neow_cost":"NONE","seed_source_timestamp":895682893685209,"circlet_count":0,"master_deck":["Strike_R","Strike_R","Strike_R","Defend_R","Defend_R","Defend_R","Defend_R","Bash+1","Thunderclap+1","Searing Blow+1","Dropkick","Sword Boomerang","Body Slam","Heavy Blade","Cleave","Corruption","Perfected Strike","Reaper","Pommel Strike+1","Fire Breathing","Infernal Blade","Heavy Blade+1","Sword Boomerang"],"relics":["Burning Blood","Potion Belt","Ancient Tea Set","Art of War","Boot","Ornamental Fan","Black Star","Enchiridion"],"potions_floor_usage":[16,16,22,25,25],"damage_taken":[{"damage":1,"enemies":"Cultist","floor":1,"turns":4},{"damage":10,"enemies":"Jaw Worm","floor":2,"turns":5},{"damage":2,"enemies":"Small Slimes","floor":4,"turns":5},{"damage":20,"enemies":"Gremlin Nob","floor":7,"turns":4},{"damage":11,"enemies":"3 Louse","floor":8,"turns":3},{"damage":7,"enemies":"Blue Slaver","floor":11,"turns":3},{"damage":21,"enemies":"3 Sentries","floor":13,"turns":5},{"damage":50,"enemies":"Hexaghost","floor":16,"turns":9},{"damage":44,"enemies":"Shell Parasite","floor":18,"turns":8},{"damage":1,"enemies":"Chosen","floor":20,"turns":4},{"damage":48,"enemies":"Centurion and Healer","floor":22,"turns":7},{"damage":46,"enemies":"Book of Stabbing","floor":25,"turns":4}],"seed_played":"-5690744063805298172","potions_obtained":[{"floor":2,"key":"Swift Potion"},{"floor":7,"key":"BloodPotion"},{"floor":11,"key":"FairyPotion"},{"floor":13,"key":"EssenceOfSteel"},{"floor":16,"key":"Swift Potion"},{"floor":18,"key":"Energy Potion"}],"is_trial":false,"path_per_floor":["?","M","?","$","M","?","?","?","?"],"character_chosen":"IRONCLAD","items_purchased":["Boot","Heavy Blade","Perfected Strike"],"campfire_rested":2,"item_purchase_floors":[10,10,14],"current_hp_per_floor":[80,76,76,80,80,80,66,61,61,61,60,60,45,45,69,33,80,42,42,47,47,17,1,25,0],"gold":155,"neow_bonus":"RANDOM_COMMON_RELIC","is_prod":false,"is_daily":false,"chose_seed":false,"campfire_upgraded":1,"win_rate":0.0,"timestamp":1550851447,"path_taken":["M","M","?","?","?","R","E","M","T","?","?","?","E","$","R","BOSS","M","?","M","?","M","?","R","E"],"build_version":"2019-01-23","purchased_purges":0,"victory":false,"max_hp_per_floor":[80,80,80,80,80,80,80,80,80,80,80,80,80,80,80,80,80,80,80,80,80,80,80,80,80],"card_choices":[{"not_picked":["Perfected Strike","Feel No Pain"],"picked":"Thunderclap","floor":1},{"not_picked":["Blood for Blood","Burning Pact"],"picked":"Searing Blow","floor":2},{"not_picked":["Heavy Blade","Anger"],"picked":"Dropkick","floor":4},{"not_picked":["Anger","Flex"],"picked":"Sword Boomerang","floor":7},{"not_picked":["Warcry","Carnage"],"picked":"Body Slam","floor":8},{"not_picked":["Reckless Charge","Entrench"],"picked":"Cleave","floor":11},{"not_picked":["Dropkick","Shrug It Off"],"picked":"Corruption","floor":13},{"not_picked":["Bludgeon","Limit Break"],"picked":"Reaper","floor":16},{"not_picked":["Second Wind","True Grit"],"picked":"Pommel Strike+1","floor":18},{"not_picked":["Battle Trance","Flex"],"picked":"Heavy Blade+1","floor":20},{"not_picked":["Clash","Twin Strike"],"picked":"Sword Boomerang","floor":22}],"player_experience":191281,"relics_obtained":[{"floor":7,"key":"Ancient Tea Set"},{"floor":9,"key":"Art of War"},{"floor":13,"key":"Ornamental Fan"},{"floor":23,"key":"Enchiridion"}],"event_choices":[{"damage_healed":0,"gold_gain":0,"player_choice":"Upgraded","damage_taken":0,"max_hp_gain":0,"max_hp_loss":0,"event_name":"Upgrade Shrine","floor":3,"gold_loss":0,"cards_upgraded":["Searing Blow"]},{"damage_healed":0,"gold_gain":0,"player_choice":"Leave","damage_taken":0,"max_hp_gain":0,"max_hp_loss":0,"event_name":"The Cleric","floor":5,"gold_loss":0},{"damage_healed":0,"gold_gain":0,"player_choice":"Grow","damage_taken":0,"max_hp_gain":0,"max_hp_loss":0,"event_name":"Living Wall","floor":12,"gold_loss":0,"cards_upgraded":["Thunderclap"]},{"damage_healed":0,"gold_gain":0,"cards_transformed":["Strike_R","Strike_R"],"player_choice":"Became Test Subject","damage_taken":0,"max_hp_gain":0,"max_hp_loss":0,"event_name":"Drug Dealer","floor":19,"gold_loss":0,"cards_obtained":["Fire Breathing","Infernal Blade"]},{"damage_healed":0,"gold_gain":0,"player_choice":"Ignored","damage_taken":0,"max_hp_gain":0,"max_hp_loss":0,"event_name":"Vampires","floor":21,"gold_loss":0},{"damage_healed":0,"gold_gain":0,"player_choice":"Obtained Book","damage_taken":16,"max_hp_gain":0,"max_hp_loss":0,"event_name":"Cursed Tome","floor":23,"gold_loss":0}],"is_beta":false,"boss_relics":[{"not_picked":["Pandora\u0027s Box","Cursed Key"],"picked":"Black Star"}],"items_purged_floors":[],"is_endless":false,"potions_floor_spawned":[2,7,11,13,16,18],"killed_by":"Book of Stabbing","ascension_level":0}