{"gold_per_floor":[112,112,112,112,125,125,125,151,151,164,164,177,142,161,161,238,238,253,253,253,271,287,287,317,317,317,317,329,329,343,343,343,420,420,435,435,223,233,247,247,277,277,328,38,72,89,108,108,108,108],"floor_reached":50,"playtime":4813,"items_purged":["Decay"],"score":1000,"play_id":"cfcf168a-809c-4611-a396-c90c1a595a0f","local_time":"20190301180103","is_ascension_mode":true,"campfire_choices":[{"data":"Neutralize","floor":6.0,"key":"SMITH"},{"data":"Malaise","floor":11.0,"key":"SMITH"},{"floor":15,"key":"REST"},{"floor":23,"key":"REST"},{"data":"Wraith Form v2","floor":25,"key":"SMITH"},{"data":"Bouncing Flask","floor":27,"key":"SMITH"},{"floor":29,"key":"REST"},{"data":"Ghostly","floor":32,"key":"SMITH"},{"data":"Tactician","floor":40,"key":"SMITH"},{"data":"Footwork","floor":42,"key":"SMITH"},{"floor":49,"key":"RECALL"}],"neow_cost":"NONE","seed_source_timestamp":0,"circlet_count":0,"master_deck":["AscendersBane","Defend_G","Defend_G","Defend_G","Defend_G","Defend_G","Strike_G","Strike_G","Strike_G","Survivor","Neutralize+1","Dagger Throw","Malaise+1","Dagger Throw","Wraith Form v2+1","Dash","Poisoned Stab","Riddle With Holes","Eviscerate+1","Underhanded Strike","Bouncing Flask+1","Footwork+1","Ghostly","Ghostly","Ghostly+1","Bullet Time","Blur+1","Tactician+1","Deadly Poison","Flechettes+1","Footwork","Dash","Bandage Up"],"special_seed":0,"relics":["Ring of the Snake","Paper Crane","Mercury Hourglass","Snecko Eye","Enchiridion","Red Mask","Sundial","HoveringKite","Gambling Chip","Regal Pillow","OrangePellets","Dream Catcher"],"potions_floor_usage":[22,22,33,33,41,50,50],"damage_taken":[{"damage":1.0,"enemies":"Small Slimes","floor":1.0,"turns":5.0},{"damage":2.0,"enemies":"2 Louse","floor":5.0,"turns":3.0},{"damage":50.0,"enemies":"3 Sentries","floor":8.0,"turns":16.0},{"damage":0.0,"enemies":"Cultist","floor":10.0,"turns":4.0},{"damage":0,"enemies":"Large Slime","floor":12,"turns":5},{"damage":0,"enemies":"Looter","floor":14,"turns":3},{"damage":34,"enemies":"The Guardian","floor":16,"turns":17},{"damage":1,"enemies":"Chosen","floor":18,"turns":5},{"damage":12,"enemies":"Colosseum Slavers","floor":19,"turns":5},{"damage":16,"enemies":"Shell Parasite","floor":21,"turns":8},{"damage":6,"enemies":"Centurion and Healer","floor":22,"turns":6},{"damage":2,"enemies":"Masked Bandits","floor":24,"turns":3},{"damage":0,"enemies":"Sentry and Sphere","floor":28,"turns":4},{"damage":2,"enemies":"Cultist and Chosen","floor":30,"turns":5},{"damage":35,"enemies":"Champ","floor":33,"turns":17},{"damage":0,"enemies":"3 Shapes","floor":35,"turns":4},{"damage":0,"enemies":"Orb Walker","floor":38,"turns":3},{"damage":0,"enemies":"Sphere and 2 Shapes","floor":39,"turns":5},{"damage":3,"enemies":"Reptomancer","floor":41,"turns":6},{"damage":13,"enemies":"Giant Head","floor":45,"turns":10},{"damage":0,"enemies":"Maw","floor":46,"turns":8},{"damage":2,"enemies":"Transient","floor":47,"turns":6},{"damage":35,"enemies":"Donu and Deca","floor":50,"turns":11}],"seed_played":"-3617562671441864871","potions_obtained":[{"floor":5.0,"key":"AttackPotion"},{"floor":14,"key":"Energy Potion"},{"floor":18,"key":"Ancient Potion"},{"floor":24,"key":"Block Potion"},{"floor":28,"key":"Swift Potion"},{"floor":33,"key":"SkillPotion"},{"floor":35,"key":"Strength Potion"},{"floor":47,"key":"AttackPotion"}],"is_trial":false,"path_per_floor":["M","?","?","?","M","R","?","E","T","M","R","M","?","M","R","B",null,"M","?","?","M","M","R","?","R","T","R","M","R","M","?","R","B",null,"M","?","$","M","M","R","E","R","T","$","E","M","M","?","R","B"],"character_chosen":"THE_SILENT","items_purchased":["Tactician","Block Potion","OrangePellets","Footwork"],"campfire_rested":3,"item_purchase_floors":[37,37,44,44],"current_hp_per_floor":[64,57,57,57,55,55,55,5,5,5,5,5,23,23,44,10,57,56,44,23,7,1,22,20,20,20,20,20,41,39,36,36,1,27,27,27,27,27,27,27,24,24,24,24,11,11,9,9,9,0],"gold":108,"neow_bonus":"TEN_PERCENT_HP_BONUS","is_prod":false,"is_daily":false,"chose_seed":false,"campfire_upgraded":7,"win_rate":0,"timestamp":1551416463,"path_taken":["M","?","?","?","M","R","?","E","T","M","R","?","?","M","R","BOSS","M","?","?","M","M","R","?","R","T","R","M","R","?","?","R","BOSS","M","?","$","M","M","R","E","R","T","$","E","M","?","?","R","BOSS"],"build_version":"2019-01-23","purchased_purges":1,"victory":false,"max_hp_per_floor":[72,72,72,72,72,72,72,72,72,72,72,72,72,72,72,72,72,72,72,72,72,72,72,72,72,72,72,72,72,72,36,36,36,36,36,36,36,36,36,36,36,36,36,36,36,36,36,36,36,36],"card_choices":[{"not_picked":["Bane","Cloak And Dagger"],"picked":"Dagger Throw","floor":1.0},{"not_picked":["Outmaneuver","Masterful Stab"],"picked":"Dagger Throw","floor":5.0},{"not_picked":["Outmaneuver","Reflex"],"picked":"Wraith Form v2","floor":8.0},{"not_picked":["Prepared","Dagger Spray"],"picked":"Dash","floor":10.0},{"not_picked":["Dagger Throw","Endless Agony","Setup"],"picked":"SKIP","floor":12},{"not_picked":["PiercingWail","Slice"],"picked":"Poisoned Stab","floor":14},{"not_picked":["Backstab","Prepared"],"picked":"Riddle With Holes","floor":18},{"not_picked":["Prepared","Caltrops"],"picked":"Eviscerate+1","floor":21},{"not_picked":["Dagger Spray","Prepared"],"picked":"Underhanded Strike","floor":22},{"not_picked":["Slice","Infinite Blades"],"picked":"Bouncing Flask","floor":24},{"not_picked":["Bane","Accuracy+1","Poisoned Stab"],"picked":"SKIP","floor":28},{"not_picked":["Burst","Skewer"],"picked":"Footwork","floor":30},{"not_picked":["Adrenaline","After Image"],"picked":"Bullet Time","floor":33},{"not_picked":["Acrobatics","Dagger Spray"],"picked":"Blur+1","floor":35},{"not_picked":["Infinite Blades","Slice","Prepared"],"picked":"SKIP","floor":38},{"not_picked":["All Out Attack","Cloak And Dagger"],"picked":"Deadly Poison","floor":39},{"not_picked":["Blade Dance+1","Calculated Gamble"],"picked":"Flechettes+1","floor":41},{"not_picked":["Blade Dance","Underhanded Strike+1","Prepared+1"],"picked":"SKIP","floor":45},{"not_picked":["Sucker Punch","Flying Knee","Riddle With Holes+1"],"picked":"SKIP","floor":46},{"not_picked":["Sucker Punch","Flying Knee","Riddle With Holes+1"],"picked":"SKIP","floor":46},{"not_picked":["Slice","Blade Dance"],"picked":"Dash","floor":47},{"not_picked":["Forethought","Enlightenment"],"picked":"Bandage Up","floor":48}],"player_experience":524075,"relics_obtained":[{"floor":8.0,"key":"Paper Crane"},{"floor":9.0,"key":"Mercury Hourglass"},{"floor":20,"key":"Enchiridion"},{"floor":24,"key":"Red Mask"},{"floor":26,"key":"Sundial"},{"floor":41,"key":"Regal Pillow"},{"floor":45,"key":"Dream Catcher"}],"event_choices":[{"cards_removed":["Strike_G"],"damage_healed":0.0,"max_hp_gain":0.0,"max_hp_loss":0.0,"gold_gain":0.0,"event_name":"Golden Wing","player_choice":"Card Removal","floor":2.0,"gold_loss":0.0,"damage_taken":7.0},{"damage_healed":0.0,"max_hp_gain":0.0,"max_hp_loss":0.0,"gold_gain":0.0,"event_name":"Liars Game","player_choice":"Ignored","floor":3.0,"gold_loss":0.0,"damage_taken":0.0},{"damage_healed":0.0,"max_hp_gain":0.0,"max_hp_loss":0.0,"gold_gain":0.0,"cards_transformed":["Strike_G"],"event_name":"Living Wall","player_choice":"Change","floor":4.0,"gold_loss":0.0,"damage_taken":0.0,"cards_obtained":["Malaise"]},{"damage_healed":0.0,"max_hp_gain":0.0,"max_hp_loss":0.0,"gold_gain":0.0,"event_name":"Wheel of Change","player_choice":"Cursed","floor":7.0,"gold_loss":0.0,"damage_taken":0.0,"cards_obtained":["Decay"]},{"damage_healed":18,"gold_gain":0,"player_choice":"Healed","damage_taken":0,"max_hp_gain":0,"max_hp_loss":0,"event_name":"The Cleric","floor":13,"gold_loss":35},{"damage_healed":0,"gold_gain":0,"player_choice":"Fight","damage_taken":0,"max_hp_gain":0,"max_hp_loss":0,"event_name":"Colosseum","floor":19,"gold_loss":0},{"damage_healed":0,"gold_gain":0,"player_choice":"Fled From Nobs","damage_taken":0,"max_hp_gain":0,"max_hp_loss":0,"event_name":"Colosseum","floor":19,"gold_loss":0},{"damage_healed":0,"gold_gain":0,"player_choice":"Obtained Book","damage_taken":21,"max_hp_gain":0,"max_hp_loss":0,"event_name":"Cursed Tome","floor":20,"gold_loss":0},{"damage_healed":0,"gold_gain":0,"player_choice":"Fought Bandits","damage_taken":0,"max_hp_gain":0,"max_hp_loss":0,"event_name":"Masked Bandits","floor":24,"gold_loss":0},{"damage_healed":0,"gold_gain":0,"player_choice":"Became a Ghost","damage_taken":0,"max_hp_gain":0,"max_hp_loss":36,"event_name":"Ghosts","floor":31,"gold_loss":0,"cards_obtained":["Ghostly","Ghostly","Ghostly"]},{"damage_healed":0,"gold_gain":0,"player_choice":"Gave Potion","damage_taken":0,"relics_obtained":["Gambling Chip"],"max_hp_gain":0,"max_hp_loss":0,"event_name":"WeMeetAgain","floor":36,"gold_loss":0},{"damage_healed":0,"gold_gain":0,"player_choice":"Memory 1","damage_taken":0,"max_hp_gain":0,"max_hp_loss":0,"event_name":"SensoryStone","floor":48,"gold_loss":0}],"is_beta":false,"boss_relics":[{"not_picked":["WristBlade","White Beast Statue"],"picked":"Snecko Eye"},{"not_picked":["Lizard Tail","Eternal Feather"],"picked":"HoveringKite"}],"items_purged_floors":[37],"is_endless":false,"potions_floor_spawned":[5,14,18,24,28,30,33,35,39,47],"killed_by":"Donu and Deca","ascension_level":20}