{"gold_per_floor":[111,111,111,121,36,63,63,75,75,109,12,41,41,55,55,155,155,175,90,90,105,105,105,138,138,162,181,181],"floor_reached":28,"playtime":3643,"items_purged":[],"score":254,"play_id":"bb125bec-c4f9-4729-94e2-6db5551c8cef","local_time":"20190213230859","is_ascension_mode":false,"campfire_choices":[{"data":"Hello World","floor":7.0,"key":"SMITH"},{"floor":13,"key":"REST"},{"floor":15,"key":"REST"},{"data":"Rainbow","floor":23,"key":"SMITH"},{"data":"Doom and Gloom","floor":25,"key":"SMITH"}],"neow_cost":"NONE","seed_source_timestamp":0,"circlet_count":0,"master_deck":["Strike_B","Strike_B","Strike_B","Strike_B","Defend_B","Defend_B+1","Defend_B","Defend_B","Zap","Dualcast+1","Storm","Leap","Go for the Eyes","Hello World+1","Stack","Rainbow+1","Compile Driver","Go for the Eyes","Ball Lightning","Static Discharge","Doom and Gloom+1","Melter","Machine Learning","Lockon+1","Redo","Streamline","Skim"],"special_seed":0,"relics":["Cracked Core","Gremlin Horn","Shuriken","Omamori","War Paint","Snecko Eye","Strawberry","Enchiridion","Anchor","Nunchaku","Orichalcum"],"potions_floor_usage":[10,24,28,28],"damage_taken":[{"damage":7.0,"enemies":"Small Slimes","floor":1.0,"turns":4.0},{"damage":2.0,"enemies":"2 Louse","floor":4.0,"turns":3.0},{"damage":12.0,"enemies":"Lagavulin","floor":6.0,"turns":8.0},{"damage":2,"enemies":"Jaw Worm","floor":8,"turns":4},{"damage":14,"enemies":"Gremlin Nob","floor":10,"turns":4},{"damage":13,"enemies":"Lagavulin","floor":12,"turns":6},{"damage":8,"enemies":"Large Slime","floor":14,"turns":3},{"damage":49,"enemies":"The Guardian","floor":16,"turns":10},{"damage":6,"enemies":"3 Byrds","floor":18,"turns":4},{"damage":12,"enemies":"2 Thieves","floor":21,"turns":3},{"damage":11,"enemies":"Book of Stabbing","floor":24,"turns":4},{"damage":5,"enemies":"Snecko","floor":27,"turns":3},{"damage":40,"enemies":"Slavers","floor":28,"turns":4}],"seed_played":"-3276182995433572149","potions_obtained":[{"floor":6.0,"key":"Explosive Potion"},{"floor":8,"key":"SkillPotion"},{"floor":14,"key":"Explosive Potion"},{"floor":16,"key":"Swift Potion"},{"floor":21,"key":"Energy Potion"}],"is_trial":false,"path_per_floor":["?","?","?","?","?"],"character_chosen":"DEFECT","items_purchased":["Hello World","Stack","Ball Lightning","Static Discharge"],"campfire_rested":2,"item_purchase_floors":[5,5,11,11],"current_hp_per_floor":[68,73,73,71,71,59,59,57,57,43,43,30,54,46,70,21,80,74,81,65,53,53,53,42,42,42,37,0],"gold":181,"neow_bonus":"THREE_CARDS","is_prod":false,"is_daily":false,"chose_seed":false,"campfire_upgraded":3,"win_rate":0.0,"timestamp":1550074139,"path_taken":["M","?","?","M","$","E","R","M","T","E","$","E","R","M","R","BOSS","M","?","?","M","?","R","E","R","T","M","E"],"build_version":"2019-01-23","purchased_purges":0,"victory":false,"max_hp_per_floor":[75,80,80,80,80,80,80,80,80,80,80,80,80,80,80,80,80,80,87,87,87,87,87,87,87,87,87,87],"card_choices":[{"not_picked":["Ball Lightning","Steam"],"picked":"Storm","floor":0.0},{"not_picked":["Storm","Coolheaded"],"picked":"Leap","floor":1.0},{"not_picked":["Double Energy","Stack"],"picked":"Go for the Eyes","floor":4.0},{"not_picked":["Cold Snap","Steam Power"],"picked":"Rainbow","floor":6.0},{"not_picked":["Leap","Chaos"],"picked":"Compile Driver","floor":8},{"not_picked":["Stack","Steam Power"],"picked":"Go for the Eyes","floor":10},{"not_picked":["Coolheaded","Hologram"],"picked":"Doom and Gloom","floor":12},{"not_picked":["Fusion","Compile Driver"],"picked":"Melter","floor":14},{"not_picked":["Fission","Core Surge"],"picked":"Machine Learning","floor":16},{"not_picked":["Streamline","Ball Lightning"],"picked":"Lockon+1","floor":18},{"not_picked":["Steam","Coolheaded"],"picked":"Redo","floor":21},{"not_picked":["Cold Snap+1","Conserve Battery"],"picked":"Streamline","floor":24},{"not_picked":["Beam Cell","Steam Power+1"],"picked":"Skim","floor":27}],"player_experience":97304,"relics_obtained":[{"floor":6.0,"key":"Gremlin Horn"},{"floor":9,"key":"Shuriken"},{"floor":10,"key":"Omamori"},{"floor":12,"key":"War Paint"},{"floor":20,"key":"Enchiridion"},{"floor":24,"key":"Nunchaku"},{"floor":26,"key":"Orichalcum"}],"event_choices":[{"damage_healed":0.0,"max_hp_gain":5.0,"max_hp_loss":0.0,"gold_gain":0.0,"event_name":"Big Fish","player_choice":"Donut","floor":2.0,"gold_loss":0.0,"damage_taken":0.0},{"damage_healed":0.0,"max_hp_gain":0.0,"max_hp_loss":0.0,"gold_gain":0.0,"event_name":"Liars Game","player_choice":"Ignored","floor":3.0,"gold_loss":0.0,"damage_taken":0.0},{"damage_healed":0,"gold_gain":0,"player_choice":"Obtained Relic","damage_taken":0,"relics_obtained":["Strawberry"],"max_hp_gain":0,"max_hp_loss":0,"event_name":"Addict","floor":19,"gold_loss":85},{"damage_healed":0,"gold_gain":0,"player_choice":"Obtained Book","damage_taken":16,"max_hp_gain":0,"max_hp_loss":0,"event_name":"Cursed Tome","floor":20,"gold_loss":0},{"damage_healed":0,"gold_gain":0,"player_choice":"Opened","damage_taken":0,"relics_obtained":["Anchor"],"max_hp_gain":0,"max_hp_loss":0,"event_name":"The Mausoleum","floor":22,"gold_loss":0,"cards_obtained":["Writhe"]}],"is_beta":false,"boss_relics":[{"not_picked":["Sozu","Busted Crown"],"picked":"Snecko Eye"}],"items_purged_floors":[],"is_endless":false,"potions_floor_spawned":[6,8,14,16,21],"killed_by":"Slavers","ascension_level":0}