{"gold_per_floor":[113,113,129,148,223,223,234,92,92,119,136,147,147,177,177,250,250,266,266,276,0,75,75,107,125,205,216,216,233,158,171,171,245,245,255,266,31,31,49,76,76,96,96,96,120,131,160,172,172,172],"floor_reached":51,"playtime":4305,"items_purged":["Meteor Strike"],"score":1395,"play_id":"1e48c3ba-a27a-4bea-8f76-f274ef3eeed4","local_time":"20190216153746","is_ascension_mode":true,"campfire_choices":[{"data":"Sunder","floor":6,"key":"SMITH"},{"floor":13,"key":"REST"},{"data":"Hologram","floor":15,"key":"SMITH"},{"data":"Zap","floor":23,"key":"SMITH"},{"floor":32,"key":"REST"},{"data":"Capacitor","floor":41,"key":"SMITH"},{"data":"Go for the Eyes","floor":49,"key":"SMITH"}],"neow_cost":"NONE","seed_source_timestamp":13485002342661,"circlet_count":0,"master_deck":["AscendersBane","Strike_B+1","Defend_B+1","Defend_B+1","Defend_B+1","Defend_B+1","Zap+1","Dualcast+1","Steam+1","Hologram+1","Sunder+1","Go for the Eyes+1","Trip+1","Ball Lightning","Turbo+1","Cold Snap","Steam Power+1","Electrodynamics","Reinforced Body+1","Consume+1","All For One","Seek+1","Hologram+1","Gash","Hologram+1","Coolheaded+1","Recycle+1","Core Surge","Self Repair","Hologram+1","Coolheaded+1","Stack+1","Multi-Cast+1","Capacitor+1","Dark Shackles+1","Madness+1","Madness+1","Glacier+1","Parasite","Darkness+1"],"relics":["Cracked Core","Boot","Toxic Egg 2","Pen Nib","Philosopher\u0027s Stone","Chemical X","Orichalcum","Mercury Hourglass","Orrery","Potion Belt","War Paint","Blood Vial","Gambling Chip"],"potions_floor_usage":[7,20,31,33,39,40,40,50],"damage_taken":[{"damage":7,"enemies":"Small Slimes","floor":1,"turns":3},{"damage":0,"enemies":"2 Louse","floor":3,"turns":2},{"damage":2,"enemies":"Jaw Worm","floor":4,"turns":4},{"damage":2,"enemies":"Gremlin Gang","floor":7,"turns":4},{"damage":19,"enemies":"Lagavulin","floor":10,"turns":6},{"damage":0,"enemies":"Looter","floor":11,"turns":2},{"damage":0,"enemies":"2 Fungi Beasts","floor":12,"turns":2},{"damage":3,"enemies":"3 Sentries","floor":14,"turns":5},{"damage":0,"enemies":"Slime Boss","floor":16,"turns":5},{"damage":0,"enemies":"Spheric Guardian","floor":18,"turns":2},{"damage":16,"enemies":"3 Byrds","floor":20,"turns":3},{"damage":13,"enemies":"Gremlin Leader","floor":24,"turns":5},{"damage":0,"enemies":"Centurion and Healer","floor":25,"turns":6},{"damage":27,"enemies":"Snake Plant","floor":27,"turns":4},{"damage":0,"enemies":"3 Cultists","floor":29,"turns":4},{"damage":1,"enemies":"Centurion and Healer","floor":31,"turns":6},{"damage":3,"enemies":"Champ","floor":33,"turns":24},{"damage":0,"enemies":"Orb Walker","floor":35,"turns":3},{"damage":0,"enemies":"3 Darklings","floor":36,"turns":2},{"damage":11,"enemies":"Transient","floor":39,"turns":5},{"damage":11,"enemies":"Reptomancer","floor":40,"turns":4},{"damage":0,"enemies":"Maw","floor":42,"turns":6},{"damage":0,"enemies":"Writhing Mass","floor":46,"turns":6},{"damage":0,"enemies":"Nemesis","floor":47,"turns":7},{"damage":6,"enemies":"4 Shapes","floor":48,"turns":3},{"damage":23,"enemies":"Donu and Deca","floor":50,"turns":11}],"seed_played":"-3638634493730464828","potions_obtained":[{"floor":4,"key":"Block Potion"},{"floor":12,"key":"Fire Potion"},{"floor":24,"key":"FocusPotion"},{"floor":33,"key":"GamblersBrew"},{"floor":35,"key":"Weak Potion"},{"floor":39,"key":"FocusPotion"},{"floor":42,"key":"Poison Potion"},{"floor":46,"key":"Fire Potion"}],"is_trial":false,"path_per_floor":["M","?","M","M","?","R","M","$","T","E","M","M","R","E","R","B",null,"M","?","M","$","?","R","E","M","T","M","?","M","?","M","R","B",null,"M","M","$","?","M","E","R","M","T","?","T","M","E","M","R","B",null],"character_chosen":"DEFECT","items_purchased":["Fire Potion","Trip","All For One","Chemical X","Capacitor","Dark Shackles+1"],"campfire_rested":2,"item_purchase_floors":[8,8,21,21,37,37],"current_hp_per_floor":[64,48,48,46,35,35,33,33,33,14,14,14,37,34,34,34,67,67,67,51,51,44,44,31,31,31,4,4,4,4,3,26,23,64,64,71,71,61,50,46,46,53,53,53,53,62,71,74,74,60],"gold":172,"neow_bonus":"TEN_PERCENT_HP_BONUS","is_prod":false,"is_daily":false,"chose_seed":false,"campfire_upgraded":5,"win_rate":0,"timestamp":1550284666,"path_taken":["M","?","M","M","?","R","M","$","T","E","M","M","R","E","R","BOSS","M","?","M","$","?","R","E","?","T","M","?","M","?","M","R","BOSS","M","M","$","?","M","E","R","M","T","?","?","M","E","M","R","BOSS"],"build_version":"2019-01-23","purchased_purges":1,"victory":true,"max_hp_per_floor":[78,78,78,78,78,78,78,78,78,78,78,78,78,78,78,78,78,78,78,78,78,78,78,78,78,78,78,78,78,78,78,78,78,78,78,78,78,78,78,78,78,78,78,78,78,78,78,78,78,78],"card_choices":[{"not_picked":["Beam Cell","Scrape"],"picked":"Steam","floor":1},{"not_picked":["Darkness","Steam"],"picked":"Hologram","floor":3},{"not_picked":["Steam","Conserve Battery"],"picked":"Sunder","floor":4},{"not_picked":["Loop","Stack"],"picked":"Go for the Eyes","floor":7},{"not_picked":["Capacitor","Loop"],"picked":"Ball Lightning","floor":10},{"not_picked":["Tempest+1","Sweeping Beam"],"picked":"Turbo+1","floor":11},{"not_picked":["Streamline","Compile Driver"],"picked":"Cold Snap","floor":12},{"not_picked":["Compile Driver","Melter"],"picked":"Steam Power+1","floor":14},{"not_picked":["Hyperbeam","Seek+1"],"picked":"Electrodynamics","floor":16},{"not_picked":["Redo+1","Steam+1"],"picked":"Reinforced Body+1","floor":18},{"not_picked":["Go for the Eyes+1","Streamline+1"],"picked":"Consume+1","floor":20},{"not_picked":["Consume+1","Leap+1"],"picked":"Seek+1","floor":24},{"not_picked":["Rebound","Gash"],"picked":"Hologram+1","floor":25},{"not_picked":["Barrage","Turbo+1"],"picked":"Gash","floor":27},{"not_picked":["Stack+1","Conserve Battery+1"],"picked":"Coolheaded+1","floor":29},{"not_picked":["Biased Cognition","Beam Cell"],"picked":"Recycle+1","floor":31},{"not_picked":["Hyperbeam","Meteor Strike"],"picked":"Core Surge","floor":33},{"not_picked":["Cold Snap","Turbo+1"],"picked":"Self Repair","floor":34},{"not_picked":["Coolheaded+1","Skim+1"],"picked":"Hologram+1","floor":34},{"not_picked":["Genetic Algorithm+1","Stack+1"],"picked":"Coolheaded+1","floor":34},{"not_picked":["Lockon+1","Consume+1"],"picked":"Stack+1","floor":34},{"not_picked":["Go for the Eyes","Genetic Algorithm+1","Blizzard"],"picked":"SKIP","floor":35},{"not_picked":["Leap+1","Blizzard"],"picked":"Multi-Cast+1","floor":36},{"not_picked":["Rip and Tear+1","Tempest+1","Fusion+1"],"picked":"SKIP","floor":39},{"not_picked":["Coolheaded+1","Beam Cell"],"picked":"Glacier+1","floor":40},{"not_picked":["Conserve Battery+1","Coolheaded+1","Ball Lightning"],"picked":"SKIP","floor":42},{"not_picked":["Sweeping Beam","Redo+1"],"picked":"Darkness+1","floor":46},{"not_picked":["Amplify+1","Storm","Thunder Strike"],"picked":"SKIP","floor":47},{"not_picked":["Turbo+1","Ball Lightning+1","Beam Cell"],"picked":"SKIP","floor":48}],"player_experience":262352,"relics_obtained":[{"floor":9,"key":"Boot"},{"floor":10,"key":"Toxic Egg 2"},{"floor":14,"key":"Pen Nib"},{"floor":24,"key":"Orichalcum"},{"floor":26,"key":"Mercury Hourglass"},{"floor":40,"key":"Potion Belt"},{"floor":43,"key":"War Paint"},{"floor":45,"key":"Blood Vial"},{"floor":47,"key":"Gambling Chip"}],"event_choices":[{"damage_healed":0,"gold_gain":0,"player_choice":"Entered Light","damage_taken":16,"max_hp_gain":0,"max_hp_loss":0,"event_name":"Shining Light","floor":2,"gold_loss":0,"cards_upgraded":["Defend_B","Dualcast"]},{"damage_healed":0,"gold_gain":75,"player_choice":"Gather Gold","damage_taken":11,"max_hp_gain":0,"max_hp_loss":0,"event_name":"World of Goop","floor":5,"gold_loss":0},{"damage_healed":0,"gold_gain":0,"player_choice":"Simplicity","damage_taken":0,"max_hp_gain":0,"max_hp_loss":0,"event_name":"Back to Basics","floor":19,"gold_loss":0,"cards_upgraded":["Strike_B","Strike_B","Strike_B","Strike_B","Defend_B","Defend_B","Defend_B"]},{"damage_healed":0,"gold_gain":75,"player_choice":"Touch","damage_taken":7,"max_hp_gain":0,"max_hp_loss":0,"event_name":"FaceTrader","floor":22,"gold_loss":0},{"damage_healed":0,"gold_gain":0,"cards_transformed":["Strike_B","Strike_B"],"player_choice":"Became Test Subject","damage_taken":0,"max_hp_gain":0,"max_hp_loss":0,"event_name":"Drug Dealer","floor":28,"gold_loss":0,"cards_obtained":["Meteor Strike","Hologram"]},{"cards_removed":["Strike_B"],"damage_healed":0,"gold_gain":0,"player_choice":"Gave Gold","damage_taken":0,"max_hp_gain":0,"max_hp_loss":0,"event_name":"Beggar","floor":30,"gold_loss":75},{"damage_healed":0,"gold_gain":0,"player_choice":"Embrace Madness","damage_taken":10,"max_hp_gain":0,"max_hp_loss":0,"event_name":"Winding Halls","floor":38,"gold_loss":0,"cards_obtained":["Madness","Madness"]},{"damage_healed":0,"gold_gain":0,"player_choice":"Ignored","damage_taken":0,"max_hp_gain":0,"max_hp_loss":0,"event_name":"Mysterious Sphere","floor":44,"gold_loss":0}],"is_beta":false,"boss_relics":[{"not_picked":["Eternal Feather","Velvet Choker"],"picked":"Philosopher\u0027s Stone"},{"not_picked":["Empty Cage","Calling Bell"],"picked":"Orrery"}],"items_purged_floors":[37],"is_endless":false,"potions_floor_spawned":[4,12,14,24,33,35,39,42,46],"ascension_level":14}