{"gold_per_floor":[114,124,137,137,157,157,170,170,170,187,78,96,130,190,190,294,294,306,316,316,316,333,333,333,366,366,566,566,566,566,582,582,582],"floor_reached":33,"playtime":10685,"items_purged":[],"score":267,"play_id":"9fab1ff0-069a-4d9a-b694-30f4a06e3eeb","local_time":"20190212144545","is_ascension_mode":false,"campfire_choices":[{"data":"Hello World","floor":6.0,"key":"SMITH"},{"data":"Ball Lightning","floor":8.0,"key":"SMITH"},{"floor":15,"key":"REST"},{"data":"Sweeping Beam","floor":23,"key":"SMITH"},{"floor":29,"key":"REST"},{"data":"Genetic Algorithm","floor":32,"key":"SMITH"}],"neow_cost":"NONE","seed_source_timestamp":0,"circlet_count":0,"master_deck":["Strike_B+1","Strike_B+1","Strike_B+1","Strike_B+1","Defend_B+1","Defend_B+1","Defend_B+1","Defend_B+1","Zap","Dualcast","Stack","Hello World+1","Sweeping Beam+1","Consume","Ball Lightning+1","Genetic Algorithm+1","FTL","Capacitor","Streamline","Hyperbeam","All For One","Steam","Gash","Sweeping Beam+1","Rainbow","Capacitor+1","Self Repair+1"],"special_seed":0,"relics":["Cracked Core","Ancient Tea Set","Bottled Flame","Frozen Egg 2","Eternal Feather","Sundial","MutagenicStrength","Juzu Bracelet","Meat on the Bone","Darkstone Periapt"],"potions_floor_usage":[16,19,22,22,25,33],"damage_taken":[{"damage":1.0,"enemies":"Cultist","floor":1.0,"turns":3.0},{"damage":6.0,"enemies":"Jaw Worm","floor":2.0,"turns":3.0},{"damage":0.0,"enemies":"2 Louse","floor":3.0,"turns":2.0},{"damage":8.0,"enemies":"2 Fungi Beasts","floor":5.0,"turns":4.0},{"damage":0.0,"enemies":"Blue Slaver","floor":7.0,"turns":4.0},{"damage":1.0,"enemies":"Large Slime","floor":10.0,"turns":5.0},{"damage":2.0,"enemies":"2 Fungi Beasts","floor":12.0,"turns":3.0},{"damage":15,"enemies":"3 Sentries","floor":13,"turns":6},{"damage":8,"enemies":"The Guardian","floor":16,"turns":9},{"damage":13,"enemies":"Spheric Guardian","floor":18,"turns":5},{"damage":14,"enemies":"Shell Parasite","floor":19,"turns":8},{"damage":27,"enemies":"3 Cultists","floor":22,"turns":6},{"damage":16,"enemies":"Book of Stabbing","floor":25,"turns":7},{"damage":23,"enemies":"Centurion and Healer","floor":31,"turns":8},{"damage":62,"enemies":"Champ","floor":33,"turns":13}],"seed_played":"-3654919100231487484","potions_obtained":[{"floor":3.0,"key":"SkillPotion"},{"floor":5.0,"key":"Weak Potion"},{"floor":13,"key":"Fire Potion"},{"floor":16,"key":"Fire Potion"},{"floor":19,"key":"EssenceOfSteel"},{"floor":25,"key":"Block Potion"}],"is_trial":false,"path_per_floor":["M","?","$","M","?","?","?","?","?","?","T"],"character_chosen":"DEFECT","items_purchased":["FTL","Capacitor"],"campfire_rested":2,"item_purchase_floors":[11,11],"current_hp_per_floor":[74,68,68,53,45,45,45,45,45,44,44,42,27,27,49,41,75,62,48,48,48,21,33,33,17,17,17,17,54,54,43,58,0],"gold":582,"neow_bonus":"RANDOM_COMMON_RELIC","is_prod":false,"is_daily":false,"chose_seed":false,"campfire_upgraded":4,"win_rate":0.0,"timestamp":1549957545,"path_taken":["M","M","?","?","M","R","M","R","T","M","?","?","E","?","R","BOSS","M","M","?","?","M","R","?","E","T","?","?","R","?","M","R","BOSS"],"build_version":"2019-01-23","purchased_purges":0,"victory":false,"max_hp_per_floor":[75,75,75,75,75,75,75,75,75,75,75,75,75,75,75,75,75,75,75,75,75,75,75,75,75,75,75,75,75,75,75,75,75],"card_choices":[{"not_picked":["Heatsinks","Cold Snap"],"picked":"Stack","floor":1.0},{"not_picked":["Consume","Stack"],"picked":"Hello World","floor":2.0},{"not_picked":["Redo","Consume"],"picked":"Sweeping Beam","floor":3.0},{"not_picked":["Redo","Rebound"],"picked":"Consume","floor":5.0},{"not_picked":["Hologram","Blizzard"],"picked":"Ball Lightning","floor":7.0},{"not_picked":["Blizzard","Steam Power"],"picked":"Genetic Algorithm","floor":10.0},{"not_picked":["Cold Snap","Reprogram"],"picked":"Streamline","floor":12.0},{"not_picked":["Scrape","Barrage"],"picked":"Hyperbeam","floor":13},{"not_picked":["Thunder Strike","Multi-Cast"],"picked":"All For One","floor":16},{"not_picked":["Coolheaded","Turbo"],"picked":"Steam","floor":18},{"not_picked":["Sweeping Beam","Ball Lightning"],"picked":"Gash","floor":19},{"not_picked":["Cold Snap","Hologram"],"picked":"Sweeping Beam+1","floor":22},{"not_picked":["Coolheaded","Reprogram"],"picked":"Capacitor+1","floor":25},{"not_picked":["Buffer+1","Conserve Battery"],"picked":"Self Repair+1","floor":31}],"player_experience":55888,"relics_obtained":[{"floor":9.0,"key":"Bottled Flame"},{"floor":13,"key":"Frozen Egg 2"},{"floor":25,"key":"Juzu Bracelet"},{"floor":26,"key":"Meat on the Bone"},{"floor":30,"key":"Darkstone Periapt"}],"event_choices":[{"damage_healed":0.0,"max_hp_gain":0.0,"max_hp_loss":0.0,"gold_gain":0.0,"event_name":"Shining Light","player_choice":"Entered Light","floor":4.0,"gold_loss":0.0,"damage_taken":15.0,"cards_upgraded":["Defend_B","Defend_B"]},{"damage_healed":0,"gold_gain":60,"player_choice":"Gained Gold","damage_taken":0,"max_hp_gain":0,"max_hp_loss":0,"event_name":"Golden Wing","floor":14,"gold_loss":0},{"damage_healed":0,"gold_gain":0,"player_choice":"Opened","damage_taken":0,"relics_obtained":["Sundial"],"max_hp_gain":0,"max_hp_loss":0,"event_name":"The Mausoleum","floor":20,"gold_loss":0},{"damage_healed":0,"gold_gain":0,"player_choice":"Inject Mutagens","damage_taken":0,"relics_obtained":["MutagenicStrength"],"max_hp_gain":0,"max_hp_loss":0,"event_name":"Drug Dealer","floor":21,"gold_loss":0},{"damage_healed":0,"gold_gain":0,"player_choice":"Read","damage_taken":0,"max_hp_gain":0,"max_hp_loss":0,"event_name":"The Library","floor":24,"gold_loss":0,"cards_obtained":["Rainbow"]},{"damage_healed":0,"gold_gain":250,"player_choice":"Bet on Owner","damage_taken":0,"max_hp_gain":0,"max_hp_loss":0,"event_name":"The Joust","floor":27,"gold_loss":50},{"damage_healed":0,"gold_gain":0,"player_choice":"Simplicity","damage_taken":0,"max_hp_gain":0,"max_hp_loss":0,"event_name":"Back to Basics","floor":28,"gold_loss":0,"cards_upgraded":["Strike_B","Strike_B","Strike_B","Strike_B","Defend_B","Defend_B"]}],"is_beta":false,"boss_relics":[{"not_picked":["FrozenCore","Cursed Key"],"picked":"Eternal Feather"}],"items_purged_floors":[],"is_endless":false,"potions_floor_spawned":[3,5,13,16,18,19,25],"killed_by":"Champ","ascension_level":0}