{"gold_per_floor":[117,117,117,117,142,142,186,35,35,59,59,77,117,117,117,236,236,256,276,276,290,313,344,344],"floor_reached":24,"playtime":985,"items_purged":[],"score":336,"play_id":"866a22ba-5bbd-4219-a916-f320bf433807","local_time":"20180712230818","is_ascension_mode":true,"campfire_choices":[{"data":"Streamline","floor":6,"key":"SMITH"},{"floor":11,"key":"REST"},{"floor":15,"key":"REST"}],"neow_cost":"NONE","seed_source_timestamp":76558757233759,"circlet_count":0,"master_deck":["Defend_B+1","Defend_B","Defend_B","Defend_B+1","Zap+1","Dualcast","Streamline+1","Cold Snap","Glacier","Defragment","Hologram","All For One","Defragment","Glacier","Bite","Bite","Bite","Bite","Bite","Redo+1","Capacitor","Capacitor"],"relics":["Lizard Tail","Golden Idol","Juzu Bracelet","War Paint","Vajra","The Courier","Sundial","Torii","Black Star","Bronze Scales","Happy Flower"],"potions_floor_usage":[7,16,16,16,22,23,23,24],"damage_taken":[{"damage":8,"enemies":"Jaw Worm","floor":1,"turns":5},{"damage":30,"enemies":"Gremlin Nob","floor":7,"turns":4},{"damage":0,"enemies":"Cultist","floor":10,"turns":2},{"damage":4,"enemies":"Small Slimes","floor":12,"turns":2},{"damage":0,"enemies":"Lagavulin","floor":13,"turns":7},{"damage":10,"enemies":"Slime Boss","floor":16,"turns":8},{"damage":24,"enemies":"3 Byrds","floor":18,"turns":6},{"damage":2,"enemies":"Shell Parasite","floor":19,"turns":5},{"damage":23,"enemies":"Snecko","floor":21,"turns":8},{"damage":17,"enemies":"Snake Plant","floor":22,"turns":6},{"damage":37,"enemies":"Slavers","floor":23,"turns":14},{"damage":58,"enemies":"3 Cultists","floor":24,"turns":6}],"seed_played":"8231833150247309708","potions_obtained":[{"floor":2,"key":"SpeedPotion"},{"floor":2,"key":"Strength Potion"},{"floor":2,"key":"Fruit Juice"},{"floor":7,"key":"Explosive Potion"},{"floor":10,"key":"GamblersBrew"},{"floor":16,"key":"GamblersBrew"},{"floor":18,"key":"Dexterity Potion"},{"floor":21,"key":"GamblersBrew"},{"floor":22,"key":"Strength Potion"}],"is_trial":false,"path_per_floor":["M","?","?","?","T","R","E","$","T","M","R","M","E","?","R","B",null,"M","M","?","M","M","E"],"character_chosen":"DEFECT","items_purchased":["Vajra"],"campfire_rested":2,"item_purchase_floors":[8],"current_hp_per_floor":[67,67,49,49,49,49,24,24,24,24,48,44,44,19,43,33,68,44,42,42,39,24,33,0],"gold":344,"neow_bonus":"BOSS_RELIC","is_prod":false,"is_daily":false,"chose_seed":false,"campfire_upgraded":1,"win_rate":0,"timestamp":1531393698,"path_taken":["M","?","?","?","?","R","E","$","T","M","R","M","E","?","R","BOSS","M","M","?","M","M","E","M"],"build_version":"2018-07-05","purchased_purges":0,"victory":false,"max_hp_per_floor":[75,75,75,75,75,75,80,80,80,80,80,80,80,80,80,80,80,80,80,56,56,56,56,56],"card_choices":[{"not_picked":["Redo","Capacitor"],"picked":"Streamline","floor":1},{"not_picked":["Sunder","Stack"],"picked":"Cold Snap","floor":7},{"not_picked":["Rebound","Coolheaded"],"picked":"Glacier","floor":10},{"not_picked":["Turbo","Aggregate"],"picked":"Defragment","floor":12},{"not_picked":["Biased Cognition","Glacier"],"picked":"Hologram","floor":13},{"not_picked":["Buffer","Biased Cognition"],"picked":"All For One","floor":16},{"not_picked":["FTL","Redo"],"picked":"Defragment","floor":18},{"not_picked":["Lockon","Aggregate+1"],"picked":"Glacier","floor":19},{"not_picked":["Conserve Battery","Turbo+1"],"picked":"Redo+1","floor":21},{"not_picked":["Chill","Coolheaded"],"picked":"Capacitor","floor":22},{"not_picked":["Streamline","Barrage"],"picked":"Capacitor","floor":23}],"player_experience":293355,"relics_obtained":[{"floor":5,"key":"Juzu Bracelet"},{"floor":7,"key":"War Paint"},{"floor":9,"key":"The Courier"},{"floor":13,"key":"Sundial"},{"floor":23,"key":"Bronze Scales"},{"floor":23,"key":"Happy Flower"}],"event_choices":[{"event_name":"The Lab","player_choice":"Got Potions","floor":2,"damage_taken":0},{"event_name":"Golden Idol","player_choice":"Take Damage","floor":3,"damage_taken":0},{"event_name":"Upgrade Shrine","player_choice":"Upgraded","floor":4,"damage_taken":0},{"event_name":"Scrap Ooze","player_choice":"success","floor":14,"damage_taken":25},{"event_name":"Vampires","player_choice":"Became a vampire","floor":20,"damage_taken":0}],"boss_relics":[{"not_picked":["Pandora\u0027s Box","Velvet Choker"],"picked":"Black Star"}],"items_purged_floors":[],"is_endless":false,"potions_floor_spawned":[7,10,16,18,21,22],"killed_by":"3 Cultists","ascension_level":5}