{"gold_per_floor":[118,118,138,9,21,21,96,96,96,96,123,123,138,138,138,241,241,258,270,270,284,302,302,302],"floor_reached":24,"playtime":1022,"items_purged":[],"score":339,"play_id":"8b95f409-415c-4de9-ab08-16191c150a96","local_time":"20190214224857","is_ascension_mode":true,"campfire_choices":[{"data":"Sunder","floor":6,"key":"SMITH"},{"data":"Zap","floor":8,"key":"SMITH"},{"data":"Dualcast","floor":12,"key":"SMITH"},{"floor":15,"key":"REST"},{"data":"Electrodynamics","floor":23,"key":"SMITH"}],"neow_cost":"NONE","seed_source_timestamp":12836125761980,"circlet_count":0,"master_deck":["AscendersBane","Strike_B","Strike_B","Strike_B","Strike_B","Defend_B","Defend_B","Defend_B","Defend_B","Zap+1","Dualcast+1","Cold Snap","FTL","Sunder+1","Conserve Battery","Compile Driver","Electrodynamics+1","Conserve Battery+1","Beam Cell","Hologram","Reinforced Body"],"relics":["Cracked Core","Lantern","Dodecahedron","Pear","Sozu"],"potions_floor_usage":[16],"damage_taken":[{"damage":12,"enemies":"Small Slimes","floor":1,"turns":3},{"damage":0,"enemies":"Cultist","floor":3,"turns":4},{"damage":5,"enemies":"Jaw Worm","floor":5,"turns":3},{"damage":6,"enemies":"3 Sentries","floor":11,"turns":5},{"damage":0,"enemies":"2 Fungi Beasts","floor":13,"turns":2},{"damage":4,"enemies":"Slime Boss","floor":16,"turns":7},{"damage":6,"enemies":"Spheric Guardian","floor":18,"turns":3},{"damage":0,"enemies":"Chosen","floor":19,"turns":4},{"damage":20,"enemies":"Sentry and Sphere","floor":21,"turns":6},{"damage":22,"enemies":"Centurion and Healer","floor":22,"turns":6},{"damage":36,"enemies":"Book of Stabbing","floor":24,"turns":6}],"seed_played":"-4162427706022022356","potions_obtained":[{"floor":3,"key":"SkillPotion"},{"floor":11,"key":"Explosive Potion"}],"is_trial":false,"path_per_floor":["M","?","M","$","M","R","?","R","T","$","E","R","M","?","R","B",null,"M","M","?","M","M","R","E"],"character_chosen":"DEFECT","items_purchased":["Sunder","FearPotion"],"campfire_rested":1,"item_purchase_floors":[4,4],"current_hp_per_floor":[63,45,45,45,40,40,29,29,29,29,33,33,33,33,60,56,83,77,77,77,57,35,35,0],"gold":302,"neow_bonus":"TEN_PERCENT_HP_BONUS","is_prod":false,"is_daily":false,"chose_seed":false,"campfire_upgraded":4,"win_rate":0,"timestamp":1550137737,"path_taken":["M","?","M","$","M","R","?","R","T","$","E","R","M","?","R","BOSS","M","M","?","M","M","R","E"],"build_version":"2019-01-23","purchased_purges":0,"victory":false,"max_hp_per_floor":[82,82,82,82,82,82,82,82,82,82,92,92,92,92,92,92,92,92,92,92,92,92,92,92],"card_choices":[{"not_picked":["Heatsinks","Conserve Battery"],"picked":"Cold Snap","floor":1},{"not_picked":["Conserve Battery","Stack"],"picked":"FTL","floor":3},{"not_picked":["Hello World","Redo"],"picked":"Conserve Battery","floor":5},{"not_picked":["Consume","Redo","Leap"],"picked":"SKIP","floor":11},{"not_picked":["Turbo","Barrage"],"picked":"Compile Driver","floor":13},{"not_picked":["Core Surge","Amplify"],"picked":"Electrodynamics","floor":16},{"not_picked":["Stack","Streamline"],"picked":"Conserve Battery+1","floor":18},{"not_picked":["Barrage","Steam"],"picked":"Beam Cell","floor":19},{"not_picked":["Storm","Redo"],"picked":"Reinforced Body","floor":21},{"not_picked":["Turbo","Fusion","Leap"],"picked":"SKIP","floor":22}],"player_experience":248535,"relics_obtained":[{"floor":9,"key":"Dodecahedron"},{"floor":11,"key":"Pear"}],"event_choices":[{"damage_healed":0,"gold_gain":0,"player_choice":"Success","damage_taken":18,"relics_obtained":["Lantern"],"max_hp_gain":0,"max_hp_loss":0,"event_name":"Scrap Ooze","floor":2,"gold_loss":0},{"damage_healed":0,"gold_gain":75,"player_choice":"Gather Gold","damage_taken":11,"max_hp_gain":0,"max_hp_loss":0,"event_name":"World of Goop","floor":7,"gold_loss":0},{"damage_healed":0,"gold_gain":0,"player_choice":"Ignored","damage_taken":0,"max_hp_gain":0,"max_hp_loss":0,"event_name":"Liars Game","floor":14,"gold_loss":0},{"damage_healed":0,"gold_gain":0,"player_choice":"Read","damage_taken":0,"max_hp_gain":0,"max_hp_loss":0,"event_name":"The Library","floor":20,"gold_loss":0,"cards_obtained":["Hologram"]}],"is_beta":false,"boss_relics":[{"not_picked":["Eternal Feather","Snecko Eye"],"picked":"Sozu"}],"items_purged_floors":[],"is_endless":false,"potions_floor_spawned":[3,11,22],"killed_by":"Book of Stabbing","ascension_level":12}