{"gold_per_floor":[118,118,134,45,10,10,10,10,10,45,62,62,79,104,104,178,178,197,197,176,46,59,85,24,24,49,60,60,74,74,87,87,164,164,181,181,181,191,206,206],"floor_reached":40,"playtime":3408,"items_purged":["Strike_G"],"score":882,"play_id":"cb6bc645-1e39-4da0-8d8d-ba3d915eaf25","local_time":"20190301135810","is_ascension_mode":true,"campfire_choices":[{"data":"Skewer","floor":6,"key":"SMITH"},{"data":"Neutralize","floor":8,"key":"SMITH"},{"data":"Footwork","floor":12,"key":"SMITH"},{"data":"Deadly Poison","floor":15,"key":"SMITH"},{"data":"Wraith Form v2","floor":25,"key":"SMITH"},{"data":"Footwork","floor":28,"key":"SMITH"},{"floor":30,"key":"REST"},{"floor":32,"key":"REST"}],"neow_cost":"TEN_PERCENT_HP_LOSS","seed_source_timestamp":8415648740383,"circlet_count":0,"master_deck":["AscendersBane","Defend_G","Defend_G","Defend_G","Defend_G","Defend_G","Strike_G+1","Survivor+1","Neutralize+1","Tactician","Adrenaline","Skewer+1","Acrobatics","Footwork+1","Leg Sweep","Deadly Poison+1","Dagger Throw","Corpse Explosion","Escape Plan","Prepared","Flechettes","PiercingWail","Glass Knife","Well Laid Plans","Caltrops","Wraith Form v2+1","Footwork+1","Well Laid Plans","Deadly Poison","After Image","Leg Sweep","Cloak And Dagger+1"],"relics":["Ring of the Snake","The Courier","Happy Flower","Pear","Orrery","Bottled Tornado","Lantern","Runic Dome"],"potions_floor_usage":[10,14,20,23],"damage_taken":[{"damage":1,"enemies":"Jaw Worm","floor":1,"turns":5},{"damage":0,"enemies":"2 Louse","floor":3,"turns":2},{"damage":8,"enemies":"Lagavulin","floor":10,"turns":5},{"damage":0,"enemies":"Small Slimes","floor":11,"turns":2},{"damage":0,"enemies":"Red Slaver","floor":13,"turns":1},{"damage":0,"enemies":"Gremlin Nob","floor":14,"turns":3},{"damage":16,"enemies":"Hexaghost","floor":16,"turns":11},{"damage":1,"enemies":"Shell Parasite","floor":18,"turns":7},{"damage":11,"enemies":"2 Thieves","floor":20,"turns":4},{"damage":2,"enemies":"Cultist and Chosen","floor":22,"turns":5},{"damage":12,"enemies":"Gremlin Leader","floor":23,"turns":7},{"damage":2,"enemies":"Centurion and Healer","floor":27,"turns":5},{"damage":7,"enemies":"Snake Plant","floor":29,"turns":4},{"damage":5,"enemies":"Sentry and Sphere","floor":31,"turns":8},{"damage":24,"enemies":"Automaton","floor":33,"turns":13},{"damage":0,"enemies":"Orb Walker","floor":35,"turns":4},{"damage":8,"enemies":"3 Shapes","floor":38,"turns":6},{"damage":33,"enemies":"Transient","floor":39,"turns":6},{"damage":24,"enemies":"Reptomancer","floor":40,"turns":2}],"seed_played":"-8207966246358256474","potions_obtained":[{"floor":3,"key":"PowerPotion"},{"floor":13,"key":"Poison Potion"},{"floor":14,"key":"Weak Potion"},{"floor":16,"key":"SteroidPotion"},{"floor":22,"key":"Poison Potion"},{"floor":33,"key":"LiquidBronze"}],"is_trial":false,"path_per_floor":["M","?","M","$","?","R","?","R","T","E","M","R","M","E","R","B",null,"M","?","M","$","M","E","$","R","T","M","R","M","R","M","R","B",null,"M","?","?","M","M","E"],"character_chosen":"THE_SILENT","items_purchased":["Footwork","Well Laid Plans","Footwork"],"campfire_rested":2,"item_purchase_floors":[4,21,24],"current_hp_per_floor":[58,40,40,40,55,55,55,55,55,47,47,47,47,57,57,41,63,62,62,51,51,49,37,37,37,37,35,35,28,49,44,65,41,63,63,63,63,55,22,0],"gold":206,"neow_bonus":"TRANSFORM_TWO_CARDS","is_prod":false,"is_daily":false,"chose_seed":false,"campfire_upgraded":6,"win_rate":0,"timestamp":1551401890,"path_taken":["M","?","M","$","?","R","?","R","T","E","?","R","M","E","R","BOSS","M","?","?","?","?","E","$","R","T","M","R","M","R","M","R","BOSS","M","?","?","M","?","E"],"build_version":"2019-01-23","purchased_purges":1,"victory":false,"max_hp_per_floor":[60,60,60,60,60,60,60,60,60,60,60,60,60,70,70,70,70,70,70,70,70,70,70,70,70,70,70,70,70,70,70,70,70,70,70,70,70,70,70,70],"card_choices":[{"not_picked":["Dodge and Roll","Quick Slash"],"picked":"Skewer","floor":1},{"not_picked":["Tactician","Cloak And Dagger"],"picked":"Acrobatics","floor":3},{"not_picked":["Underhanded Strike","Catalyst"],"picked":"Leg Sweep","floor":10},{"not_picked":["Finisher","Dagger Throw"],"picked":"Deadly Poison","floor":11},{"not_picked":["Choke","Prepared"],"picked":"Dagger Throw","floor":13},{"not_picked":["Quick Slash","Envenom","Riddle With Holes"],"picked":"SKIP","floor":14},{"not_picked":["Night Terror","Bullet Time"],"picked":"Corpse Explosion","floor":16},{"not_picked":["Terror","Dodge and Roll"],"picked":"Escape Plan","floor":17},{"not_picked":["Outmaneuver","Quick Slash"],"picked":"Prepared","floor":17},{"not_picked":["Outmaneuver","Backflip"],"picked":"Flechettes","floor":17},{"not_picked":["Quick Slash","Distraction"],"picked":"PiercingWail","floor":18},{"not_picked":["Slice","Underhanded Strike","Terror"],"picked":"SKIP","floor":20},{"not_picked":["Underhanded Strike+1","Blade Dance"],"picked":"Caltrops","floor":22},{"not_picked":["Flechettes","Deadly Poison"],"picked":"Wraith Form v2","floor":23},{"not_picked":["Blade Dance","Bane"],"picked":"Well Laid Plans","floor":27},{"not_picked":["Choke","Acrobatics"],"picked":"Escape Plan","floor":29},{"not_picked":["Flying Knee","PiercingWail"],"picked":"Deadly Poison","floor":31},{"not_picked":["Corpse Explosion","Die Die Die"],"picked":"After Image","floor":33},{"not_picked":["Dagger Spray+1","Deadly Poison","Eviscerate"],"picked":"SKIP","floor":35},{"not_picked":["Finisher","Sucker Punch"],"picked":"Leg Sweep","floor":38},{"not_picked":["Outmaneuver","Bane"],"picked":"Cloak And Dagger+1","floor":39}],"player_experience":512734,"relics_obtained":[{"floor":9,"key":"The Courier"},{"floor":10,"key":"Happy Flower"},{"floor":14,"key":"Pear"},{"floor":23,"key":"Bottled Tornado"},{"floor":26,"key":"Lantern"}],"event_choices":[{"damage_healed":0,"gold_gain":0,"player_choice":"Entered Light","damage_taken":18,"max_hp_gain":0,"max_hp_loss":0,"event_name":"Shining Light","floor":2,"gold_loss":0,"cards_upgraded":["Strike_G","Survivor"]},{"damage_healed":15,"gold_gain":0,"player_choice":"Healed","damage_taken":0,"max_hp_gain":0,"max_hp_loss":0,"event_name":"The Cleric","floor":5,"gold_loss":35},{"damage_healed":0,"gold_gain":0,"player_choice":"Searched \u00270\u0027 times","damage_taken":0,"max_hp_gain":0,"max_hp_loss":0,"event_name":"Dead Adventurer","floor":7,"gold_loss":0},{"damage_healed":0,"gold_gain":0,"cards_transformed":["Strike_G"],"player_choice":"Transformed","damage_taken":0,"max_hp_gain":0,"max_hp_loss":0,"event_name":"Transmorgrifier","floor":19,"gold_loss":0,"cards_obtained":["Glass Knife"]},{"cards_removed":["Escape Plan"],"damage_healed":0,"gold_gain":0,"player_choice":"Removed Skill","damage_taken":0,"max_hp_gain":0,"max_hp_loss":0,"event_name":"Falling","floor":36,"gold_loss":0},{"damage_healed":0,"gold_gain":0,"player_choice":"Ignored","damage_taken":0,"max_hp_gain":0,"max_hp_loss":0,"event_name":"Mysterious Sphere","floor":37,"gold_loss":0}],"is_beta":false,"boss_relics":[{"not_picked":["Eternal Feather","Pandora\u0027s Box"],"picked":"Orrery"},{"not_picked":["Ring of the Serpent","Empty Cage"],"picked":"Runic Dome"}],"items_purged_floors":[21],"is_endless":false,"potions_floor_spawned":[3,13,14,16,18,22,33,38],"killed_by":"Reptomancer","ascension_level":20}