{"gold_per_floor":[119,138,150,100,115,115,115,115,115,141,159,173,205,218,218,319,319,336,348,348,46,71,100,100,100,150,180,191,13,44,61,61,160,160,172,184,195,242,342,342,369,369,369,395,617,652,672,53,53,53],"floor_reached":51,"playtime":4943,"items_purged":["Defend_B","Shame","Shame"],"score":1076,"play_id":"3431d1bb-3735-4f11-a75e-1b8eac251eb2","local_time":"20190201170345","is_ascension_mode":true,"campfire_choices":[{"data":"Zap","floor":6,"key":"SMITH"},{"data":"Redo","floor":15,"key":"SMITH"},{"data":"Dualcast","floor":24,"key":"SMITH"},{"data":"Electrodynamics","floor":32,"key":"SMITH"},{"data":"Seek","floor":40,"key":"SMITH"},{"data":"Steam Power","floor":42,"key":"SMITH"},{"floor":49,"key":"DIG"}],"neow_cost":"PERCENT_DAMAGE","seed_source_timestamp":4460087590201,"circlet_count":0,"master_deck":["Defend_B","Defend_B","Defend_B+1","Zap+1","Dualcast+1","Rebound+1","Conserve Battery","Go for the Eyes+1","Go for the Eyes+1","All For One+1","Redo+1","Gash+1","Ball Lightning+1","Electrodynamics+1","Conserve Battery+1","Gash+1","Doom and Gloom+1","Beam Cell+1","FTL+1","Turbo","Coolheaded+1","Steam Power+1","Compile Driver+1","Seek+1","Hologram+1","Gash+1","Reboot+1","Steam+1","Blind+1","Hologram+1"],"relics":["Cracked Core","Molten Egg 2","Whetstone","Shuriken","Cursed Key","War Paint","Red Mask","Bronze Scales","Art of War","Centennial Puzzle","Bag of Marbles","Black Star","FossilizedHelix","Shovel","Anchor","Toxic Egg 2","Bottled Lightning","Bottled Tornado","Happy Flower","Pantograph","Lantern","Nunchaku","Gremlin Horn"],"potions_floor_usage":[5,10,13,22,23,23,38,41],"damage_taken":[{"damage":2,"enemies":"Jaw Worm","floor":1,"turns":4},{"damage":4,"enemies":"Small Slimes","floor":2,"turns":3},{"damage":1,"enemies":"Cultist","floor":3,"turns":3},{"damage":14,"enemies":"Exordium Wildlife","floor":5,"turns":6},{"damage":15,"enemies":"Gremlin Nob","floor":10,"turns":4},{"damage":7,"enemies":"Exordium Thugs","floor":11,"turns":5},{"damage":3,"enemies":"3 Louse","floor":12,"turns":2},{"damage":13,"enemies":"3 Sentries","floor":13,"turns":5},{"damage":0,"enemies":"Blue Slaver","floor":14,"turns":3},{"damage":5,"enemies":"The Guardian","floor":16,"turns":8},{"damage":2,"enemies":"Chosen","floor":18,"turns":3},{"damage":3,"enemies":"2 Thieves","floor":19,"turns":3},{"damage":8,"enemies":"Masked Bandits","floor":22,"turns":3},{"damage":0,"enemies":"Slavers","floor":23,"turns":1},{"damage":0,"enemies":"Gremlin Leader","floor":27,"turns":3},{"damage":3,"enemies":"Cultist and Chosen","floor":28,"turns":2},{"damage":0,"enemies":"Book of Stabbing","floor":30,"turns":4},{"damage":1,"enemies":"Chosen and Byrds","floor":31,"turns":2},{"damage":43,"enemies":"Champ","floor":33,"turns":6},{"damage":0,"enemies":"3 Darklings","floor":35,"turns":2},{"damage":0,"enemies":"Orb Walker","floor":36,"turns":2},{"damage":2,"enemies":"4 Shapes","floor":37,"turns":2},{"damage":12,"enemies":"2 Orb Walkers","floor":38,"turns":2},{"damage":12,"enemies":"Mind Bloom Boss Battle","floor":39,"turns":3},{"damage":0,"enemies":"Giant Head","floor":41,"turns":5},{"damage":0,"enemies":"Nemesis","floor":44,"turns":3},{"damage":0,"enemies":"Reptomancer","floor":46,"turns":3},{"damage":0,"enemies":"Maw","floor":47,"turns":4},{"damage":0,"enemies":"Awakened One","floor":50,"turns":5}],"seed_played":"-3882429442715919313","potions_obtained":[{"floor":1,"key":"Weak Potion"},{"floor":2,"key":"FocusPotion"},{"floor":10,"key":"Regen Potion"},{"floor":11,"key":"Fire Potion"},{"floor":14,"key":"Regen Potion"},{"floor":20,"key":"PowerPotion"},{"floor":20,"key":"FocusPotion"},{"floor":27,"key":"AttackPotion"},{"floor":28,"key":"Energy Potion"},{"floor":30,"key":"SteroidPotion"},{"floor":33,"key":"Regen Potion"},{"floor":35,"key":"PowerPotion"},{"floor":44,"key":"Weak Potion"},{"floor":46,"key":"Explosive Potion"}],"is_trial":false,"path_per_floor":["M","M","M","?","M","R","?","?","T","E","M","M","E","M","R","B",null,"M","M","?","$","?","E","R","$","T","E","M","$","E","M","R","B",null,"M","M","M","?","?","R","E","R","T","E","?","E","M","$","R","B",null],"character_chosen":"DEFECT","items_purchased":["Doom and Gloom+1","War Paint","Steam Power","Steam+1","Nunchaku","Blind+1","Hologram+1"],"campfire_rested":0,"item_purchase_floors":[21,21,29,48,48,48,48],"current_hp_per_floor":[52,48,47,47,33,33,26,75,75,60,53,50,51,51,51,46,75,73,70,70,70,62,62,62,62,62,62,59,59,59,58,58,15,75,75,75,73,61,49,49,49,49,49,49,49,49,49,49,49,74],"gold":53,"neow_bonus":"REMOVE_TWO","is_prod":false,"is_daily":false,"chose_seed":false,"campfire_upgraded":6,"win_rate":1,"timestamp":1548993825,"path_taken":["M","M","M","?","M","R","?","?","T","E","M","M","E","M","R","BOSS","M","?","?","?","?","E","R","$","T","E","M","$","E","?","R","BOSS","M","M","M","?","?","R","E","R","T","E","?","E","M","$","R","BOSS"],"build_version":"2019-01-23","purchased_purges":3,"victory":true,"max_hp_per_floor":[75,75,75,75,75,75,75,75,75,75,75,75,75,75,75,75,75,75,75,75,75,75,75,75,75,75,75,75,75,75,75,75,75,75,75,75,75,75,75,75,75,75,75,75,75,75,75,75,75,75],"card_choices":[{"not_picked":["Tempest","Undo"],"picked":"Rebound","floor":1},{"not_picked":["Force Field","Stack","Double Energy"],"picked":"SKIP","floor":2},{"not_picked":["Turbo","Coolheaded"],"picked":"Conserve Battery","floor":3},{"not_picked":["Rebound","Coolheaded"],"picked":"Go for the Eyes","floor":5},{"not_picked":["Beam Cell+1","Tempest"],"picked":"Go for the Eyes+1","floor":10},{"not_picked":["Compile Driver+1","Capacitor"],"picked":"All For One+1","floor":11},{"not_picked":["Turbo","Compile Driver+1"],"picked":"Redo","floor":12},{"not_picked":["Blizzard+1","Undo"],"picked":"Gash+1","floor":13},{"not_picked":["Loop","Darkness"],"picked":"Ball Lightning+1","floor":14},{"not_picked":["Multi-Cast","Creative AI"],"picked":"Electrodynamics","floor":16},{"not_picked":["Compile Driver+1","Rebound+1"],"picked":"Conserve Battery","floor":18},{"not_picked":["Consume+1","Ball Lightning+1"],"picked":"Gash+1","floor":19},{"not_picked":["Storm+1","Barrage+1"],"picked":"Beam Cell+1","floor":22},{"not_picked":["Cold Snap+1","Steam+1"],"picked":"FTL+1","floor":23},{"not_picked":["Conserve Battery","Multi-Cast"],"picked":"Turbo","floor":27},{"not_picked":["Redo","Beam Cell+1"],"picked":"Coolheaded+1","floor":28},{"not_picked":["Self Repair","Melter+1","Recycle"],"picked":"SKIP","floor":30},{"not_picked":["Coolheaded","Steam"],"picked":"Compile Driver+1","floor":31},{"not_picked":["Core Surge+1","Fission"],"picked":"Seek","floor":33},{"not_picked":["Go for the Eyes+1","Recycle+1","Coolheaded"],"picked":"SKIP","floor":35},{"not_picked":["Hello World+1","Recycle","Blizzard+1"],"picked":"SKIP","floor":36},{"not_picked":["Chill","Rebound+1","Reinforced Body+1"],"picked":"SKIP","floor":37},{"not_picked":["Go for the Eyes+1","Defragment"],"picked":"Hologram","floor":41},{"not_picked":["Genetic Algorithm+1","Double Energy+1"],"picked":"Gash+1","floor":44},{"not_picked":["Turbo+1","Fusion+1"],"picked":"Reboot+1","floor":46},{"not_picked":["Redo+1","Undo+1","Compile Driver+1"],"picked":"SKIP","floor":47}],"player_experience":137438,"relics_obtained":[{"floor":9,"key":"Molten Egg 2"},{"floor":10,"key":"Whetstone"},{"floor":13,"key":"Shuriken"},{"floor":22,"key":"Red Mask"},{"floor":23,"key":"Bronze Scales"},{"floor":26,"key":"Art of War"},{"floor":27,"key":"Centennial Puzzle"},{"floor":30,"key":"Bag of Marbles"},{"floor":38,"key":"FossilizedHelix"},{"floor":39,"key":"Shovel"},{"floor":41,"key":"Anchor"},{"floor":41,"key":"Toxic Egg 2"},{"floor":43,"key":"Bottled Lightning"},{"floor":44,"key":"Bottled Tornado"},{"floor":44,"key":"Happy Flower"},{"floor":46,"key":"Pantograph"},{"floor":46,"key":"Lantern"},{"floor":49,"key":"Gremlin Horn"}],"event_choices":[{"cards_removed":["Strike_B"],"damage_healed":0,"gold_gain":0,"player_choice":"Card Removal","damage_taken":0,"max_hp_gain":0,"max_hp_loss":0,"event_name":"The Cleric","floor":4,"gold_loss":50},{"cards_removed":["Strike_B"],"damage_healed":0,"gold_gain":0,"player_choice":"Card Removal","damage_taken":7,"max_hp_gain":0,"max_hp_loss":0,"event_name":"Golden Wing","floor":7,"gold_loss":0},{"damage_healed":49,"gold_gain":0,"player_choice":"Full Heal","damage_taken":0,"max_hp_gain":0,"max_hp_loss":0,"event_name":"Wheel of Change","floor":8,"gold_loss":0},{"damage_healed":0,"gold_gain":0,"player_choice":"Got Potions","damage_taken":0,"max_hp_gain":0,"max_hp_loss":0,"event_name":"Lab","floor":20,"gold_loss":0},{"damage_healed":0,"gold_gain":0,"player_choice":"Fought Bandits","damage_taken":0,"max_hp_gain":0,"max_hp_loss":0,"event_name":"Masked Bandits","floor":22,"gold_loss":0},{"damage_healed":0,"gold_gain":0,"player_choice":"Fight","damage_taken":0,"max_hp_gain":0,"max_hp_loss":0,"event_name":"Mysterious Sphere","floor":38,"gold_loss":0},{"damage_healed":0,"gold_gain":0,"player_choice":"Fight","damage_taken":0,"max_hp_gain":0,"max_hp_loss":0,"event_name":"MindBloom","floor":39,"gold_loss":0},{"damage_healed":0,"gold_gain":222,"player_choice":"Wore Mask","damage_taken":0,"max_hp_gain":0,"max_hp_loss":0,"event_name":"Tomb of Lord Red Mask","floor":45,"gold_loss":0}],"is_beta":false,"boss_relics":[{"not_picked":["Ectoplasm","Fusion Hammer"],"picked":"Cursed Key"},{"not_picked":["Sozu","Pandora\u0027s Box"],"picked":"Black Star"}],"items_purged_floors":[21,29,48],"is_endless":false,"potions_floor_spawned":[1,2,10,11,14,27,28,30,33,35,36,44,46],"ascension_level":2}