{"gold_per_floor":[112,77,89,164,179,179,211,222,222,222,60,76,104,104,104,104],"floor_reached":16,"playtime":832,"items_purged":["Strike_R"],"score":245,"play_id":"a4f66d44-7533-4c38-adc2-33f54263331c","local_time":"20190221214938","is_ascension_mode":true,"campfire_choices":[{"data":"Clothesline","floor":6,"key":"SMITH"},{"floor":10,"key":"REST"},{"data":"Uppercut","floor":15,"key":"SMITH"}],"neow_cost":"PERCENT_DAMAGE","seed_source_timestamp":10653246229624,"circlet_count":0,"master_deck":["AscendersBane","Strike_R","Strike_R","Strike_R","Strike_R","Defend_R","Defend_R","Defend_R","Defend_R","Bash","Clothesline+1","Feed","Twin Strike","Uppercut+1","Disarm","Armaments","Whirlwind"],"relics":["Burning Blood","Gremlin Horn","Pear","Mummified Hand","Boot"],"potions_floor_usage":[13],"damage_taken":[{"damage":18,"enemies":"Jaw Worm","floor":1,"turns":6},{"damage":9,"enemies":"Small Slimes","floor":3,"turns":5},{"damage":1,"enemies":"Cultist","floor":5,"turns":3},{"damage":60,"enemies":"3 Sentries","floor":7,"turns":10},{"damage":15,"enemies":"Gremlin Gang","floor":8,"turns":6},{"damage":8,"enemies":"Large Slime","floor":12,"turns":7},{"damage":24,"enemies":"Gremlin Nob","floor":13,"turns":4},{"damage":34,"enemies":"Slime Boss","floor":16,"turns":6}],"seed_played":"-2653407818703597674","potions_obtained":[{"floor":5,"key":"Swift Potion"},{"floor":8,"key":"FearPotion"}],"is_trial":false,"path_per_floor":["M","?","M","?","M","R","E","M","T","R","$","M","E","?","R","B"],"character_chosen":"IRONCLAD","items_purchased":["Disarm"],"campfire_rested":1,"item_purchase_floors":[11],"current_hp_per_floor":[52,74,71,60,68,68,14,8,18,49,49,50,32,32,32,0],"gold":104,"neow_bonus":"TWENTY_PERCENT_HP_BONUS","is_prod":false,"is_daily":false,"chose_seed":false,"campfire_upgraded":2,"win_rate":0,"timestamp":1550738978,"path_taken":["M","?","M","?","M","R","E","M","T","R","$","M","E","?","R","BOSS"],"build_version":"2019-01-23","purchased_purges":1,"victory":false,"max_hp_per_floor":[89,89,89,89,92,92,92,95,105,105,105,108,108,108,108,108],"card_choices":[{"not_picked":["Flex","Burning Pact"],"picked":"Clothesline","floor":1},{"not_picked":["Clothesline","Havoc"],"picked":"Feed","floor":3},{"not_picked":["Clash","Infernal Blade"],"picked":"Twin Strike","floor":5},{"not_picked":["Flex","Body Slam","Twin Strike"],"picked":"SKIP","floor":7},{"not_picked":["Flex","Havoc"],"picked":"Uppercut","floor":8},{"not_picked":["Body Slam","Cleave"],"picked":"Armaments","floor":12},{"not_picked":["Warcry","Dual Wield"],"picked":"Whirlwind","floor":13}],"player_experience":388516,"relics_obtained":[{"floor":7,"key":"Gremlin Horn"},{"floor":9,"key":"Pear"},{"floor":13,"key":"Mummified Hand"}],"event_choices":[{"damage_healed":22,"gold_gain":0,"player_choice":"Healed","damage_taken":0,"max_hp_gain":0,"max_hp_loss":0,"event_name":"The Cleric","floor":2,"gold_loss":35},{"damage_healed":0,"gold_gain":75,"player_choice":"Gather Gold","damage_taken":11,"max_hp_gain":0,"max_hp_loss":0,"event_name":"World of Goop","floor":4,"gold_loss":0},{"damage_healed":0,"gold_gain":0,"player_choice":"Gave Potion","damage_taken":0,"relics_obtained":["Boot"],"max_hp_gain":0,"max_hp_loss":0,"event_name":"WeMeetAgain","floor":14,"gold_loss":0}],"is_beta":false,"boss_relics":[],"items_purged_floors":[11],"is_endless":false,"potions_floor_spawned":[5,8,12],"killed_by":"Slime Boss","ascension_level":20}