{"gold_per_floor":[114,129,144,55,70,100,115,115,140,140,215,165,180,212,212,312,312,327,342,342,357,57,57,87,87,112,127,142,142,157,172,172,272,272,287,302,317,317,332,362,362,96,96,96,111,111,126,141,141,141],"floor_reached":51,"playtime":2121,"items_purged":[],"score":1130,"play_id":"a72ee6b5-e1cf-4d9c-8cb3-57b556cb37fc","local_time":"20180712023628","daily_mods":["Heirloom","Uncertain Future","Lethality"],"is_ascension_mode":false,"campfire_choices":[{"floor":8,"key":"DIG"},{"floor":10,"key":"DIG"},{"floor":15,"key":"DIG"},{"floor":23,"key":"DIG"},{"floor":29,"key":"DIG"},{"floor":32,"key":"DIG"},{"floor":46,"key":"DIG"},{"floor":49,"key":"DIG"}],"neow_cost":"","seed_source_timestamp":0,"circlet_count":0,"master_deck":["Defend_G","Defend_G","Defend_G","Defend_G","Strike_G","Strike_G","Strike_G","Survivor","Neutralize","Poisoned Stab","Dash","Dagger Spray+1","Infinite Blades","Sucker Punch+1","Sucker Punch","Dash","Quick Slash","Backflip","Cloak And Dagger","Envenom","Dagger Spray+1","Malaise+1","Eviscerate","Predator","Backflip","Reflex","Tools of the Trade","Dagger Spray","Predator+1","Underhanded Strike","Writhe","Leg Sweep+1","Calculated Gamble+1","Noxious Fumes","Magnetism","Acrobatics+1","Riddle With Holes+1","Calculated Gamble"],"special_seed":17723,"relics":["Ring of the Snake","Du-Vu Doll","Shovel","Whetstone","Potion Belt","Singing Bowl","Dream Catcher","Lantern","Snecko Eye","Gambling Chip","Ancient Tea Set","Happy Flower","Orichalcum","Letter Opener","Gremlin Horn","Coffee Dripper","Kunai","Ice Cream","Tingsha","Bag of Marbles","Pen Nib"],"potions_floor_usage":[6,16,16,19,24,24,24,33,33,40,40,50,50,50,50,50],"damage_taken":[{"damage":3,"enemies":"Small Slimes","floor":1,"turns":3},{"damage":1,"enemies":"Jaw Worm","floor":2,"turns":2},{"damage":0,"enemies":"2 Louse","floor":3,"turns":1},{"damage":4,"enemies":"Looter","floor":5,"turns":3},{"damage":5,"enemies":"3 Sentries","floor":6,"turns":6},{"damage":1,"enemies":"2 Fungi Beasts","floor":7,"turns":2},{"damage":0,"enemies":"3 Louse","floor":13,"turns":1},{"damage":21,"enemies":"Lagavulin Event","floor":14,"turns":5},{"damage":0,"enemies":"Hexaghost","floor":16,"turns":9},{"damage":2,"enemies":"Chosen","floor":18,"turns":4},{"damage":3,"enemies":"Shell Parasite","floor":19,"turns":3},{"damage":0,"enemies":"Snecko","floor":21,"turns":4},{"damage":12,"enemies":"Gremlin Leader","floor":24,"turns":3},{"damage":10,"enemies":"Sentry and Sphere","floor":27,"turns":4},{"damage":0,"enemies":"3 Cultists","floor":28,"turns":2},{"damage":0,"enemies":"Centurion and Healer","floor":30,"turns":3},{"damage":5,"enemies":"Snake Plant","floor":31,"turns":3},{"damage":0,"enemies":"Automaton","floor":33,"turns":5},{"damage":0,"enemies":"Orb Walker","floor":35,"turns":3},{"damage":0,"enemies":"3 Darklings","floor":36,"turns":2},{"damage":2,"enemies":"4 Shapes","floor":37,"turns":3},{"damage":12,"enemies":"Maw","floor":39,"turns":5},{"damage":8,"enemies":"Nemesis","floor":40,"turns":5},{"damage":0,"floor":44,"turns":4},{"damage":0,"enemies":"Sphere and 2 Shapes","floor":45,"turns":2},{"damage":0,"enemies":"3 Darklings","floor":47,"turns":1},{"damage":0,"enemies":"Maw","floor":48,"turns":3},{"damage":0,"enemies":"Donu and Deca","floor":50,"turns":5}],"seed_played":"-1904894230533814690","potions_obtained":[{"floor":2,"key":"AttackPotion"},{"floor":7,"key":"Explosive Potion"},{"floor":13,"key":"SpeedPotion"},{"floor":14,"key":"GhostInAJar"},{"floor":16,"key":"SkillPotion"},{"floor":18,"key":"PowerPotion"},{"floor":21,"key":"AttackPotion"},{"floor":27,"key":"PowerPotion"},{"floor":31,"key":"EssenceOfSteel"},{"floor":33,"key":"SkillPotion"},{"floor":40,"key":"EssenceOfSteel"},{"floor":44,"key":"LiquidBronze"},{"floor":45,"key":"GhostInAJar"},{"floor":47,"key":"PowerPotion"},{"floor":48,"key":"Explosive Potion"}],"is_trial":false,"path_per_floor":["M","M","M","$","M","E","M","R","T","R","?","?","M","?","R","B",null,"M","M","?","M","$","R","E","?","T","M","M","R","M","M","R","B",null,"M","M","M","?","M","E","?","$","T","?","M","R","M","M","R","B"],"character_chosen":"THE_SILENT","items_purchased":["Infinite Blades","Sucker Punch","Gambling Chip","Noxious Fumes","Magnetism"],"campfire_rested":0,"item_purchase_floors":[4,4,22,42,42],"current_hp_per_floor":[67,66,66,66,62,57,56,56,56,56,45,45,45,24,24,24,70,68,67,67,67,67,67,57,57,57,47,47,47,49,44,44,44,76,76,76,74,76,64,56,56,56,56,56,58,58,58,58,58,58],"gold":141,"neow_bonus":"","is_prod":false,"is_daily":true,"chose_seed":false,"campfire_upgraded":0,"win_rate":0,"timestamp":1531319788,"path_taken":["M","M","M","$","M","E","M","R","T","R","?","?","M","?","R","BOSS","M","M","?","M","$","R","E","?","T","M","M","R","?","M","R","BOSS","M","M","M","?","M","E","?","$","T","?","M","R","M","M","R","BOSS"],"build_version":"2018-07-05","purchased_purges":0,"victory":true,"max_hp_per_floor":[70,70,70,70,70,70,70,70,70,70,70,70,70,70,70,70,70,70,72,72,72,72,72,74,74,74,74,74,74,76,76,76,76,76,76,76,76,76,76,76,76,76,76,76,78,78,78,78,78,78],"card_choices":[{"not_picked":["Deadly Poison","PiercingWail"],"picked":"Poisoned Stab","floor":1},{"not_picked":["Infinite Blades","PiercingWail"],"picked":"Dash","floor":2},{"not_picked":["Flying Knee","Masterful Stab"],"picked":"Dagger Spray","floor":3},{"not_picked":["Endless Agony","Infinite Blades"],"picked":"Sucker Punch","floor":5},{"not_picked":["Venomology","Outmaneuver"],"picked":"Dash","floor":6},{"not_picked":["Slice","Bane"],"picked":"Quick Slash","floor":7},{"not_picked":["Catalyst","Masterful Stab"],"picked":"Backflip","floor":13},{"not_picked":["Outmaneuver","Sucker Punch"],"picked":"Cloak And Dagger","floor":14},{"not_picked":["Die Die Die","Night Terror"],"picked":"Envenom","floor":16},{"not_picked":["Poisoned Stab","Finisher"],"picked":"Dagger Spray+1","floor":18},{"not_picked":["Slice+1","PiercingWail","Deadly Poison"],"picked":"Singing Bowl","floor":19},{"not_picked":["Quick Slash","Dagger Throw+1"],"picked":"Malaise+1","floor":21},{"not_picked":["Slice+1","Dagger Throw","Well Laid Plans"],"picked":"Singing Bowl","floor":24},{"not_picked":["Calculated Gamble","Bouncing Flask"],"picked":"Predator","floor":27},{"not_picked":["Wraith Form v2","Deflect"],"picked":"Backflip","floor":28},{"not_picked":["Poisoned Stab+1","Prepared","Deadly Poison"],"picked":"Singing Bowl","floor":30},{"not_picked":["Dodge and Roll","Deflect"],"picked":"Reflex","floor":31},{"not_picked":["Die Die Die","Venomology"],"picked":"Tools of the Trade","floor":33},{"not_picked":["Deadly Poison+1","Reflex"],"picked":"Dagger Spray","floor":35},{"not_picked":["Flying Knee+1","Sucker Punch"],"picked":"Predator+1","floor":36},{"not_picked":["Quick Slash","Concentrate"],"picked":"Underhanded Strike","floor":37},{"not_picked":["Backflip","Predator"],"picked":"Leg Sweep+1","floor":39},{"not_picked":["PiercingWail","A Thousand Cuts"],"picked":"Calculated Gamble+1","floor":40},{"not_picked":["Outmaneuver+1","Sucker Punch"],"picked":"Acrobatics+1","floor":44},{"not_picked":["Deadly Poison+1","PiercingWail","Outmaneuver+1"],"picked":"Singing Bowl","floor":45},{"not_picked":["Deadly Poison","Outmaneuver"],"picked":"Riddle With Holes+1","floor":47},{"not_picked":["Escape Plan","Bane+1"],"picked":"Calculated Gamble","floor":48}],"player_experience":283477,"relics_obtained":[{"floor":6,"key":"Shovel"},{"floor":8,"key":"Whetstone"},{"floor":9,"key":"Potion Belt"},{"floor":10,"key":"Singing Bowl"},{"floor":14,"key":"Dream Catcher"},{"floor":15,"key":"Lantern"},{"floor":23,"key":"Ancient Tea Set"},{"floor":24,"key":"Happy Flower"},{"floor":26,"key":"Orichalcum"},{"floor":29,"key":"Letter Opener"},{"floor":32,"key":"Gremlin Horn"},{"floor":40,"key":"Kunai"},{"floor":43,"key":"Ice Cream"},{"floor":44,"key":"Tingsha"},{"floor":46,"key":"Bag of Marbles"},{"floor":49,"key":"Pen Nib"}],"event_choices":[{"event_name":"World of Goop","player_choice":"Gather Gold","floor":11,"damage_taken":0},{"event_name":"The Cleric","player_choice":"Card Removal","floor":12,"damage_taken":0},{"event_name":"Dead Adventurer","player_choice":"Searched \u00272\u0027 times","floor":14,"damage_taken":0},{"event_name":"Purifier","player_choice":"One Purge","floor":20,"damage_taken":0},{"event_name":"Transmorgrifier","player_choice":"Transform","floor":25,"damage_taken":0},{"event_name":"Winding Halls","player_choice":"Writhe","floor":38,"damage_taken":0},{"event_name":"SecretPortal","player_choice":"Rejected Portal.","floor":41,"damage_taken":0},{"event_name":"MindBloom","player_choice":"Fight","floor":44,"damage_taken":0}],"boss_relics":[{"not_picked":["Sozu","Runic Pyramid"],"picked":"Snecko Eye"},{"not_picked":["Orrery","Pandora\u0027s Box"],"picked":"Coffee Dripper"}],"items_purged_floors":[],"is_endless":false,"potions_floor_spawned":[2,7,13,14,16,18,21,27,31,33,40,44,45,47,48],"ascension_level":0}