{"gold_per_floor":[118,130,55,55,73,73,73,73,73,73,18,59,75,93,93,93],"floor_reached":16,"playtime":696,"items_purged":["Regret"],"score":200,"play_id":"c582f66a-bca4-436d-9d01-1aee2a6d963d","local_time":"20190228203016","is_ascension_mode":true,"campfire_choices":[{"data":"Neutralize","floor":6,"key":"SMITH"},{"data":"Footwork","floor":8,"key":"SMITH"},{"floor":10,"key":"REST"},{"data":"Deadly Poison","floor":15,"key":"SMITH"}],"neow_cost":"CURSE","seed_source_timestamp":29684371972795,"circlet_count":0,"master_deck":["AscendersBane","Defend_G","Defend_G","Defend_G","Defend_G","Defend_G","Strike_G","Strike_G","Strike_G","Strike_G","Strike_G","Survivor","Neutralize+1","Dodge and Roll","Footwork+1","Backstab","Deadly Poison+1","Riddle With Holes","Predator","Deadly Poison"],"relics":["Ring of the Snake","Du-Vu Doll","Golden Idol","Bottled Tornado","Singing Bowl"],"potions_floor_usage":[12,16,16],"damage_taken":[{"damage":15,"enemies":"Jaw Worm","floor":1,"turns":5},{"damage":0,"enemies":"2 Louse","floor":2,"turns":3},{"damage":6,"enemies":"Small Slimes","floor":5,"turns":5},{"damage":6,"enemies":"3 Sentries","floor":12,"turns":13},{"damage":3,"enemies":"Looter","floor":13,"turns":4},{"damage":0,"enemies":"Large Slime","floor":14,"turns":5},{"damage":38,"enemies":"Slime Boss","floor":16,"turns":6}],"seed_played":"-8307771447373619815","potions_obtained":[{"floor":2,"key":"PowerPotion"},{"floor":5,"key":"EssenceOfSteel"},{"floor":13,"key":"Explosive Potion"}],"is_trial":false,"path_per_floor":["M","M","$","?","M","R","?","R","T","R","$","E","M","M","R","B"],"character_chosen":"THE_SILENT","items_purchased":["Deadly Poison"],"campfire_rested":1,"item_purchase_floors":[11],"current_hp_per_floor":[44,44,44,49,43,43,19,19,19,40,40,34,31,31,31,0],"gold":93,"neow_bonus":"ONE_RARE_RELIC","is_prod":false,"is_daily":false,"chose_seed":false,"campfire_upgraded":3,"win_rate":0,"timestamp":1551339016,"path_taken":["M","M","$","?","M","R","?","R","T","R","$","E","M","M","R","BOSS"],"build_version":"2019-01-23","purchased_purges":1,"victory":false,"max_hp_per_floor":[66,66,66,71,71,71,71,71,71,71,71,71,71,71,71,71],"card_choices":[{"not_picked":["Distraction","Acrobatics"],"picked":"Dodge and Roll","floor":1},{"not_picked":["Deadly Poison","Skewer"],"picked":"Footwork","floor":2},{"not_picked":["PiercingWail","Quick Slash"],"picked":"Backstab","floor":5},{"not_picked":["Distraction","Noxious Fumes"],"picked":"Riddle With Holes","floor":12},{"not_picked":["Concentrate","Bane"],"picked":"Predator","floor":13},{"not_picked":["Dagger Throw","Backflip"],"picked":"Deadly Poison","floor":14}],"player_experience":494881,"relics_obtained":[{"floor":9,"key":"Bottled Tornado"},{"floor":12,"key":"Singing Bowl"}],"event_choices":[{"damage_healed":0,"gold_gain":0,"player_choice":"Donut","damage_taken":0,"max_hp_gain":5,"max_hp_loss":0,"event_name":"Big Fish","floor":4,"gold_loss":0},{"damage_healed":0,"gold_gain":0,"player_choice":"Take Damage","damage_taken":24,"relics_obtained":["Golden Idol"],"max_hp_gain":0,"max_hp_loss":0,"event_name":"Golden Idol","floor":7,"gold_loss":0}],"is_beta":false,"boss_relics":[],"items_purged_floors":[3],"is_endless":false,"potions_floor_spawned":[2,5,13],"killed_by":"Slime Boss","ascension_level":20}