{"gold_per_floor":[119,119,138,68,83,111,130,159,159,178,189,202,213,244,244,343,343,359,359,458,473,57,57,57,57],"floor_reached":25,"playtime":732,"items_purged":["Shame"],"score":293,"play_id":"3169f4b8-d52a-40d1-933d-f4fcfb804349","local_time":"20181125180842","is_ascension_mode":true,"campfire_choices":[{"floor":15,"key":"REST"},{"data":"Secret Weapon","floor":23,"key":"SMITH"}],"neow_cost":"NONE","seed_source_timestamp":6349593136678,"circlet_count":0,"master_deck":["Strike_B+1","Strike_B+1","Strike_B+1","Strike_B+1","Defend_B+1","Defend_B+1","Defend_B+1","Defend_B+1","Zap","Dualcast","Ball Lightning","Go for the Eyes","Ball Lightning","BootSequence","Electrodynamics","Steam","Steam","Leap","Cold Snap","Genetic Algorithm","Compile Driver","Echo Form","Parasite","Parasite","Chill","Echo Form","Steam","Secret Weapon+1"],"relics":["Cracked Core","Anchor","Whetstone","Dead Branch","Ancient Tea Set","Calling Bell","Vajra","Singing Bowl","Unceasing Top","MutagenicStrength"],"potions_floor_usage":[6,8,14,16],"damage_taken":[{"damage":10,"enemies":"Small Slimes","floor":1,"turns":2},{"damage":6,"enemies":"Cultist","floor":3,"turns":3},{"damage":0,"enemies":"Jaw Worm","floor":5,"turns":2},{"damage":10,"enemies":"3 Sentries","floor":6,"turns":5},{"damage":0,"enemies":"2 Fungi Beasts","floor":7,"turns":2},{"damage":6,"enemies":"Gremlin Nob","floor":8,"turns":3},{"damage":1,"enemies":"Looter","floor":10,"turns":2},{"damage":0,"enemies":"Exordium Wildlife","floor":11,"turns":3},{"damage":0,"enemies":"Large Slime","floor":12,"turns":3},{"damage":0,"enemies":"Blue Slaver","floor":13,"turns":3},{"damage":20,"enemies":"Lagavulin","floor":14,"turns":6},{"damage":32,"enemies":"Slime Boss","floor":16,"turns":7},{"damage":3,"enemies":"2 Thieves","floor":18,"turns":4},{"damage":21,"enemies":"Spheric Guardian","floor":21,"turns":3},{"damage":40,"enemies":"Book of Stabbing","floor":25,"turns":5}],"seed_played":"5795987255881815749","potions_obtained":[{"floor":2,"key":"Weak Potion"},{"floor":2,"key":"Fire Potion"},{"floor":2,"key":"Dexterity Potion"},{"floor":5,"key":"Fire Potion"},{"floor":6,"key":"LiquidBronze"},{"floor":7,"key":"Strength Potion"},{"floor":11,"key":"SkillPotion"},{"floor":12,"key":"Swift Potion"}],"is_trial":false,"path_per_floor":["M","?","M","?","M","E","M","E","T","M","M","M","M","E","R","B",null,"M","?","?","M","$","R","?","E"],"character_chosen":"DEFECT","items_purchased":["Echo Form","Steam","Secret Weapon"],"campfire_rested":1,"item_purchase_floors":[22,22,22],"current_hp_per_floor":[58,58,52,52,52,42,42,36,36,35,35,35,35,15,37,5,58,55,55,55,36,36,36,36,0],"gold":57,"neow_bonus":"THREE_CARDS","is_prod":false,"is_daily":false,"chose_seed":false,"campfire_upgraded":1,"win_rate":0,"timestamp":1543122522,"path_taken":["M","?","?","?","?","E","M","E","T","?","M","M","M","E","R","BOSS","M","?","?","M","$","R","?","E"],"build_version":"2018-11-15","purchased_purges":1,"victory":false,"max_hp_per_floor":[75,75,75,75,75,75,75,75,75,75,75,75,75,75,75,75,75,75,75,75,77,77,77,77,77],"card_choices":[{"not_picked":["Leap","Streamline"],"picked":"Ball Lightning","floor":0},{"not_picked":["Hologram","Barrage"],"picked":"Go for the Eyes","floor":1},{"not_picked":["Gash","Barrage"],"picked":"Ball Lightning","floor":3},{"not_picked":["Storm","Chaos"],"picked":"BootSequence","floor":5},{"not_picked":["Scrape","Defragment"],"picked":"Electrodynamics","floor":6},{"not_picked":["Gash","Hello World"],"picked":"Steam","floor":7},{"not_picked":["Chaos","Streamline","Stack"],"picked":"SKIP","floor":8},{"not_picked":["Go for the Eyes","Chaos"],"picked":"Steam","floor":10},{"not_picked":["Beam Cell","Reinforced Body"],"picked":"Leap","floor":11},{"not_picked":["Auto Shields","Creative AI"],"picked":"Cold Snap","floor":12},{"not_picked":["Rip and Tear","Redo"],"picked":"Genetic Algorithm","floor":13},{"not_picked":["Steam","Consume"],"picked":"Compile Driver","floor":14},{"not_picked":["Creative AI","Machine Learning"],"picked":"Echo Form","floor":16},{"not_picked":["Gash+1","Go for the Eyes"],"picked":"Chill","floor":18},{"not_picked":["Skim","Genetic Algorithm","Streamline"],"picked":"Singing Bowl","floor":21}],"player_experience":386599,"relics_obtained":[{"floor":6,"key":"Whetstone"},{"floor":8,"key":"Dead Branch"},{"floor":14,"key":"Ancient Tea Set"},{"floor":17,"key":"Vajra"},{"floor":17,"key":"Singing Bowl"},{"floor":17,"key":"Unceasing Top"}],"event_choices":[{"damage_healed":0,"gold_gain":0,"player_choice":"Got Potions","damage_taken":0,"max_hp_gain":0,"max_hp_loss":0,"event_name":"Lab","floor":2,"gold_loss":0},{"damage_healed":0,"gold_gain":0,"player_choice":"Paid Gold","damage_taken":0,"relics_obtained":["Anchor"],"max_hp_gain":0,"max_hp_loss":0,"event_name":"WeMeetAgain","floor":4,"gold_loss":70},{"damage_healed":0,"gold_gain":0,"player_choice":"Inject Mutagens","damage_taken":0,"relics_obtained":["MutagenicStrength"],"max_hp_gain":0,"max_hp_loss":0,"event_name":"Drug Dealer","floor":19,"gold_loss":0},{"damage_healed":0,"gold_gain":99,"player_choice":"Stole From Cult","damage_taken":0,"max_hp_gain":0,"max_hp_loss":0,"event_name":"Nest","floor":20,"gold_loss":0},{"damage_healed":0,"gold_gain":0,"player_choice":"Simplicity","damage_taken":0,"max_hp_gain":0,"max_hp_loss":0,"event_name":"Back to Basics","floor":24,"gold_loss":0,"cards_upgraded":["Strike_B","Strike_B","Defend_B","Defend_B","Defend_B","Defend_B"]}],"is_beta":false,"boss_relics":[{"not_picked":["Astrolabe","Eternal Feather"],"picked":"Calling Bell"}],"items_purged_floors":[22],"is_endless":false,"potions_floor_spawned":[5,6,7,11,12,13],"killed_by":"Book of Stabbing","ascension_level":6}