{"gold_per_floor":[12,12,87,87,104,132,151,151,178,201,212,231,12,22,22,22],"floor_reached":16,"playtime":1467,"items_purged":[],"score":102,"play_id":"6fd4b0cf-8461-470e-b68c-368e1458b6ce","local_time":"20180724013009","is_ascension_mode":false,"campfire_choices":[{"floor":8,"key":"REST"},{"data":"Adrenaline","floor":15,"key":"SMITH"}],"neow_cost":"NO_GOLD","seed_source_timestamp":48650222112032,"circlet_count":0,"master_deck":["Defend_G","Defend_G","Defend_G","Defend_G","Strike_G","Strike_G","Strike_G","Survivor","Neutralize","Crippling Poison","Quick Slash","Riddle With Holes","Dodge and Roll","Backflip","Eviscerate","Sucker Punch","Adrenaline+1"],"relics":["Ring of the Snake","Omamori","Gremlin Horn","Bag of Preparation","Orichalcum","Strange Spoon"],"potions_floor_usage":[11,16,16],"damage_taken":[{"damage":0,"enemies":"2 Louse","floor":1,"turns":5},{"damage":0,"enemies":"Cultist","floor":5,"turns":5},{"damage":20,"enemies":"Gremlin Nob","floor":6,"turns":5},{"damage":8,"enemies":"Jaw Worm","floor":7,"turns":5},{"damage":1,"enemies":"Exordium Thugs","floor":11,"turns":3},{"damage":1,"enemies":"2 Fungi Beasts","floor":12,"turns":3},{"damage":0,"enemies":"3 Louse","floor":14,"turns":3},{"damage":48,"enemies":"The Guardian","floor":16,"turns":20}],"seed_played":"-5550607832602196761","potions_obtained":[{"floor":6,"key":"Poison Potion"},{"floor":7,"key":"AttackPotion"},{"floor":14,"key":"Fire Potion"}],"is_trial":false,"path_per_floor":["M","?","?","?","M","E","M","R","T","T","M","M","$","M","R"],"character_chosen":"THE_SILENT","items_purchased":["Strange Spoon","Sucker Punch"],"campfire_rested":1,"item_purchase_floors":[13,13],"current_hp_per_floor":[70,70,59,47,47,27,19,40,40,40,39,38,38,38,38,0],"gold":22,"neow_bonus":"REMOVE_TWO","is_prod":false,"is_daily":false,"chose_seed":false,"campfire_upgraded":1,"win_rate":0,"timestamp":1532410209,"path_taken":["M","?","?","?","M","E","?","R","T","?","M","M","$","M","R","BOSS"],"build_version":"2018-07-19v2","purchased_purges":0,"victory":false,"max_hp_per_floor":[70,70,70,70,70,70,70,70,70,70,70,70,70,70,70,70],"card_choices":[{"not_picked":["Sucker Punch","Accuracy"],"picked":"Crippling Poison","floor":1},{"not_picked":["Dodge and Roll","All Out Attack"],"picked":"Quick Slash","floor":5},{"not_picked":["Dagger Spray","Backflip"],"picked":"Riddle With Holes","floor":6},{"not_picked":["Deadly Poison","Flechettes"],"picked":"Dodge and Roll","floor":7},{"not_picked":["PiercingWail","Dagger Spray"],"picked":"Backflip","floor":11},{"not_picked":["Backflip","Slice"],"picked":"Eviscerate","floor":12},{"not_picked":["Riddle With Holes","Flechettes"],"picked":"Adrenaline","floor":14}],"player_experience":251963,"relics_obtained":[{"floor":6,"key":"Gremlin Horn"},{"floor":9,"key":"Bag of Preparation"},{"floor":10,"key":"Orichalcum"}],"event_choices":[{"event_name":"Purifier","player_choice":"One Purge","floor":2,"damage_taken":0},{"event_name":"World of Goop","player_choice":"Gather Gold","floor":3,"damage_taken":0},{"event_name":"Scrap Ooze","player_choice":"success","floor":4,"damage_taken":12}],"is_beta":false,"boss_relics":[],"items_purged_floors":[],"is_endless":false,"potions_floor_spawned":[6,7,14],"killed_by":"The Guardian","ascension_level":0}