{"gold_per_floor":[115,131,131,131,281,281,298,138,190,223,62,62,74,87,87,161,161,177,151,151,201,40,40,70,70,70,88,145,145,70,96,96,168,168,179,1178,648,661,678,678,691,724,724,774,774,802,802,814,814,814,814,814,814,19,53,53],"floor_reached":56,"playtime":4375,"items_purged":["Doubt","Normality","Strike_R"],"score":1993,"play_id":"d592119e-b665-4444-9b8c-82920d032b84","local_time":"20190218220004","is_ascension_mode":true,"campfire_choices":[{"data":"Bash","floor":6,"key":"SMITH"},{"data":"True Grit","floor":12,"key":"SMITH"},{"data":"Uppercut","floor":15,"key":"SMITH"},{"data":"True Grit","floor":23,"key":"SMITH"},{"floor":25,"key":"REST"},{"floor":29,"key":"REST"},{"floor":32,"key":"REST"},{"data":"Spot Weakness","floor":40,"key":"SMITH"},{"floor":45,"key":"RECALL"},{"floor":49,"key":"REST"},{"floor":53,"key":"REST"}],"neow_cost":"PERCENT_DAMAGE","seed_source_timestamp":11944451035305,"circlet_count":0,"master_deck":["AscendersBane","Strike_R+1","Strike_R","Strike_R+1","Defend_R","Defend_R","Defend_R","Defend_R+1","Bash+1","Cleave+1","True Grit+1","Shockwave","Uppercut+1","Rampage+1","True Grit+1","Spot Weakness+1","Heavy Blade+1","Ghostly Armor","Bludgeon+1","Shrug It Off","Necronomicurse","Flame Barrier","Headbutt+1","Feed+1","Pommel Strike+1","Normality","Evolve","Shrug It Off","Shockwave","Whirlwind+1","Pommel Strike+1","Burning Pact+1","Barricade","True Grit+1","Feel No Pain","Iron Wave+1","Shrug It Off"],"relics":["Burning Blood","Happy Flower","Molten Egg 2","Sozu","Necronomicon","Pen Nib","Blue Candle","Pocketwatch","Tiny Chest","Anchor","Snecko Eye","Gambling Chip","Whetstone","Ice Cream","Bottled Lightning","Bronze Scales","Lantern","Sling","StoneCalendar"],"potions_floor_usage":[10,24,56],"damage_taken":[{"damage":1,"enemies":"2 Louse","floor":1,"turns":4},{"damage":7,"enemies":"Small Slimes","floor":2,"turns":4},{"damage":6,"enemies":"Jaw Worm","floor":7,"turns":3},{"damage":24,"enemies":"Lagavulin","floor":10,"turns":7},{"damage":2,"enemies":"Red Slaver","floor":13,"turns":4},{"damage":0,"enemies":"2 Fungi Beasts","floor":14,"turns":6},{"damage":29,"enemies":"The Guardian","floor":16,"turns":11},{"damage":5,"enemies":"3 Byrds","floor":18,"turns":6},{"damage":18,"enemies":"Book of Stabbing","floor":24,"turns":4},{"damage":0,"enemies":"Shell Parasite","floor":27,"turns":1},{"damage":28,"enemies":"Slavers","floor":28,"turns":6},{"damage":18,"enemies":"Gremlin Leader","floor":31,"turns":4},{"damage":24,"enemies":"Automaton","floor":33,"turns":6},{"damage":9,"enemies":"3 Darklings","floor":35,"turns":10},{"damage":0,"enemies":"3 Shapes","floor":38,"turns":4},{"damage":5,"enemies":"Maw","floor":39,"turns":6},{"damage":11,"enemies":"Spire Growth","floor":41,"turns":3},{"damage":33,"enemies":"Nemesis","floor":42,"turns":5},{"damage":10,"enemies":"2 Orb Walkers","floor":44,"turns":5},{"damage":1,"enemies":"Giant Head","floor":46,"turns":4},{"damage":1,"enemies":"Transient","floor":48,"turns":6},{"damage":54,"enemies":"Awakened One","floor":50,"turns":7},{"damage":39,"enemies":"Time Eater","floor":51,"turns":6},{"damage":43,"enemies":"Shield and Spear","floor":55,"turns":3},{"damage":72,"enemies":"The Heart","floor":56,"turns":6}],"seed_played":"-7225159628201932762","potions_obtained":[{"floor":2,"key":"PowerPotion"},{"floor":10,"key":"Swift Potion"},{"floor":14,"key":"Strength Potion"}],"is_trial":false,"path_per_floor":["M","M","$","?","?","R","M","$","T","E","$","R","M","M","R","B",null,"M","$","?","?","$","R","E","R","T","M","E","R","?","E","R","B",null,"M","?","$","M","M","R","M","E","T","?","R","E","?","M","R","B","B",null,"R","$","E","B"],"character_chosen":"IRONCLAD","items_purchased":["Uppercut","True Grit","Spot Weakness","Heavy Blade+1","Shrug It Off","Pen Nib","Gambling Chip","Evolve","Shrug It Off","Bronze Scales","Feel No Pain","Lantern","Sling","Iron Wave+1"],"campfire_rested":5,"item_purchase_floors":[8,11,11,11,19,22,37,37,37,54,54,54,54,54],"current_hp_per_floor":[69,68,68,41,41,41,41,41,41,23,23,23,27,33,33,10,69,70,70,49,49,49,49,37,63,63,69,47,73,73,61,87,69,84,81,81,81,91,96,96,95,68,68,68,68,73,73,78,105,61,28,89,109,109,72,0],"gold":53,"neow_bonus":"TWENTY_PERCENT_HP_BONUS","is_prod":false,"is_daily":false,"chose_seed":false,"campfire_upgraded":5,"win_rate":0,"timestamp":1550480404,"path_taken":["M","M","$","?","?","R","M","$","T","E","?","R","M","M","R","BOSS","M","$","?","?","$","R","E","R","T","M","E","R","?","E","R","BOSS","M","?","$","M","M","R","M","E","T","?","R","E","?","?","R","BOSS","BOSS","R","$","E","BOSS"],"build_version":"2019-01-23","purchased_purges":3,"victory":false,"max_hp_per_floor":[89,89,89,89,89,89,89,89,89,89,89,89,89,89,89,89,89,89,89,89,89,89,89,89,89,89,89,89,89,89,89,89,89,89,89,89,89,93,97,97,101,101,101,105,105,105,105,105,105,109,109,109,109,109,109,109],"card_choices":[{"not_picked":["Headbutt","Dropkick"],"picked":"Cleave","floor":1},{"not_picked":["Combust","Wild Strike"],"picked":"True Grit","floor":2},{"not_picked":["Thunderclap","Rupture"],"picked":"Shockwave","floor":7},{"not_picked":["Corruption","Pommel Strike"],"picked":"Rampage","floor":10},{"not_picked":["Perfected Strike+1","Sword Boomerang+1"],"picked":"Ghostly Armor","floor":13},{"not_picked":["Havoc","Sword Boomerang+1","Flex"],"picked":"SKIP","floor":14},{"not_picked":["Dark Embrace","Brutality"],"picked":"Bludgeon+1","floor":16},{"not_picked":["Rampage+1","Combust","Heavy Blade+1"],"picked":"SKIP","floor":18},{"not_picked":["Wild Strike+1","Warcry"],"picked":"Flame Barrier","floor":24},{"not_picked":["Anger+1","Heavy Blade+1","Barricade"],"picked":"SKIP","floor":27},{"not_picked":["Blood for Blood+1","Sword Boomerang+1","True Grit"],"picked":"SKIP","floor":28},{"not_picked":["Heavy Blade+1","Demon Form"],"picked":"Headbutt+1","floor":31},{"not_picked":["Fiend Fire+1","Brutality"],"picked":"Feed+1","floor":33},{"not_picked":["Iron Wave+1","Sentinel"],"picked":"Pommel Strike+1","floor":35},{"not_picked":["Sword Boomerang+1","Clash+1"],"picked":"Shockwave","floor":38},{"not_picked":["Headbutt+1","Anger+1"],"picked":"Whirlwind+1","floor":39},{"not_picked":["Sever Soul+1","Searing Blow+1","Thunderclap+1"],"picked":"SKIP","floor":41},{"not_picked":["Reckless Charge+1","Anger+1"],"picked":"Pommel Strike+1","floor":42},{"not_picked":["Wild Strike+1","Clash+1"],"picked":"Burning Pact+1","floor":44},{"not_picked":["Battle Trance","Flex"],"picked":"Barricade","floor":46},{"not_picked":["Dropkick+1","Clash+1"],"picked":"True Grit+1","floor":48},{"not_picked":["Uppercut+1","True Grit"],"picked":"Shrug It Off","floor":55}],"player_experience":341112,"relics_obtained":[{"floor":9,"key":"Happy Flower"},{"floor":10,"key":"Molten Egg 2"},{"floor":20,"key":"Necronomicon"},{"floor":24,"key":"Blue Candle"},{"floor":26,"key":"Pocketwatch"},{"floor":28,"key":"Tiny Chest"},{"floor":31,"key":"Anchor"},{"floor":42,"key":"Whetstone"},{"floor":44,"key":"Ice Cream"},{"floor":46,"key":"Bottled Lightning"},{"floor":55,"key":"StoneCalendar"}],"event_choices":[{"damage_healed":0,"gold_gain":0,"player_choice":"Entered Light","damage_taken":27,"max_hp_gain":0,"max_hp_loss":0,"event_name":"Shining Light","floor":4,"gold_loss":0,"cards_upgraded":["Cleave","Defend_R"]},{"damage_healed":0,"gold_gain":150,"player_choice":"AGREE","damage_taken":0,"max_hp_gain":0,"max_hp_loss":0,"event_name":"Liars Game","floor":5,"gold_loss":0,"cards_obtained":["Doubt"]},{"damage_healed":0,"gold_gain":0,"player_choice":"Obtained Book","damage_taken":21,"max_hp_gain":0,"max_hp_loss":0,"event_name":"Cursed Tome","floor":20,"gold_loss":0},{"damage_healed":0,"gold_gain":50,"player_choice":"Stole From Cult","damage_taken":0,"max_hp_gain":0,"max_hp_loss":0,"event_name":"Nest","floor":21,"gold_loss":0},{"cards_removed":["Strike_R"],"damage_healed":0,"gold_gain":0,"player_choice":"Gave Gold","damage_taken":0,"max_hp_gain":0,"max_hp_loss":0,"event_name":"Beggar","floor":30,"gold_loss":75},{"damage_healed":0,"gold_gain":999,"player_choice":"Gold","damage_taken":0,"max_hp_gain":0,"max_hp_loss":0,"event_name":"MindBloom","floor":36,"gold_loss":0,"cards_obtained":["Normality","Normality"]},{"damage_healed":0,"gold_gain":0,"player_choice":"Fight","damage_taken":0,"max_hp_gain":0,"max_hp_loss":0,"event_name":"Mysterious Sphere","floor":44,"gold_loss":0},{"damage_healed":0,"gold_gain":0,"player_choice":"Ignored","damage_taken":0,"max_hp_gain":0,"max_hp_loss":0,"event_name":"SecretPortal","floor":47,"gold_loss":0}],"is_beta":false,"boss_relics":[{"not_picked":["Orrery","Black Blood"],"picked":"Sozu"},{"not_picked":["Pandora\u0027s Box","Tiny House"],"picked":"Snecko Eye"}],"items_purged_floors":[8,37,54],"is_endless":false,"potions_floor_spawned":[2,10,14,24,27,35,44,46],"killed_by":"The Heart","ascension_level":20}