{"gold_per_floor":[109,120,132,59,59,59,76,1,47,47,57,84,84,103,103,202,232,247,262,294,60,60],"floor_reached":22,"playtime":2688,"items_purged":["Strike_G"],"score":213,"play_id":"22acf22b-78ab-4a20-b3be-1cb6aff5febf","local_time":"20180703024247","is_ascension_mode":false,"campfire_choices":[{"data":"Neutralize","floor":6.0,"key":"SMITH"},{"floor":15.0,"key":"REST"}],"neow_cost":"","seed_source_timestamp":0,"circlet_count":0,"master_deck":["Defend_G","Defend_G","Defend_G","Defend_G","Defend_G+1","Strike_G","Strike_G","Survivor","Neutralize+1","Flying Knee+1","Underhanded Strike","Footwork+1","Terror","Flying Knee","Expertise","Adrenaline","Acrobatics","Doppelganger","Outmaneuver","Dagger Throw","Infinite Blades","Secret Technique"],"special_seed":0,"relics":["Ring of the Snake","Regal Pillow","Orichalcum","Bottled Lightning","Tiny House","Red Mask"],"potions_floor_usage":[],"damage_taken":[{"damage":1.0,"enemies":"2 Louse","floor":1.0,"turns":4.0},{"damage":1.0,"enemies":"Jaw Worm","floor":2.0,"turns":5.0},{"damage":4.0,"enemies":"Cultist","floor":3.0,"turns":5.0},{"damage":0.0,"enemies":"2 Fungi Beasts","floor":7.0,"turns":5.0},{"damage":8.0,"enemies":"Gremlin Gang","floor":11.0,"turns":6.0},{"damage":0.0,"enemies":"Lagavulin","floor":12.0,"turns":7.0},{"damage":6.0,"enemies":"Lots of Slimes","floor":14.0,"turns":4.0},{"damage":16.0,"enemies":"The Guardian","floor":16.0,"turns":15.0},{"damage":1.0,"enemies":"Shell Parasite","floor":18.0,"turns":4.0},{"damage":15.0,"enemies":"3 Byrds","floor":19.0,"turns":6.0},{"damage":17.0,"floor":20.0,"turns":10.0},{"damage":16.0,"enemies":"Snake Plant","floor":21.0,"turns":6.0},{"damage":29,"enemies":"Snake Plant","floor":22,"turns":4}],"seed_played":"-7879840837650034597","potions_obtained":[{"floor":2.0,"key":"Poison Potion"},{"floor":7.0,"key":"SkillPotion"},{"floor":12.0,"key":"LiquidBronze"},{"floor":14.0,"key":"Fire Potion"},{"floor":17.0,"key":"SmokeBomb"},{"floor":19.0,"key":"Dexterity Potion"}],"is_trial":false,"path_per_floor":["M","M","M","$","?","R","M","$","T","?","M","E","?","M","R","B",null,"M","M","?","$"],"character_chosen":"THE_SILENT","items_purchased":["Terror","Infinite Blades","Secret Technique"],"campfire_rested":1,"item_purchase_floors":[],"current_hp_per_floor":[69,68,64,64,57,57,57,57,57,57,49,49,35,29,65,49,75,74,59,42,26,0],"gold":60,"neow_bonus":"","is_prod":false,"is_daily":false,"chose_seed":false,"campfire_upgraded":1,"win_rate":0.0,"timestamp":1530600167,"path_taken":["M","M","M","$","?","R","M","?","T","?","M","E","?","M","R","BOSS","M","?","?","?","M"],"build_version":"2018-06-28","purchased_purges":1,"victory":false,"max_hp_per_floor":[70,70,70,70,70,70,70,70,70,70,70,70,70,70,70,70,75,75,75,75,75,75],"card_choices":[{"not_picked":["Acrobatics","PiercingWail"],"picked":"Flying Knee","floor":1.0},{"not_picked":["Eviscerate","Blade Dance"],"picked":"Underhanded Strike","floor":2.0},{"not_picked":["Distraction","Dagger Spray"],"picked":"Footwork","floor":3.0},{"not_picked":["Reflex","Underhanded Strike"],"picked":"Flying Knee","floor":7.0},{"not_picked":["Well Laid Plans","Backstab"],"picked":"Expertise","floor":11.0},{"not_picked":["Dagger Spray","Caltrops"],"picked":"Adrenaline","floor":12.0},{"not_picked":["Endless Agony","Distraction"],"picked":"Acrobatics","floor":14.0},{"not_picked":["Venomology","A Thousand Cuts"],"picked":"Doppelganger","floor":16.0},{"not_picked":["Slice","PiercingWail"],"picked":"Outmaneuver","floor":17.0},{"not_picked":["Slice","Venomology","Terror+1"],"picked":"SKIP","floor":18.0},{"not_picked":["Dash","Deflect","Poisoned Stab"],"picked":"SKIP","floor":19.0},{"not_picked":["Outmaneuver+1","Catalyst"],"picked":"Dagger Throw","floor":20.0}],"player_experience":85870,"relics_obtained":[{"floor":9.0,"key":"Orichalcum"},{"floor":12.0,"key":"Bottled Lightning"},{"floor":20.0,"key":"Red Mask"}],"event_choices":[{"event_name":"Scrap Ooze","player_choice":"success","floor":5.0,"damage_taken":7.0},{"event_name":"Purifier","player_choice":"One Purge","floor":10.0,"damage_taken":0.0},{"event_name":"Shining Light","player_choice":"Entered Light","floor":13.0,"damage_taken":0.0},{"event_name":"Masked Bandits","player_choice":"Fought over 262 gold","floor":20.0,"damage_taken":0.0}],"boss_relics":[{"not_picked":["Busted Crown","Lizard Tail"],"picked":"Tiny House"}],"items_purged_floors":[],"is_endless":false,"potions_floor_spawned":[2,7,12,14,19],"killed_by":"Snake Plant","ascension_level":0}