{"path_per_floor":["M","?","M","M","M","E","M","$","T","M","R","M","$","M","R","B",null,"M","M","?"],"character_chosen":"IRONCLAD","items_purchased":["Paper Frog","Dramatic Entrance","Armaments","Spot Weakness"],"gold_per_floor":[119,294,314,333,352,379,398,9,36,47,47,63,28,47,47,145,145,160,175,201,201],"floor_reached":21,"campfire_rested":1,"playtime":2062,"item_purchase_floors":[],"current_hp_per_floor":[80,80,80,80,78,45,43,43,43,47,71,67,67,73,73,60,80,69,46,32,0],"items_purged":[],"gold":201,"score":185,"play_id":"7a0c4437-96ff-40ef-8d6c-d598d01805aa","local_time":"20180621010254","is_prod":false,"is_daily":false,"chose_seed":false,"is_ascension_mode":false,"campfire_upgraded":1,"win_rate":0.0,"timestamp":1529557374,"campfire_choices":[{"floor":11.0,"key":"REST"},{"data":"Armaments","floor":15.0,"key":"SMITH"}],"path_taken":["M","?","M","M","M","E","M","?","T","M","R","?","$","?","R","BOSS","M","M","?","M"],"build_version":"2018-06-14v2","seed_source_timestamp":0,"purchased_purges":0,"victory":false,"master_deck":["Strike_R","Strike_R","Strike_R","Strike_R+1","Strike_R","Defend_R","Defend_R","Defend_R","Defend_R","Bash","Impervious","Reckless Charge+1","Doubt","Wild Strike","Offering","Iron Wave","Combust","Dramatic Entrance","Armaments+1","Warcry","Sever Soul","Spot Weakness","Dark Embrace","Bloodletting+1","True Grit","Feel No Pain"],"max_hp_per_floor":[80,80,80,80,80,80,80,80,80,80,80,80,80,80,80,80,80,80,80,80,80],"special_seed":0,"relics":["Burning Blood","Whetstone","Paper Frog","Pen Nib","Velvet Choker","Red Mask"],"card_choices":[{"not_picked":["Whirlwind","Warcry"],"picked":"Reckless Charge","floor":1.0},{"not_picked":["Corruption","Anger"],"picked":"Wild Strike","floor":3.0},{"not_picked":["Anger","Pommel Strike","Thunderclap"],"picked":"SKIP","floor":4.0},{"not_picked":["Searing Blow","Whirlwind"],"picked":"Offering","floor":5.0},{"not_picked":["Thunderclap","Warcry"],"picked":"Iron Wave","floor":6.0},{"not_picked":["Anger","Whirlwind"],"picked":"Combust","floor":7.0},{"not_picked":["Limit Break","Burning Pact"],"picked":"Warcry","floor":10.0},{"not_picked":["Anger","Fire Breathing"],"picked":"Sever Soul","floor":12.0},{"not_picked":["Flex","Perfected Strike","Cleave"],"picked":"SKIP","floor":14.0},{"not_picked":["Barricade","Brutality"],"picked":"Dark Embrace","floor":16.0},{"not_picked":["Searing Blow+1","Shrug It Off"],"picked":"Bloodletting+1","floor":18},{"not_picked":["Seeing Red","Twin Strike"],"picked":"True Grit","floor":19},{"not_picked":["Carnage","Iron Wave"],"picked":"Feel No Pain","floor":20}],"player_experience":55298,"potions_floor_usage":[20,21],"damage_taken":[{"damage":0.0,"enemies":"Small Slimes","floor":1.0,"turns":3.0},{"damage":6.0,"enemies":"Jaw Worm","floor":3.0,"turns":2.0},{"damage":1.0,"enemies":"Cultist","floor":4.0,"turns":3.0},{"damage":8.0,"enemies":"Red Slaver","floor":5.0,"turns":3.0},{"damage":39.0,"enemies":"Lagavulin","floor":6.0,"turns":8.0},{"damage":8.0,"enemies":"Exordium Wildlife","floor":7.0,"turns":4.0},{"damage":2.0,"enemies":"Blue Slaver","floor":10.0,"turns":4.0},{"damage":10.0,"enemies":"2 Fungi Beasts","floor":12.0,"turns":2.0},{"damage":0.0,"enemies":"Looter","floor":14.0,"turns":4.0},{"damage":19.0,"enemies":"Slime Boss","floor":16.0,"turns":10.0},{"damage":17,"enemies":"3 Byrds","floor":18,"turns":4},{"damage":29,"enemies":"Spheric Guardian","floor":19,"turns":5},{"damage":34,"floor":20,"turns":5},{"damage":45,"enemies":"Cultist and Chosen","floor":21,"turns":5}],"relics_obtained":[{"floor":6.0,"key":"Whetstone"},{"floor":9.0,"key":"Pen Nib"},{"floor":20,"key":"Red Mask"}],"event_choices":[{"event_name":"Liars Game","player_choice":"agreed","floor":2.0,"damage_taken":0.0},{"event_name":"Masked Bandits","player_choice":"Fought over 175 gold","floor":20,"damage_taken":0}],"boss_relics":[{"not_picked":["Eternal Feather","Ectoplasm"],"picked":"Velvet Choker"}],"items_purged_floors":[],"is_endless":false,"potions_floor_spawned":[1,3,4,7,12,19,20],"seed_played":"-2235795545060852189","killed_by":"Cultist and Chosen","ascension_level":0,"potions_obtained":[{"floor":1.0,"key":"LiquidBronze"},{"floor":3.0,"key":"Explosive Potion"},{"floor":4.0,"key":"Weak Potion"},{"floor":7.0,"key":"PowerPotion"},{"floor":12.0,"key":"Explosive Potion"},{"floor":19,"key":"Regen Potion"},{"floor":20,"key":"Explosive Potion"}],"is_trial":false}