{"gold_per_floor":[115,115,125,125,142,142,167,167,243,254,285,285,295,320,320,395,395,412,412,430,530,131,157,170,195,195,195,207,247,271,311,323,409,421,446,36,36,311,326,357,357,387,387,402,402,412,446,464,464,464,464,464,464,9,44,44],"floor_reached":57,"playtime":3127,"items_purged":[],"score":3176,"play_id":"d94694c0-4485-4953-919c-4c7c2159f13b","local_time":"20190225212933","is_ascension_mode":true,"campfire_choices":[{"data":"Perfected Strike","floor":6,"key":"SMITH"},{"data":"Perfected Strike","floor":8,"key":"SMITH"},{"data":"Bash","floor":12,"key":"SMITH"},{"data":"Pommel Strike","floor":15,"key":"SMITH"},{"data":"Flex","floor":32,"key":"SMITH"},{"data":"Double Tap","floor":41,"key":"SMITH"},{"data":"Limit Break","floor":45,"key":"SMITH"},{"floor":49,"key":"RECALL"},{"data":"Shockwave","floor":53,"key":"SMITH"}],"neow_cost":"TEN_PERCENT_HP_LOSS","seed_source_timestamp":17505664354595,"circlet_count":0,"master_deck":["AscendersBane","Strike_R","Strike_R","Strike_R","Strike_R","Strike_R","Bash+1","Pommel Strike+1","Perfected Strike+1","Perfected Strike+1","Iron Wave","Headbutt+1","Thunderclap+1","Uppercut+1","Pommel Strike+1","Immolate+1","Flex+1","Limit Break+1","Entrench+1","Dropkick+1","Reaper+1","Ghostly Armor","Limit Break+1","Thunderclap+1","Perfected Strike+1","Flex+1","Perfected Strike+1","Double Tap+1","Shrug It Off+1","Corruption","Flame Barrier","Sentinel+1","Shockwave+1","Flex+1","Armaments+1","Flame Barrier","Battle Trance+1","True Grit"],"relics":["Burning Blood","Champion Belt","Pen Nib","Oddly Smooth Stone","Molten Egg 2","Nunchaku","Orichalcum","Astrolabe","Bird Faced Urn","The Courier","Lantern","Gremlin Horn","Omamori","Dead Branch","MawBank","Singing Bowl","Mango","Cursed Key","PreservedInsect","Bronze Scales","Bag of Preparation","Thread and Needle","Boot","Strawberry","Centennial Puzzle","Torii","War Paint"],"potions_floor_usage":[10,11,11,21,23,25,29,50,56],"damage_taken":[{"damage":2,"enemies":"Cultist","floor":1,"turns":4},{"damage":2,"enemies":"Jaw Worm","floor":3,"turns":4},{"damage":1,"enemies":"2 Louse","floor":5,"turns":2},{"damage":25,"enemies":"3 Sentries","floor":7,"turns":7},{"damage":12,"enemies":"Large Slime","floor":10,"turns":4},{"damage":9,"enemies":"Lagavulin","floor":11,"turns":4},{"damage":3,"enemies":"2 Fungi Beasts","floor":13,"turns":2},{"damage":12,"enemies":"3 Sentries","floor":14,"turns":5},{"damage":8,"enemies":"Hexaghost","floor":16,"turns":6},{"damage":4,"enemies":"2 Thieves","floor":18,"turns":3},{"damage":9,"enemies":"Shell Parasite","floor":20,"turns":2},{"damage":19,"enemies":"Colosseum Slavers","floor":21,"turns":3},{"damage":3,"enemies":"Colosseum Nobs","floor":21,"turns":4},{"damage":18,"enemies":"Gremlin Leader","floor":23,"turns":4},{"damage":1,"enemies":"Chosen and Byrds","floor":24,"turns":4},{"damage":4,"enemies":"Book of Stabbing","floor":25,"turns":2},{"damage":0,"enemies":"Slavers","floor":29,"turns":2},{"damage":0,"enemies":"Snecko","floor":30,"turns":2},{"damage":0,"enemies":"Gremlin Leader","floor":31,"turns":2},{"damage":70,"enemies":"Automaton","floor":33,"turns":8},{"damage":0,"enemies":"3 Darklings","floor":35,"turns":2},{"damage":0,"enemies":"Orb Walker","floor":39,"turns":1},{"damage":27,"enemies":"Giant Head","floor":40,"turns":5},{"damage":0,"enemies":"Reptomancer","floor":42,"turns":2},{"damage":17,"enemies":"Spire Growth","floor":44,"turns":2},{"damage":0,"enemies":"Maw","floor":46,"turns":3},{"damage":0,"enemies":"Nemesis","floor":47,"turns":5},{"damage":12,"enemies":"Jaw Worm Horde","floor":48,"turns":3},{"damage":39,"enemies":"Donu and Deca","floor":50,"turns":8},{"damage":49,"enemies":"Awakened One","floor":51,"turns":7},{"damage":12,"enemies":"Shield and Spear","floor":55,"turns":5},{"damage":88,"enemies":"The Heart","floor":56,"turns":9}],"seed_played":"-2007988325624920756","potions_obtained":[{"floor":1,"key":"FearPotion"},{"floor":3,"key":"AttackPotion"},{"floor":10,"key":"Regen Potion"},{"floor":13,"key":"SteroidPotion"},{"floor":18,"key":"GamblersBrew"},{"floor":24,"key":"Fire Potion"},{"floor":30,"key":"SteroidPotion"},{"floor":33,"key":"Weak Potion"}],"is_trial":false,"path_per_floor":["M","T","M","?","M","R","E","R","T","M","E","R","M","E","R","B",null,"M","$","M","?","$","E","M","E","T","?","?","E","M","E","R","B",null,"M","$","?","?","M","E","R","E","T","M","R","M","E","M","R","B","B",null,"R","$","E","B",null],"character_chosen":"IRONCLAD","items_purchased":["Lantern","Gremlin Horn","Strength Potion","Corruption","PreservedInsect","Bronze Scales","Bag of Preparation","Centennial Puzzle","Torii","True Grit","AttackPotion"],"campfire_rested":0,"item_purchase_floors":[22,22,22,36,36,36,36,54,54,54,54],"current_hp_per_floor":[68,68,68,68,68,68,49,49,49,43,52,52,55,49,49,47,63,65,65,62,57,57,54,68,68,68,68,68,68,68,84,84,20,68,74,74,74,74,80,61,61,67,67,56,56,70,85,81,81,87,52,78,78,78,89,84],"gold":44,"neow_bonus":"ONE_RARE_RELIC","is_prod":false,"is_daily":false,"chose_seed":false,"campfire_upgraded":8,"win_rate":0,"timestamp":1551083373,"path_taken":["M","?","M","?","M","R","E","R","T","?","E","R","M","E","R","BOSS","M","$","?","?","$","E","M","E","T","?","?","E","M","E","R","BOSS","M","$","?","?","M","E","R","E","T","M","R","M","E","M","R","BOSS","BOSS","R","$","E","BOSS"],"build_version":"2019-01-23","purchased_purges":0,"victory":true,"max_hp_per_floor":[68,68,68,68,68,68,68,68,68,68,68,68,68,68,68,68,68,68,68,68,68,68,68,68,68,68,68,68,68,68,84,84,84,84,84,84,80,80,80,80,80,80,80,80,80,80,87,87,87,87,87,87,87,87,89,89],"card_choices":[{"not_picked":["Clash","Headbutt"],"picked":"Pommel Strike","floor":1},{"not_picked":["Body Slam","Shockwave"],"picked":"Perfected Strike","floor":3},{"not_picked":["Cleave","Clash"],"picked":"Perfected Strike","floor":5},{"not_picked":["Juggernaut","Heavy Blade"],"picked":"Iron Wave","floor":7},{"not_picked":["Clothesline+1","Sever Soul+1"],"picked":"Headbutt+1","floor":10},{"not_picked":["Intimidate","Battle Trance"],"picked":"Thunderclap+1","floor":11},{"not_picked":["Intimidate","Body Slam+1"],"picked":"Uppercut+1","floor":13},{"not_picked":["Seeing Red","Twin Strike+1"],"picked":"Pommel Strike+1","floor":14},{"not_picked":["Juggernaut","Reaper+1"],"picked":"Immolate+1","floor":16},{"not_picked":["Havoc","Clash+1"],"picked":"Dropkick+1","floor":18},{"not_picked":["Clash+1","Thunderclap+1"],"picked":"Reaper+1","floor":20},{"not_picked":["Hemokinesis+1","Clash+1"],"picked":"Ghostly Armor","floor":21},{"not_picked":["Heavy Blade+1","Dark Embrace"],"picked":"Limit Break","floor":23},{"not_picked":["Clothesline+1","Fire Breathing+1"],"picked":"Thunderclap+1","floor":24},{"not_picked":["Headbutt+1","Cleave+1","Anger+1"],"picked":"SKIP","floor":25},{"not_picked":["Anger+1","Cleave+1"],"picked":"Flex","floor":29},{"not_picked":["Anger+1","Clothesline+1"],"picked":"Perfected Strike+1","floor":30},{"not_picked":["Havoc","Twin Strike+1","Carnage+1"],"picked":"Singing Bowl","floor":31},{"not_picked":["Bludgeon+1","Reaper+1"],"picked":"Double Tap","floor":33},{"not_picked":["Infernal Blade","Spot Weakness"],"picked":"Shrug It Off","floor":35},{"not_picked":["Infernal Blade","Reckless Charge+1"],"picked":"Flame Barrier","floor":39},{"not_picked":["Heavy Blade+1","Spot Weakness+1"],"picked":"Sentinel+1","floor":40},{"not_picked":["Armaments","Anger+1"],"picked":"Shockwave","floor":42},{"not_picked":["Headbutt+1","Bloodletting"],"picked":"Flex+1","floor":44},{"not_picked":["Body Slam+1","Headbutt+1"],"picked":"Armaments","floor":46},{"not_picked":["Dropkick+1","True Grit"],"picked":"Flame Barrier","floor":47},{"not_picked":["Whirlwind+1","Rage"],"picked":"Battle Trance+1","floor":48},{"not_picked":["Headbutt+1","Anger+1","Evolve"],"picked":"Singing Bowl","floor":55}],"player_experience":454830,"relics_obtained":[{"floor":2,"key":"Pen Nib"},{"floor":7,"key":"Oddly Smooth Stone"},{"floor":9,"key":"Molten Egg 2"},{"floor":11,"key":"Nunchaku"},{"floor":14,"key":"Orichalcum"},{"floor":21,"key":"Bird Faced Urn"},{"floor":21,"key":"The Courier"},{"floor":23,"key":"Omamori"},{"floor":25,"key":"Dead Branch"},{"floor":29,"key":"Singing Bowl"},{"floor":31,"key":"Mango"},{"floor":40,"key":"Thread and Needle"},{"floor":42,"key":"Boot"},{"floor":47,"key":"Strawberry"},{"floor":55,"key":"War Paint"}],"event_choices":[{"cards_removed":["Defend_R"],"damage_healed":0,"gold_gain":0,"player_choice":"Offered Basic","damage_taken":0,"max_hp_gain":0,"max_hp_loss":0,"event_name":"Bonfire Elementals","floor":4,"gold_loss":0},{"damage_healed":0,"gold_gain":0,"player_choice":"Fight","damage_taken":0,"max_hp_gain":0,"max_hp_loss":0,"event_name":"Colosseum","floor":21,"gold_loss":0},{"damage_healed":0,"gold_gain":0,"player_choice":"Fought Nobs","damage_taken":0,"max_hp_gain":0,"max_hp_loss":0,"event_name":"Colosseum","floor":21,"gold_loss":0},{"damage_healed":0,"gold_gain":0,"player_choice":"Opened","damage_taken":0,"relics_obtained":["MawBank"],"max_hp_gain":0,"max_hp_loss":0,"event_name":"The Mausoleum","floor":27,"gold_loss":0,"cards_obtained":["Writhe"]},{"damage_healed":0,"gold_gain":0,"player_choice":"Read","damage_taken":0,"max_hp_gain":0,"max_hp_loss":0,"event_name":"The Library","floor":28,"gold_loss":0,"cards_obtained":["Perfected Strike"]},{"damage_healed":0,"gold_gain":0,"player_choice":"Max HP","damage_taken":0,"max_hp_gain":0,"max_hp_loss":4,"event_name":"Winding Halls","floor":37,"gold_loss":0},{"damage_healed":0,"gold_gain":275,"player_choice":"Desecrate","damage_taken":0,"max_hp_gain":0,"max_hp_loss":0,"event_name":"Golden Shrine","floor":38,"gold_loss":0,"cards_obtained":["Regret"]}],"is_beta":false,"boss_relics":[{"not_picked":["Calling Bell","White Beast Statue"],"picked":"Astrolabe"},{"not_picked":["Velvet Choker","Mark of Pain"],"picked":"Cursed Key"}],"items_purged_floors":[],"is_endless":false,"potions_floor_spawned":[1,3,10,13,18,24,30,33,35,44,46,47],"ascension_level":20}