{"gold_per_floor":[110,110,124,139,153,192,217,232,232,257,61,79,115,130,130,130],"floor_reached":16,"playtime":1864,"items_purged":[],"score":118,"play_id":"eb1b3479-03f4-44b7-9afb-34ba53bd2d12","local_time":"20190114201908","is_ascension_mode":false,"campfire_choices":[{"floor":15,"key":"RECALL"}],"neow_cost":"NONE","seed_source_timestamp":270050110547687,"circlet_count":0,"master_deck":["Strike_R","Strike_R","Strike_R","Strike_R","Strike_R","Defend_R","Defend_R","Defend_R","Defend_R","Bash","Inflame","Corruption","Shrug It Off","Heavy Blade","Shrug It Off","True Grit","Pummel","Shockwave","Armaments","Metallicize","Shockwave","Pommel Strike"],"relics":["Burning Blood","Golden Idol","Dream Catcher","Bag of Preparation"],"potions_floor_usage":[6,13,13,13,16,16],"damage_taken":[{"damage":12,"enemies":"Small Slimes","floor":1,"turns":3},{"damage":15,"enemies":"Jaw Worm","floor":3,"turns":4},{"damage":1,"enemies":"2 Louse","floor":4,"turns":4},{"damage":14,"enemies":"Exordium Thugs","floor":5,"turns":6},{"damage":32,"enemies":"Lagavulin","floor":6,"turns":6},{"damage":2,"enemies":"3 Louse","floor":7,"turns":4},{"damage":16,"enemies":"Looter","floor":8,"turns":4},{"damage":9,"enemies":"2 Fungi Beasts","floor":10,"turns":3},{"damage":0,"enemies":"Large Slime","floor":12,"turns":5},{"damage":15,"enemies":"3 Sentries","floor":13,"turns":8},{"damage":7,"enemies":"Looter","floor":14,"turns":4},{"damage":34,"enemies":"The Guardian","floor":16,"turns":7}],"seed_played":"7463307510267153461","potions_obtained":[{"floor":1,"key":"GamblersBrew"},{"floor":4,"key":"AttackPotion"},{"floor":7,"key":"PowerPotion"},{"floor":12,"key":"AttackPotion"},{"floor":13,"key":"PowerPotion"},{"floor":14,"key":"Fire Potion"}],"is_trial":false,"path_per_floor":["M","?","M","M","M","E","M","M","T","M","$","M","E","M","R","B"],"character_chosen":"IRONCLAD","items_purchased":["Shockwave","Armaments","Metallicize"],"campfire_rested":0,"item_purchase_floors":[11,11,11],"current_hp_per_floor":[82,81,72,77,69,43,47,37,37,34,34,40,31,30,30,0],"gold":130,"neow_bonus":"TEN_PERCENT_HP_BONUS","is_prod":false,"is_daily":false,"chose_seed":false,"campfire_upgraded":0,"win_rate":0,"timestamp":1547515148,"path_taken":["M","?","M","M","M","E","M","M","T","M","$","M","E","M","R","BOSS"],"build_version":"2019-01-10","purchased_purges":0,"victory":false,"max_hp_per_floor":[88,81,81,81,81,81,81,81,81,81,81,81,81,81,81,81],"card_choices":[{"not_picked":["Clothesline","Heavy Blade"],"picked":"Inflame","floor":1},{"not_picked":["Twin Strike","Thunderclap"],"picked":"Corruption","floor":3},{"not_picked":["True Grit","Dual Wield"],"picked":"Shrug It Off","floor":4},{"not_picked":["Sword Boomerang","Evolve"],"picked":"Heavy Blade","floor":5},{"not_picked":["Carnage","Perfected Strike"],"picked":"Shrug It Off","floor":6},{"not_picked":["Evolve","Headbutt"],"picked":"True Grit","floor":7},{"not_picked":["Hemokinesis","Exhume"],"picked":"Pummel","floor":8},{"not_picked":["Body Slam","Heavy Blade","Cleave"],"picked":"SKIP","floor":10},{"not_picked":["Havoc","Wild Strike"],"picked":"Shockwave","floor":12},{"not_picked":["Infernal Blade","Ghostly Armor","Corruption"],"picked":"SKIP","floor":13},{"not_picked":["Whirlwind","Havoc"],"picked":"Pommel Strike","floor":14}],"player_experience":99311,"relics_obtained":[{"floor":6,"key":"Dream Catcher"},{"floor":13,"key":"Bag of Preparation"}],"event_choices":[{"damage_healed":0,"gold_gain":0,"player_choice":"Lose Max HP","damage_taken":0,"relics_obtained":["Golden Idol"],"max_hp_gain":0,"max_hp_loss":7,"event_name":"Golden Idol","floor":2,"gold_loss":0}],"is_beta":false,"boss_relics":[],"items_purged_floors":[],"is_endless":false,"potions_floor_spawned":[1,4,7,12,13,14],"killed_by":"The Guardian","ascension_level":0}