{"gold_per_floor":[119,131,131,143,174,186,198,240,275,287,315,342,354,366,378,390],"floor_reached":16,"playtime":624,"items_purged":[],"score":125,"play_id":"6406a880-dc7a-4193-a069-45fb0deb0ee3","local_time":"20190302114148","is_ascension_mode":true,"campfire_choices":[{"data":"Bouncing Flask","floor":6,"key":"SMITH"},{"data":"Calculated Gamble","floor":10,"key":"SMITH"},{"floor":13,"key":"REST"},{"data":"Bane","floor":15,"key":"SMITH"}],"neow_cost":"NONE","seed_source_timestamp":1403819468090439,"circlet_count":0,"master_deck":["Defend_G","Defend_G","Defend_G","Defend_G","Defend_G","Strike_G","Strike_G+1","Strike_G","Strike_G","Strike_G","Survivor","Neutralize+1","Bouncing Flask+1","Bane+1","Regret","Calculated Gamble+1","Underhanded Strike","Blur","Masterful Stab"],"relics":["Eternal Feather","MawBank","Ancient Tea Set","Dodecahedron","Oddly Smooth Stone"],"potions_floor_usage":[12],"damage_taken":[{"damage":3,"enemies":"Cultist","floor":1,"turns":6},{"damage":0,"enemies":"Small Slimes","floor":2,"turns":3},{"damage":0,"enemies":"2 Louse","floor":5,"turns":2},{"damage":53,"enemies":"3 Sentries","floor":8,"turns":9},{"damage":4,"enemies":"Gremlin Gang","floor":11,"turns":5},{"damage":12,"enemies":"Lots of Slimes","floor":12,"turns":3},{"damage":35,"enemies":"Slime Boss","floor":16,"turns":9}],"seed_played":"-6383316944503610610","potions_obtained":[{"floor":5,"key":"GamblersBrew"},{"floor":8,"key":"PowerPotion"}],"is_trial":false,"path_per_floor":["M","M","?","?","M","R","?","E","T","R","M","M","R","$","R","B"],"character_chosen":"THE_SILENT","items_purchased":[],"campfire_rested":1,"item_purchase_floors":[],"current_hp_per_floor":[67,67,67,53,53,62,62,9,9,18,14,2,32,32,41,6],"gold":390,"neow_bonus":"BOSS_RELIC","is_prod":false,"is_daily":false,"chose_seed":false,"campfire_upgraded":3,"win_rate":0,"timestamp":1551494508,"path_taken":["M","?","?","?","M","R","?","E","T","R","M","?","R","?","R","BOSS"],"build_version":"2019-01-23","purchased_purges":0,"victory":false,"max_hp_per_floor":[70,70,70,70,70,70,70,70,70,70,70,70,70,70,70,70],"card_choices":[{"not_picked":["Quick Slash","Slice"],"picked":"Bouncing Flask","floor":1},{"not_picked":["Sucker Punch","Heel Hook"],"picked":"Bane","floor":2},{"not_picked":["Outmaneuver","Flying Knee"],"picked":"Calculated Gamble","floor":5},{"not_picked":["Cloak And Dagger","Dodge and Roll"],"picked":"Underhanded Strike","floor":8},{"not_picked":["Dodge and Roll","Cloak And Dagger"],"picked":"Blur","floor":11},{"not_picked":["Underhanded Strike","Flying Knee"],"picked":"Masterful Stab","floor":12}],"player_experience":174195,"relics_obtained":[{"floor":8,"key":"Dodecahedron"},{"floor":9,"key":"Oddly Smooth Stone"}],"event_choices":[{"damage_healed":0,"gold_gain":0,"player_choice":"Box","damage_taken":0,"relics_obtained":["MawBank"],"max_hp_gain":0,"max_hp_loss":0,"event_name":"Big Fish","floor":3,"gold_loss":0,"cards_obtained":["Regret"]},{"damage_healed":0,"gold_gain":0,"player_choice":"Entered Light","damage_taken":14,"max_hp_gain":0,"max_hp_loss":0,"event_name":"Shining Light","floor":4,"gold_loss":0,"cards_upgraded":["Strike_G","Neutralize"]},{"damage_healed":0,"gold_gain":0,"player_choice":"Gave Potion","damage_taken":0,"relics_obtained":["Ancient Tea Set"],"max_hp_gain":0,"max_hp_loss":0,"event_name":"WeMeetAgain","floor":7,"gold_loss":0}],"is_beta":false,"boss_relics":[],"items_purged_floors":[],"is_endless":false,"potions_floor_spawned":[5,8],"killed_by":"Slime Boss","ascension_level":5}