{"gold_per_floor":[117,117,135,149,167,167,201,201,201,376,376,393,7,31,31,31],"floor_reached":16,"playtime":398,"items_purged":[],"score":125,"play_id":"c0f26b67-0af4-4e91-b99b-c059e0e30c92","local_time":"20181124031037","is_ascension_mode":true,"campfire_choices":[{"data":"Defragment","floor":6,"key":"SMITH"},{"floor":15,"key":"REST"}],"neow_cost":"NONE","seed_source_timestamp":264100820323789,"circlet_count":0,"master_deck":["Strike_B","Strike_B","Strike_B","Strike_B","Defend_B","Defend_B","Defend_B","Zap","Dualcast","Leap","Defragment+1","Go for the Eyes","Capacitor","Loop","Doubt","Defragment","Ball Lightning","Steam","Go for the Eyes"],"relics":["Philosopher\u0027s Stone","Oddly Smooth Stone","Ginger","Ornamental Fan","Shuriken","Bottled Flame","Odd Mushroom"],"potions_floor_usage":[14],"damage_taken":[{"damage":2,"enemies":"Cultist","floor":1,"turns":3},{"damage":4,"enemies":"2 Louse","floor":3,"turns":2},{"damage":7,"enemies":"Small Slimes","floor":4,"turns":3},{"damage":7,"enemies":"2 Fungi Beasts","floor":5,"turns":2},{"damage":16,"enemies":"Lagavulin","floor":7,"turns":7},{"damage":6,"enemies":"Looter","floor":12,"turns":3},{"damage":14,"enemies":"The Mushroom Lair","floor":14,"turns":4},{"damage":31,"enemies":"Slime Boss","floor":16,"turns":8}],"seed_played":"2427990428318393142","potions_obtained":[{"floor":1,"key":"SpeedPotion"},{"floor":3,"key":"SneckoOil"}],"is_trial":false,"path_per_floor":["M","?","M","M","M","R","E","?","T","?","T","M","$","?","R","B"],"character_chosen":"DEFECT","items_purchased":["Defragment","Ball Lightning","Bottled Flame","Steam"],"campfire_rested":1,"item_purchase_floors":[13,13,13,13],"current_hp_per_floor":[73,73,69,62,55,55,39,27,27,27,27,21,21,7,29,0],"gold":31,"neow_bonus":"BOSS_RELIC","is_prod":false,"is_daily":false,"chose_seed":false,"campfire_upgraded":1,"win_rate":0,"timestamp":1542982237,"path_taken":["M","?","M","M","?","R","E","?","T","?","?","M","$","?","R","BOSS"],"build_version":"2018-11-15","purchased_purges":0,"victory":false,"max_hp_per_floor":[75,75,75,75,75,75,75,75,75,75,75,75,75,75,75,75],"card_choices":[{"not_picked":["Consume","Steam Power"],"picked":"Leap","floor":1},{"not_picked":["Rebound","Leap"],"picked":"Defragment","floor":3},{"not_picked":["Leap","Scrape"],"picked":"Go for the Eyes","floor":4},{"not_picked":["Chill","Leap"],"picked":"Capacitor","floor":5},{"not_picked":["Rainbow","BootSequence"],"picked":"Loop","floor":7},{"not_picked":["Barrage","Beam Cell","Aggregate"],"picked":"SKIP","floor":12},{"not_picked":["Recycle","Barrage"],"picked":"Go for the Eyes","floor":14}],"player_experience":363035,"relics_obtained":[{"floor":7,"key":"Oddly Smooth Stone"},{"floor":9,"key":"Ornamental Fan"},{"floor":11,"key":"Shuriken"},{"floor":14,"key":"Odd Mushroom"}],"event_choices":[{"cards_removed":["Defend_B"],"damage_healed":0,"gold_gain":0,"player_choice":"Offered Basic","damage_taken":0,"max_hp_gain":0,"max_hp_loss":0,"event_name":"Bonfire Elementals","floor":2,"gold_loss":0},{"damage_healed":0,"gold_gain":0,"player_choice":"Success","damage_taken":12,"relics_obtained":["Ginger"],"max_hp_gain":0,"max_hp_loss":0,"event_name":"Scrap Ooze","floor":8,"gold_loss":0},{"damage_healed":0,"gold_gain":175,"player_choice":"AGREE","damage_taken":0,"max_hp_gain":0,"max_hp_loss":0,"event_name":"Liars Game","floor":10,"gold_loss":0,"cards_obtained":["Doubt"]},{"damage_healed":0,"gold_gain":0,"player_choice":"Fought Mushrooms","damage_taken":0,"max_hp_gain":0,"max_hp_loss":0,"event_name":"Mushrooms","floor":14,"gold_loss":0}],"is_beta":false,"boss_relics":[],"items_purged_floors":[],"is_endless":false,"potions_floor_spawned":[1,3],"killed_by":"Slime Boss","ascension_level":5}