{"gold_per_floor":[213,213,226,226,244,244,259,287,335,335,354,41,70,70,70,168,168,178,178,192,205,52,77,77,77,101,101,126,138,138,150,150,246,246,260,274,374,374,131,159,159,191,191,191,208,241,259,10,10,10],"floor_reached":51,"playtime":5565,"items_purged":["Strike_G+1","Strike_G+1"],"score":1297,"play_id":"944a6a32-24d6-4922-8325-106cde12c5a7","local_time":"20190201183732","is_ascension_mode":true,"campfire_choices":[{"data":"Deadly Poison","floor":6,"key":"SMITH"},{"data":"Dagger Spray","floor":10,"key":"SMITH"},{"floor":15,"key":"REST"},{"data":"Catalyst","floor":25,"key":"SMITH"},{"data":"Footwork","floor":27,"key":"SMITH"},{"data":"PiercingWail","floor":32,"key":"SMITH"},{"data":"Well Laid Plans","floor":41,"key":"SMITH"},{"floor":44,"key":"REST"},{"floor":49,"key":"REST"}],"neow_cost":"NONE","seed_source_timestamp":9478407251382,"circlet_count":0,"master_deck":["Defend_G+1","Defend_G+1","Defend_G+1","Defend_G+1","Defend_G+1","Strike_G+1","Strike_G+1","Strike_G+1","Survivor","Neutralize+1","Flying Knee","PiercingWail+1","Deadly Poison+1","Die Die Die","Dagger Spray+1","Catalyst+1","Outmaneuver+1","Doppelganger+1","Sucker Punch+1","Concentrate+1","Footwork+1","Bouncing Flask+1","Ghostly+1","Ghostly+1","Ghostly+1","Ghostly+1","Ghostly+1","Leg Sweep+1","Blade Dance+1","Venomology+1","Well Laid Plans+1","Blur+1","Impatience+1","Crippling Poison+1","Burst+1"],"relics":["Ring of the Serpent","Kunai","Potion Belt","War Paint","Toxic Egg 2","Ice Cream","Busted Crown","Anchor","Bag of Preparation","Pantograph","Ginger","Bottled Tornado","Juzu Bracelet","Mercury Hourglass"],"potions_floor_usage":[8,8,16,23,23,23,30,31,31,42,46,47,47,50,50,50],"damage_taken":[{"damage":2,"enemies":"Jaw Worm","floor":1,"turns":6},{"damage":0,"enemies":"2 Louse","floor":3,"turns":2},{"damage":0,"enemies":"Cultist","floor":5,"turns":4},{"damage":5,"enemies":"3 Louse","floor":7,"turns":4},{"damage":11,"enemies":"Gremlin Nob","floor":8,"turns":3},{"damage":0,"enemies":"Looter","floor":11,"turns":3},{"damage":12,"enemies":"3 Sentries","floor":13,"turns":5},{"damage":32,"enemies":"Slime Boss","floor":16,"turns":10},{"damage":17,"enemies":"Spheric Guardian","floor":18,"turns":5},{"damage":12,"enemies":"Chosen","floor":20,"turns":3},{"damage":9,"enemies":"Centurion and Healer","floor":21,"turns":6},{"damage":9,"enemies":"Slavers","floor":23,"turns":4},{"damage":3,"enemies":"Book of Stabbing","floor":28,"turns":5},{"damage":0,"enemies":"Snecko","floor":29,"turns":4},{"damage":0,"enemies":"Shelled Parasite and Fungi","floor":30,"turns":3},{"damage":1,"enemies":"3 Cultists","floor":31,"turns":4},{"damage":20,"enemies":"Champ","floor":33,"turns":16},{"damage":1,"enemies":"3 Darklings","floor":35,"turns":5},{"damage":2,"enemies":"3 Shapes","floor":36,"turns":6},{"damage":0,"enemies":"Mind Bloom Boss Battle","floor":37,"turns":7},{"damage":0,"enemies":"Nemesis","floor":40,"turns":7},{"damage":14,"enemies":"Reptomancer","floor":42,"turns":5},{"damage":0,"enemies":"Jaw Worm Horde","floor":45,"turns":4},{"damage":0,"enemies":"Giant Head","floor":46,"turns":7},{"damage":0,"enemies":"4 Shapes","floor":47,"turns":4},{"damage":0,"enemies":"Awakened One","floor":50,"turns":16}],"seed_played":"9013666307237262657","potions_obtained":[{"floor":3,"key":"Poison Potion"},{"floor":5,"key":"AttackPotion"},{"floor":8,"key":"Ancient Potion"},{"floor":14,"key":"SmokeBomb"},{"floor":14,"key":"Explosive Potion"},{"floor":14,"key":"Poison Potion"},{"floor":18,"key":"LiquidBronze"},{"floor":23,"key":"Fire Potion"},{"floor":33,"key":"Fire Potion"},{"floor":47,"key":"Energy Potion"}],"is_trial":false,"path_per_floor":["M","?","M","?","M","R","M","E","T","R","M","$","E","?","R","B",null,"M","?","M","M","$","E","?","R","T","R","E","M","M","M","R","B",null,"M","M","?","?","$","E","R","E","T","R","M","E","M","$","R","B",null],"character_chosen":"THE_SILENT","items_purchased":["Toxic Egg 2","GhostInAJar","Footwork","Bouncing Flask+1","Impatience+1","Crippling Poison+1","Burst+1"],"campfire_rested":3,"item_purchase_floors":[12,12,22,22,39,39,48],"current_hp_per_floor":[61,49,49,49,49,49,44,33,33,33,33,33,21,21,42,10,55,38,38,26,17,17,8,8,8,8,8,5,5,5,4,4,9,29,28,26,35,35,35,35,35,21,21,31,31,31,31,31,35,35],"gold":10,"neow_bonus":"HUNDRED_GOLD","is_prod":false,"is_daily":false,"chose_seed":false,"campfire_upgraded":6,"win_rate":0,"timestamp":1548999452,"path_taken":["M","?","M","?","M","R","M","E","T","R","M","$","E","?","R","BOSS","M","?","M","M","$","E","?","R","T","R","E","M","M","M","R","BOSS","M","M","?","?","?","E","R","E","T","R","M","E","M","$","R","BOSS"],"build_version":"2019-01-23","purchased_purges":2,"victory":true,"max_hp_per_floor":[70,70,70,70,70,70,70,70,70,70,70,70,70,70,70,70,70,70,70,70,70,70,70,35,35,35,35,35,35,35,35,35,35,35,35,35,35,35,35,35,35,35,35,35,35,35,35,35,35,35],"card_choices":[{"not_picked":["Blade Dance","PiercingWail"],"picked":"Flying Knee","floor":1},{"not_picked":["Backflip","Noxious Fumes"],"picked":"PiercingWail","floor":3},{"not_picked":["Dodge and Roll","Acrobatics"],"picked":"Deadly Poison","floor":5},{"not_picked":["Deflect","Dagger Spray"],"picked":"Die Die Die","floor":7},{"not_picked":["PiercingWail","Deflect"],"picked":"Dagger Spray","floor":8},{"not_picked":["Escape Plan","Dagger Spray"],"picked":"Catalyst","floor":11},{"not_picked":["Setup+1","Slice"],"picked":"Outmaneuver+1","floor":13},{"not_picked":["Venomology+1","A Thousand Cuts"],"picked":"Doppelganger+1","floor":16},{"not_picked":[],"picked":"Sucker Punch+1","floor":18},{"not_picked":["Poisoned Stab"],"picked":"SKIP","floor":20},{"not_picked":[],"picked":"Concentrate+1","floor":21},{"not_picked":["Sucker Punch"],"picked":"SKIP","floor":23},{"not_picked":[],"picked":"Leg Sweep+1","floor":28},{"not_picked":["Flying Knee"],"picked":"SKIP","floor":29},{"not_picked":[],"picked":"Blade Dance+1","floor":31},{"not_picked":[],"picked":"Venomology+1","floor":33},{"not_picked":[],"picked":"Well Laid Plans","floor":35},{"not_picked":["Underhanded Strike+1"],"picked":"SKIP","floor":36},{"not_picked":[],"picked":"Blur+1","floor":37},{"not_picked":["Backstab"],"picked":"SKIP","floor":40},{"not_picked":["Poisoned Stab"],"picked":"SKIP","floor":42},{"not_picked":["Sucker Punch+1"],"picked":"SKIP","floor":45},{"not_picked":["Dagger Spray"],"picked":"SKIP","floor":46},{"not_picked":["Backstab"],"picked":"SKIP","floor":47}],"player_experience":142381,"relics_obtained":[{"floor":8,"key":"Potion Belt"},{"floor":9,"key":"War Paint"},{"floor":13,"key":"Ice Cream"},{"floor":23,"key":"Anchor"},{"floor":26,"key":"Bag of Preparation"},{"floor":28,"key":"Pantograph"},{"floor":37,"key":"Ginger"},{"floor":42,"key":"Bottled Tornado"},{"floor":43,"key":"Juzu Bracelet"},{"floor":46,"key":"Mercury Hourglass"}],"event_choices":[{"damage_healed":0,"gold_gain":0,"player_choice":"Success","damage_taken":12,"relics_obtained":["Kunai"],"max_hp_gain":0,"max_hp_loss":0,"event_name":"Scrap Ooze","floor":2,"gold_loss":0},{"damage_healed":0,"gold_gain":0,"player_choice":"Grow","damage_taken":0,"max_hp_gain":0,"max_hp_loss":0,"event_name":"Living Wall","floor":4,"gold_loss":0,"cards_upgraded":["Neutralize"]},{"damage_healed":0,"gold_gain":0,"player_choice":"Got Potions","damage_taken":0,"max_hp_gain":0,"max_hp_loss":0,"event_name":"Lab","floor":14,"gold_loss":0},{"damage_healed":0,"gold_gain":0,"player_choice":"Simplicity","damage_taken":0,"max_hp_gain":0,"max_hp_loss":0,"event_name":"Back to Basics","floor":19,"gold_loss":0,"cards_upgraded":["Defend_G","Defend_G","Defend_G","Strike_G","Strike_G","Strike_G","Strike_G","Strike_G"]},{"damage_healed":0,"gold_gain":0,"player_choice":"Became a Ghost","damage_taken":0,"max_hp_gain":0,"max_hp_loss":35,"event_name":"Ghosts","floor":24,"gold_loss":0,"cards_obtained":["Ghostly","Ghostly","Ghostly","Ghostly","Ghostly"]},{"damage_healed":0,"gold_gain":0,"player_choice":"Fight","damage_taken":0,"max_hp_gain":0,"max_hp_loss":0,"event_name":"MindBloom","floor":37,"gold_loss":0},{"damage_healed":0,"gold_gain":0,"player_choice":"Ignored","damage_taken":0,"max_hp_gain":0,"max_hp_loss":0,"event_name":"Tomb of Lord Red Mask","floor":38,"gold_loss":0}],"is_beta":false,"boss_relics":[{"not_picked":["HoveringKite","Calling Bell"],"picked":"Busted Crown"},{"not_picked":["Cursed Key","Sozu"],"picked":"Ring of the Serpent"}],"items_purged_floors":[39,48],"is_endless":false,"potions_floor_spawned":[3,5,8,18,21,23,33,40,42,47],"ascension_level":9}