{"gold_per_floor":[111,123,143,74,149,149,160,189,189,206,240,240,240,258,258,362,362,381,397,397,397,25,50,50,76,100,7,41,41,57,83,83,188,188,205,205,25,71,71,71,101,101],"floor_reached":42,"playtime":2893,"items_purged":["Parasite"],"score":637,"play_id":"dd0c5cc1-e4fc-4275-ada8-f7fd3e8a1446","local_time":"20190217154057","is_ascension_mode":true,"campfire_choices":[{"data":"Dualcast","floor":6,"key":"SMITH"},{"data":"Zap","floor":13,"key":"SMITH"},{"data":"Loop","floor":15,"key":"SMITH"},{"data":"Defragment","floor":24,"key":"SMITH"},{"data":"Hologram","floor":29,"key":"SMITH"},{"data":"Go for the Eyes","floor":32,"key":"SMITH"},{"floor":40,"key":"REST"}],"neow_cost":"NONE","seed_source_timestamp":32479723067683,"circlet_count":0,"master_deck":["Strike_B","Strike_B","Strike_B","Defend_B","Defend_B","Defend_B","Defend_B","Zap+1","Dualcast+1","Loop+1","Glacier","Cold Snap","Conserve Battery","Ball Lightning","Cold Snap","Heatsinks","Ball Lightning","Core Surge","Cold Snap","All For One","Storm","Hologram+1","Defragment+1","Conserve Battery","Go for the Eyes+1","Capacitor","Flash of Steel","Self Repair","Fusion+1","Chill+1","Echo Form","Redo","Madness","Madness","Apotheosis","Fusion","The Bomb","HandOfGreed","Loop+1"],"relics":["Cracked Core","DataDisk","Centennial Puzzle","Question Card","Sozu","Lee\u0027s Waffle","StoneCalendar","Ginger","Vajra","Darkstone Periapt","Snecko Eye","Turnip","Happy Flower"],"potions_floor_usage":[7,11,11,14],"damage_taken":[{"damage":1,"enemies":"Cultist","floor":1,"turns":3},{"damage":10,"enemies":"Small Slimes","floor":2,"turns":3},{"damage":2,"enemies":"Jaw Worm","floor":3,"turns":4},{"damage":0,"enemies":"Large Slime","floor":7,"turns":6},{"damage":22,"enemies":"3 Sentries","floor":8,"turns":5},{"damage":7,"enemies":"Exordium Thugs","floor":10,"turns":4},{"damage":17,"enemies":"Lagavulin","floor":11,"turns":5},{"damage":9,"enemies":"Exordium Wildlife","floor":14,"turns":6},{"damage":3,"enemies":"Slime Boss","floor":16,"turns":7},{"damage":12,"enemies":"Shell Parasite","floor":18,"turns":5},{"damage":8,"enemies":"3 Byrds","floor":19,"turns":4},{"damage":19,"enemies":"Slavers","floor":23,"turns":5},{"damage":20,"enemies":"Book of Stabbing","floor":25,"turns":7},{"damage":18,"enemies":"Gremlin Leader","floor":28,"turns":7},{"damage":0,"enemies":"Centurion and Healer","floor":30,"turns":5},{"damage":20,"enemies":"Slavers","floor":31,"turns":5},{"damage":13,"enemies":"Automaton","floor":33,"turns":9},{"damage":3,"enemies":"Orb Walker","floor":35,"turns":2},{"damage":68,"enemies":"2 Orb Walkers","floor":38,"turns":6},{"damage":23,"enemies":"Reptomancer","floor":41,"turns":7},{"damage":14,"enemies":"3 Darklings","floor":42,"turns":2}],"seed_played":"7582295456873883909","potions_obtained":[{"floor":2,"key":"SkillPotion"},{"floor":3,"key":"Poison Potion"},{"floor":8,"key":"Regen Potion"},{"floor":11,"key":"Regen Potion"},{"floor":16,"key":"Ancient Potion"}],"is_trial":false,"path_per_floor":["M","M","M","$","?","R","M","E","T","M","E","?","R","M","R","B",null,"M","M","?","?","$","E","R","E","T","$","E","R","M","E","R","B",null,"M","?","$","?","?","R","E","M"],"character_chosen":"DEFECT","items_purchased":["Conserve Battery","Ball Lightning","Defragment","Lee\u0027s Waffle","Conserve Battery","Flash of Steel","Apotheosis"],"campfire_rested":1,"item_purchase_floors":[4,4,22,22,22,27,37],"current_hp_per_floor":[81,71,69,69,58,58,58,36,36,29,26,46,46,52,52,49,82,70,62,46,46,91,72,72,52,52,52,34,34,41,28,28,15,91,88,77,77,9,4,31,8,0],"gold":101,"neow_bonus":"TEN_PERCENT_HP_BONUS","is_prod":false,"is_daily":false,"chose_seed":false,"campfire_upgraded":6,"win_rate":0,"timestamp":1550446857,"path_taken":["M","M","?","$","?","R","M","E","T","M","E","?","R","M","R","BOSS","M","M","?","?","$","E","R","E","T","$","E","R","M","E","R","BOSS","M","?","$","?","?","R","E","M"],"build_version":"2019-01-23","purchased_purges":1,"victory":false,"max_hp_per_floor":[82,82,82,82,82,82,82,82,82,82,82,82,82,82,82,82,82,82,82,87,87,91,91,91,91,91,91,91,91,91,91,91,91,91,91,91,91,91,91,91,91,91],"card_choices":[{"not_picked":["Redo","Steam"],"picked":"Loop","floor":1},{"not_picked":["Double Energy","Stack"],"picked":"Glacier","floor":2},{"not_picked":["Compile Driver","Static Discharge"],"picked":"Cold Snap","floor":3},{"not_picked":["Fusion","Force Field"],"picked":"Cold Snap","floor":7},{"not_picked":["Force Field","Sweeping Beam"],"picked":"Heatsinks","floor":8},{"not_picked":["Rebound","Barrage"],"picked":"Ball Lightning","floor":10},{"not_picked":["Sweeping Beam","Gash"],"picked":"Core Surge","floor":11},{"not_picked":["Sweeping Beam","Rebound","Conserve Battery"],"picked":"Cold Snap","floor":14},{"not_picked":["Thunder Strike","Core Surge","Seek"],"picked":"All For One","floor":16},{"not_picked":["Barrage","Conserve Battery","Cold Snap"],"picked":"Storm","floor":18},{"not_picked":["Sweeping Beam","Melter","Stack"],"picked":"Hologram","floor":19},{"not_picked":["BootSequence+1","Coolheaded","Turbo"],"picked":"Go for the Eyes","floor":23},{"not_picked":["Biased Cognition","Melter","Compile Driver+1"],"picked":"Capacitor","floor":25},{"not_picked":["Lockon","Sweeping Beam","Cold Snap+1"],"picked":"Self Repair","floor":28},{"not_picked":["Gash","Beam Cell","Barrage"],"picked":"Fusion+1","floor":30},{"not_picked":["Gash","Reprogram+1","Leap"],"picked":"Chill+1","floor":31},{"not_picked":["Thunder Strike","Buffer","Electrodynamics"],"picked":"Echo Form","floor":33},{"not_picked":["Sweeping Beam","Go for the Eyes","Beam Cell"],"picked":"Redo","floor":35},{"not_picked":["Aggregate+1","Double Energy+1","Gash+1"],"picked":"Fusion","floor":38},{"not_picked":["Blind","Jack Of All Trades","HandOfGreed"],"picked":"The Bomb","floor":39},{"not_picked":["Good Instincts","PanicButton","Jack Of All Trades"],"picked":"HandOfGreed","floor":39},{"not_picked":["Ball Lightning","Tempest","Genetic Algorithm"],"picked":"Loop+1","floor":41}],"player_experience":366301,"relics_obtained":[{"floor":8,"key":"DataDisk"},{"floor":9,"key":"Centennial Puzzle"},{"floor":11,"key":"Question Card"},{"floor":23,"key":"StoneCalendar"},{"floor":25,"key":"Ginger"},{"floor":28,"key":"Vajra"},{"floor":31,"key":"Darkstone Periapt"},{"floor":38,"key":"Turnip"},{"floor":41,"key":"Happy Flower"}],"event_choices":[{"damage_healed":0,"gold_gain":75,"player_choice":"Gather Gold","damage_taken":11,"max_hp_gain":0,"max_hp_loss":0,"event_name":"World of Goop","floor":5,"gold_loss":0},{"damage_healed":20,"gold_gain":0,"player_choice":"Healed and dodged fight","damage_taken":0,"max_hp_gain":0,"max_hp_loss":0,"event_name":"Mushrooms","floor":12,"gold_loss":0,"cards_obtained":["Parasite"]},{"damage_healed":0,"gold_gain":0,"player_choice":"Shed Blood","damage_taken":21,"max_hp_gain":5,"max_hp_loss":0,"event_name":"Forgotten Altar","floor":20,"gold_loss":0},{"cards_removed":["Strike_B"],"damage_healed":0,"gold_gain":0,"player_choice":"Card Removal","damage_taken":0,"max_hp_gain":0,"max_hp_loss":0,"event_name":"Wheel of Change","floor":21,"gold_loss":0},{"damage_healed":0,"gold_gain":0,"player_choice":"Embrace Madness","damage_taken":11,"max_hp_gain":0,"max_hp_loss":0,"event_name":"Winding Halls","floor":36,"gold_loss":0,"cards_obtained":["Madness","Madness"]},{"damage_healed":0,"gold_gain":0,"player_choice":"Fight","damage_taken":0,"max_hp_gain":0,"max_hp_loss":0,"event_name":"Mysterious Sphere","floor":38,"gold_loss":0},{"damage_healed":0,"gold_gain":0,"player_choice":"Memory 2","damage_taken":5,"max_hp_gain":0,"max_hp_loss":0,"event_name":"SensoryStone","floor":39,"gold_loss":0}],"is_beta":false,"boss_relics":[{"not_picked":["White Beast Statue","Tiny House"],"picked":"Sozu"},{"not_picked":["Runic Dome","Orrery"],"picked":"Snecko Eye"}],"items_purged_floors":[22],"is_endless":false,"potions_floor_spawned":[2,3,8,11,16,18,23,31,41],"killed_by":"3 Darklings","ascension_level":3}