{"gold_per_floor":[114,114,133,146,24,49,49,76,76,92,106,133,163,191,191,290,290,245,16,0,0,0,0,0,0,0,0,0,0,0,0,0,0,0,0,0,0,0,0,0,0,0,0,0,0,0,0,0,0,0,0,0,0,0,0],"floor_reached":55,"playtime":4276,"items_purged":["Strike_G"],"score":1136,"play_id":"ca588e67-f635-49f4-b268-5615557b198b","local_time":"20190227200752","is_ascension_mode":true,"campfire_choices":[{"data":"Caltrops","floor":7,"key":"SMITH"},{"data":"Cloak And Dagger","floor":15,"key":"SMITH"},{"data":"Malaise","floor":24,"key":"SMITH"},{"data":"Bouncing Flask","floor":32,"key":"SMITH"},{"data":"Glass Knife","floor":41,"key":"SMITH"},{"floor":49,"key":"RECALL"},{"data":"Footwork","floor":52,"key":"SMITH"}],"neow_cost":"NONE","seed_source_timestamp":213150153870811,"circlet_count":0,"master_deck":["Defend_G","Defend_G","Defend_G","Defend_G","Defend_G","Strike_G","Strike_G","Strike_G","Survivor","Neutralize+1","Dagger Throw","Caltrops+1","Leg Sweep","Poisoned Stab","Blur+1","Dagger Throw+1","Leg Sweep+1","Cloak And Dagger+1","Well Laid Plans","Sucker Punch","Malaise+1","Heel Hook","Footwork+1","Corpse Explosion","Poisoned Stab","Dodge and Roll","Bouncing Flask+1","Glass Knife+1","Heel Hook","Writhe","Backflip+1","Leg Sweep+1","Master of Strategy","Doubt","Backflip+1","Heel Hook"],"relics":["Ring of the Snake","Darkstone Periapt","Pantograph","Meat on the Bone","Bottled Flame","Tiny Chest","Whetstone","Ectoplasm","Vajra","Orichalcum","Blue Candle","Bag of Marbles","Calipers","Oddly Smooth Stone","Philosopher\u0027s Stone","Red Mask","Mummified Hand","War Paint","MawBank","Pear","Happy Flower"],"potions_floor_usage":[6,6,8,12,14,14,42,42,42,54,55],"damage_taken":[{"damage":2,"enemies":"Cultist","floor":1,"turns":4},{"damage":2,"enemies":"Small Slimes","floor":3,"turns":3},{"damage":0,"enemies":"Jaw Worm","floor":4,"turns":5},{"damage":13,"enemies":"Lagavulin","floor":6,"turns":11},{"damage":17,"enemies":"Gremlin Nob","floor":8,"turns":4},{"damage":2,"enemies":"Large Slime","floor":10,"turns":6},{"damage":0,"enemies":"Blue Slaver","floor":11,"turns":5},{"damage":13,"enemies":"Lagavulin","floor":12,"turns":9},{"damage":13,"enemies":"3 Sentries","floor":14,"turns":12},{"damage":14,"enemies":"Hexaghost","floor":16,"turns":13},{"damage":8,"enemies":"2 Thieves","floor":18,"turns":4},{"damage":0,"enemies":"Book of Stabbing","floor":23,"turns":7},{"damage":19,"enemies":"Slavers","floor":27,"turns":6},{"damage":2,"enemies":"Spheric Guardian","floor":28,"turns":6},{"damage":0,"enemies":"Chosen and Byrds","floor":30,"turns":5},{"damage":3,"enemies":"Gremlin Leader","floor":31,"turns":6},{"damage":25,"enemies":"Collector","floor":33,"turns":14},{"damage":0,"enemies":"3 Darklings","floor":35,"turns":3},{"damage":5,"enemies":"Orb Walker","floor":36,"turns":4},{"damage":10,"enemies":"Jaw Worm Horde","floor":38,"turns":4},{"damage":9,"enemies":"Nemesis","floor":40,"turns":9},{"damage":18,"enemies":"Giant Head","floor":42,"turns":9},{"damage":30,"enemies":"Reptomancer","floor":44,"turns":7},{"damage":19,"enemies":"Nemesis","floor":47,"turns":9},{"damage":2,"enemies":"Transient","floor":48,"turns":5},{"damage":26,"enemies":"Time Eater","floor":50,"turns":17},{"damage":73,"enemies":"Shield and Spear","floor":54,"turns":7},{"damage":66,"enemies":"The Heart","floor":55,"turns":6}],"seed_played":"7484380539976613318","potions_obtained":[{"floor":0,"key":"Strength Potion"},{"floor":0,"key":"Energy Potion"},{"floor":0,"key":"EssenceOfSteel"},{"floor":6,"key":"Dexterity Potion"},{"floor":8,"key":"FearPotion"},{"floor":10,"key":"Fire Potion"},{"floor":18,"key":"SpeedPotion"},{"floor":30,"key":"SpeedPotion"},{"floor":33,"key":"Poison Potion"},{"floor":35,"key":"SkillPotion"},{"floor":47,"key":"GamblersBrew"},{"floor":54,"key":"Regen Potion"}],"is_trial":false,"path_per_floor":["M","?","M","M","$","E","R","E","T","M","M","E","?","E","R","B",null,"M","$","?","?","T","E","R","$","T","E","M","$","M","E","R","B",null,"M","M","?","M","?","E","R","E","T","E","?","?","E","M","R","B",null,"R","$","E","B"],"character_chosen":"THE_SILENT","items_purchased":["Poisoned Stab","Vajra","Footwork"],"campfire_rested":0,"item_purchase_floors":[5,19,19],"current_hp_per_floor":[68,68,66,66,66,53,53,36,36,46,46,45,45,44,44,55,66,58,58,58,58,58,58,58,58,58,39,37,37,37,46,46,45,64,64,59,76,66,66,57,57,39,39,21,21,82,73,71,71,66,86,86,86,25,0],"gold":0,"neow_bonus":"THREE_SMALL_POTIONS","is_prod":false,"is_daily":false,"chose_seed":false,"campfire_upgraded":6,"win_rate":0,"timestamp":1551294472,"path_taken":["M","?","M","M","?","E","R","E","T","M","M","E","?","E","R","BOSS","M","$","?","?","?","E","R","?","T","E","M","$","M","E","R","BOSS","M","M","?","M","?","E","R","E","T","E","?","?","E","M","R","BOSS","R","$","E","BOSS"],"build_version":"2019-01-23","purchased_purges":1,"victory":false,"max_hp_per_floor":[70,70,70,70,70,70,70,70,70,70,70,70,70,70,70,70,70,70,70,70,70,70,70,70,70,70,70,70,70,70,70,70,70,70,70,70,76,76,76,76,76,76,76,76,76,82,92,92,92,92,92,92,92,92,92],"card_choices":[{"not_picked":["Backflip","PiercingWail"],"picked":"Dagger Throw","floor":1},{"not_picked":["Outmaneuver","Underhanded Strike"],"picked":"Caltrops","floor":3},{"not_picked":["Choke","Quick Slash"],"picked":"Leg Sweep","floor":4},{"not_picked":["Die Die Die","Choke"],"picked":"Blur","floor":6},{"not_picked":["Blade Dance","All Out Attack"],"picked":"Dagger Throw","floor":8},{"not_picked":["Flying Knee","Crippling Poison"],"picked":"Leg Sweep","floor":10},{"not_picked":["Deflect","Prepared"],"picked":"Cloak And Dagger","floor":11},{"not_picked":["Outmaneuver","Dash"],"picked":"Well Laid Plans","floor":12},{"not_picked":["Dagger Spray","Quick Slash"],"picked":"Sucker Punch","floor":14},{"not_picked":["Grand Finale","Storm of Steel"],"picked":"Malaise","floor":16},{"not_picked":["Deflect","Choke"],"picked":"Heel Hook","floor":18},{"not_picked":["Outmaneuver+1","Deadly Poison+1"],"picked":"Corpse Explosion","floor":23},{"not_picked":["Dagger Spray","Slice"],"picked":"Poisoned Stab","floor":27},{"not_picked":["Acrobatics+1","Flying Knee"],"picked":"Dodge and Roll","floor":28},{"not_picked":["Flying Knee","Escape Plan"],"picked":"Bouncing Flask","floor":30},{"not_picked":["Bane","Choke","Setup"],"picked":"SKIP","floor":31},{"not_picked":["Envenom","Venomology"],"picked":"Glass Knife","floor":33},{"not_picked":["Escape Plan","Underhanded Strike","Slice"],"picked":"SKIP","floor":35},{"not_picked":["Crippling Poison","Dagger Spray"],"picked":"Heel Hook","floor":36},{"not_picked":["Calculated Gamble","Sucker Punch","Expertise+1"],"picked":"SKIP","floor":38},{"not_picked":["Noxious Fumes","Poisoned Stab"],"picked":"Backflip+1","floor":40},{"not_picked":["Deadly Poison+1","Outmaneuver+1","Tactician+1"],"picked":"SKIP","floor":42},{"not_picked":["All Out Attack+1","Deadly Poison"],"picked":"Leg Sweep+1","floor":44},{"not_picked":["Enlightenment","Forethought"],"picked":"Master of Strategy","floor":45},{"not_picked":["Flechettes","Bullet Time","Prepared"],"picked":"SKIP","floor":47},{"not_picked":["Concentrate","Eviscerate"],"picked":"Backflip+1","floor":48},{"not_picked":["Choke+1","Backstab"],"picked":"Heel Hook","floor":54}],"player_experience":1017854,"relics_obtained":[{"floor":6,"key":"Darkstone Periapt"},{"floor":8,"key":"Pantograph"},{"floor":9,"key":"Meat on the Bone"},{"floor":12,"key":"Bottled Flame"},{"floor":14,"key":"Whetstone"},{"floor":22,"key":"Orichalcum"},{"floor":23,"key":"Blue Candle"},{"floor":26,"key":"Bag of Marbles"},{"floor":27,"key":"Calipers"},{"floor":31,"key":"Oddly Smooth Stone"},{"floor":40,"key":"Mummified Hand"},{"floor":42,"key":"War Paint"},{"floor":44,"key":"MawBank"},{"floor":47,"key":"Pear"},{"floor":54,"key":"Happy Flower"}],"event_choices":[{"cards_removed":["Strike_G"],"damage_healed":0,"gold_gain":0,"player_choice":"Offered Basic","damage_taken":0,"max_hp_gain":0,"max_hp_loss":0,"event_name":"Bonfire Elementals","floor":2,"gold_loss":0},{"damage_healed":0,"gold_gain":0,"player_choice":"Searched \u00271\u0027 times","damage_taken":0,"relics_obtained":["Tiny Chest"],"max_hp_gain":0,"max_hp_loss":0,"event_name":"Dead Adventurer","floor":13,"gold_loss":0},{"damage_healed":0,"gold_gain":0,"player_choice":"Paid Fearfully","damage_taken":0,"max_hp_gain":0,"max_hp_loss":0,"event_name":"Masked Bandits","floor":20,"gold_loss":16},{"damage_healed":0,"gold_gain":0,"player_choice":"Ignored","damage_taken":0,"max_hp_gain":0,"max_hp_loss":0,"event_name":"Ghosts","floor":21,"gold_loss":0},{"damage_healed":18,"gold_gain":0,"player_choice":"Writhe","damage_taken":0,"max_hp_gain":0,"max_hp_loss":0,"event_name":"Winding Halls","floor":37,"gold_loss":0,"cards_obtained":["Writhe"]},{"damage_healed":0,"gold_gain":0,"player_choice":"Paid","damage_taken":0,"relics_obtained":["Red Mask"],"max_hp_gain":0,"max_hp_loss":0,"event_name":"Tomb of Lord Red Mask","floor":39,"gold_loss":0},{"damage_healed":0,"gold_gain":0,"player_choice":"Memory 1","damage_taken":0,"max_hp_gain":0,"max_hp_loss":0,"event_name":"SensoryStone","floor":45,"gold_loss":0},{"damage_healed":55,"gold_gain":0,"player_choice":"Heal","damage_taken":0,"max_hp_gain":0,"max_hp_loss":0,"event_name":"MindBloom","floor":46,"gold_loss":0,"cards_obtained":["Doubt"]}],"is_beta":false,"boss_relics":[{"not_picked":["Lizard Tail","Orrery"],"picked":"Ectoplasm"},{"not_picked":["Tiny House","Eternal Feather"],"picked":"Philosopher\u0027s Stone"}],"items_purged_floors":[5],"is_endless":false,"potions_floor_spawned":[4,6,8,10,18,30,33,35,40,47,54],"killed_by":"The Heart","ascension_level":5}