{"gold_per_floor":[116,136,148,54,54,54,83,83,83,83,102,129,129,141,141,213,213,228,228,37,62,107,107,157,157,184,219,248,315,350,391,391,470,470,482,148,148,158,175,209,209,209,209,239,239,53,53,96,96,146,171,171,171,21,21],"floor_reached":55,"playtime":4220,"items_purged":["Writhe","Strike_R"],"score":2586,"play_id":"ee50a4f7-f0f3-4a9a-af77-8942f15e8f04","local_time":"20190223202202","is_ascension_mode":true,"campfire_choices":[{"data":"Immolate","floor":6,"key":"SMITH"},{"data":"Dark Shackles","floor":8,"key":"SMITH"},{"data":"Spot Weakness","floor":15,"key":"SMITH"},{"data":"Hemokinesis","floor":23,"key":"SMITH"},{"data":"Battle Trance","floor":25,"key":"SMITH"},{"floor":32,"key":"RECALL"},{"data":"Shrug It Off","floor":41,"key":"SMITH"},{"floor":45,"key":"REST"},{"data":"True Grit","floor":49,"key":"SMITH"},{"floor":53,"key":"REST"}],"neow_cost":"NONE","seed_source_timestamp":0,"circlet_count":0,"master_deck":["AscendersBane","Strike_R+1","Strike_R","Strike_R","Defend_R","Defend_R","Defend_R","Defend_R","Bash+1","Immolate+1","Shrug It Off+1","Anger","Shrug It Off","Dark Shackles+1","Hemokinesis+1","Spot Weakness+1","Battle Trance+1","Offering+1","HandOfGreed+1","Headbutt+1","Immolate+1","Clothesline+1","Pommel Strike+1","Feed+1","Shrug It Off","Evolve+1","Shrug It Off","Feed+1","Inflame+1","Metallicize+1","True Grit+1","Shockwave","Blind"],"special_seed":0,"relics":["Burning Blood","Bottled Flame","Bag of Marbles","Blood Vial","Velvet Choker","Molten Egg 2","Oddly Smooth Stone","Bag of Preparation","Bronze Scales","StoneCalendar","Frozen Egg 2","Cursed Key","Potion Belt","Lantern","Orichalcum"],"potions_floor_usage":[16,33,44],"damage_taken":[{"damage":7,"enemies":"Jaw Worm","floor":1,"turns":3},{"damage":1,"enemies":"Cultist","floor":2,"turns":3},{"damage":0,"enemies":"Small Slimes","floor":3,"turns":3},{"damage":12,"enemies":"3 Sentries","floor":7,"turns":6},{"damage":0,"enemies":"Exordium Thugs","floor":11,"turns":1},{"damage":3,"enemies":"Gremlin Nob","floor":12,"turns":2},{"damage":0,"enemies":"Exordium Wildlife","floor":14,"turns":1},{"damage":33,"enemies":"Hexaghost","floor":16,"turns":9},{"damage":0,"enemies":"2 Thieves","floor":18,"turns":1},{"damage":9,"enemies":"Chosen","floor":22,"turns":3},{"damage":6,"enemies":"Slavers","floor":24,"turns":3},{"damage":16,"enemies":"Sentry and Sphere","floor":27,"turns":3},{"damage":17,"enemies":"Book of Stabbing","floor":28,"turns":4},{"damage":0,"enemies":"Centurion and Healer","floor":29,"turns":5},{"damage":9,"enemies":"Gremlin Leader","floor":30,"turns":4},{"damage":0,"enemies":"3 Cultists","floor":31,"turns":3},{"damage":22,"enemies":"Collector","floor":33,"turns":6},{"damage":6,"enemies":"Orb Walker","floor":35,"turns":1},{"damage":19,"enemies":"3 Shapes","floor":38,"turns":4},{"damage":0,"enemies":"Sphere and 2 Shapes","floor":39,"turns":3},{"damage":12,"enemies":"Reptomancer","floor":40,"turns":4},{"damage":32,"enemies":"Giant Head","floor":44,"turns":6},{"damage":0,"enemies":"Jaw Worm Horde","floor":48,"turns":2},{"damage":34,"enemies":"Donu and Deca","floor":50,"turns":10},{"damage":76,"enemies":"Awakened One","floor":51,"turns":17},{"damage":130,"enemies":"Shield and Spear","floor":55,"turns":6}],"seed_played":"8173629368806756639","potions_obtained":[{"floor":1,"key":"Ancient Potion"},{"floor":11,"key":"SpeedPotion"},{"floor":16,"key":"PowerPotion"},{"floor":38,"key":"PowerPotion"},{"floor":44,"key":"BloodPotion"}],"is_trial":false,"path_per_floor":["M","M","M","$","?","R","E","R","T","T","M","E","?","M","R","B",null,"M","?","$","T","M","R","E","R","T","M","E","M","E","M","R","B",null,"M","$","?","M","M","E","R","?","T","E","R","$","?","M","R","B","B",null,"R","$","E"],"character_chosen":"IRONCLAD","items_purchased":["Dark Shackles","HandOfGreed+1","Evolve+1","Shrug It Off","Feed+1","SteroidPotion","True Grit","SteroidPotion","Blind"],"campfire_rested":2,"item_purchase_floors":[4,20,36,36,36,46,46,54,54],"current_hp_per_floor":[67,72,75,75,52,52,46,46,46,46,52,55,48,56,56,31,64,72,72,72,72,71,71,73,73,73,65,56,64,63,71,71,57,71,77,77,77,74,86,86,86,86,86,66,95,95,95,103,103,75,11,83,107,107,0],"gold":21,"neow_bonus":"ONE_RANDOM_RARE_CARD","is_prod":false,"is_daily":false,"chose_seed":false,"campfire_upgraded":7,"win_rate":0,"timestamp":1550906522,"path_taken":["M","M","M","$","?","R","E","R","T","?","?","E","?","M","R","BOSS","M","?","?","?","M","R","E","R","T","M","E","M","E","M","R","BOSS","M","$","?","?","M","E","R","?","T","E","R","?","?","M","R","BOSS","BOSS","R","$","E"],"build_version":"2019-01-23","purchased_purges":2,"victory":false,"max_hp_per_floor":[75,75,75,75,75,75,75,75,75,75,75,75,75,75,75,75,75,75,75,75,75,75,75,75,75,75,75,75,75,75,75,75,75,75,79,79,79,87,91,95,95,95,95,99,99,99,99,103,103,103,107,107,107,107,107],"card_choices":[{"not_picked":["Rupture","Fire Breathing"],"picked":"Shrug It Off","floor":1},{"not_picked":["Flex","Clothesline"],"picked":"Anger","floor":2},{"not_picked":["Armaments","Power Through"],"picked":"Shrug It Off","floor":3},{"not_picked":["Dark Embrace","Fire Breathing","Heavy Blade"],"picked":"SKIP","floor":7},{"not_picked":["Heavy Blade","Second Wind"],"picked":"Hemokinesis","floor":11},{"not_picked":["Flex","Evolve"],"picked":"Spot Weakness","floor":12},{"not_picked":["Thunderclap","Sever Soul"],"picked":"Battle Trance","floor":14},{"not_picked":["Brutality","Reaper"],"picked":"Offering","floor":16},{"not_picked":["Warcry","Thunderclap","Iron Wave"],"picked":"SKIP","floor":18},{"not_picked":["Wild Strike+1","Flex"],"picked":"Headbutt+1","floor":22},{"not_picked":["Havoc","Spot Weakness"],"picked":"Combust+1","floor":24},{"not_picked":["Fire Breathing+1","Seeing Red","Clash+1"],"picked":"SKIP","floor":27},{"not_picked":["Spot Weakness","Headbutt+1"],"picked":"Immolate+1","floor":28},{"not_picked":["Flex","Body Slam+1","Fire Breathing+1"],"picked":"SKIP","floor":29},{"not_picked":["Berserk","Sword Boomerang+1"],"picked":"Clothesline+1","floor":30},{"not_picked":["Dual Wield","Anger+1"],"picked":"Pommel Strike+1","floor":31},{"not_picked":["Juggernaut+1","Double Tap"],"picked":"Feed+1","floor":33},{"not_picked":["Pommel Strike+1","Headbutt+1"],"picked":"Shrug It Off","floor":35},{"not_picked":["Sword Boomerang+1","Headbutt+1"],"picked":"Inflame+1","floor":38},{"not_picked":["Evolve+1","Sentinel+1","Rupture+1"],"picked":"SKIP","floor":39},{"not_picked":["Flex","Havoc","Perfected Strike+1"],"picked":"SKIP","floor":40},{"not_picked":["Ghostly Armor","Havoc"],"picked":"Metallicize+1","floor":44},{"not_picked":["Flex","Pommel Strike+1"],"picked":"Shockwave","floor":48}],"player_experience":420426,"relics_obtained":[{"floor":7,"key":"Bottled Flame"},{"floor":9,"key":"Bag of Marbles"},{"floor":12,"key":"Blood Vial"},{"floor":21,"key":"Oddly Smooth Stone"},{"floor":24,"key":"Bag of Preparation"},{"floor":26,"key":"Bronze Scales"},{"floor":28,"key":"StoneCalendar"},{"floor":30,"key":"Frozen Egg 2"},{"floor":40,"key":"Potion Belt"},{"floor":42,"key":"Lantern"},{"floor":44,"key":"Orichalcum"}],"event_choices":[{"damage_healed":0,"gold_gain":0,"player_choice":"Entered Light","damage_taken":23,"max_hp_gain":0,"max_hp_loss":0,"event_name":"Shining Light","floor":5,"gold_loss":0,"cards_upgraded":["Strike_R","Bash"]},{"cards_removed":["Strike_R"],"damage_healed":0,"gold_gain":0,"player_choice":"Card Removal","damage_taken":7,"max_hp_gain":0,"max_hp_loss":0,"event_name":"Golden Wing","floor":13,"gold_loss":0},{"damage_healed":0,"gold_gain":0,"player_choice":"Opened","damage_taken":0,"relics_obtained":["Molten Egg 2"],"max_hp_gain":0,"max_hp_loss":0,"event_name":"The Mausoleum","floor":19,"gold_loss":0,"cards_obtained":["Writhe"]},{"damage_healed":0,"gold_gain":0,"player_choice":"Upgraded","damage_taken":0,"max_hp_gain":0,"max_hp_loss":0,"event_name":"Upgrade Shrine","floor":37,"gold_loss":0,"cards_upgraded":["Offering"]},{"damage_healed":0,"gold_gain":0,"player_choice":"Relic","damage_taken":0,"max_hp_gain":0,"max_hp_loss":0,"event_name":"Wheel of Change","floor":42,"gold_loss":0},{"cards_removed":["Combust"],"damage_healed":0,"gold_gain":0,"player_choice":"Removed Power","damage_taken":0,"max_hp_gain":0,"max_hp_loss":0,"event_name":"Falling","floor":47,"gold_loss":0}],"is_beta":false,"boss_relics":[{"not_picked":["Lizard Tail","Fusion Hammer"],"picked":"Velvet Choker"},{"not_picked":["Black Blood","Astrolabe"],"picked":"Cursed Key"}],"items_purged_floors":[36,46],"is_endless":false,"potions_floor_spawned":[1,11,14,16,18,22,29,31,38,44],"killed_by":"Shield and Spear","ascension_level":20}