{"gold_per_floor":[119,119],"floor_reached":2,"playtime":79,"items_purged":[],"score":112,"play_id":"1db04900-27e2-4298-ba6e-5d2d1731dd73","local_time":"20180705062705","daily_mods":["Draft","Diverse","Insanity","Vintage","Hoarder"],"is_ascension_mode":false,"campfire_choices":[],"neow_cost":"","seed_source_timestamp":0,"circlet_count":0,"master_deck":["Setup","Flechettes","Escape Plan","Dagger Throw","Outmaneuver","Escape Plan","Corpse Explosion","Backstab","Burst","Doppelganger","Backflip","Leg Sweep","Survivor","Choke","Tools of the Trade","After Image","Neutralize","Leg Sweep","Caltrops","Crippling Poison","Endless Agony","Noxious Fumes","Skewer","Crippling Poison","Footwork","Storm of Steel","Predator","Well Laid Plans","Flechettes","Venomology","Predator","Flechettes","Eviscerate","A Thousand Cuts","Venomology","Noxious Fumes","Venomology","Dagger Throw","Backflip","Choke","Masterful Stab","Bane","Heel Hook","Quick Slash","Expertise","Defend_G","Terror","Accuracy","PiercingWail","Survivor","Flame Barrier","Flame Barrier","Flame Barrier","Cold Snap","Cold Snap","Cold Snap","Escape Plan","Escape Plan","Escape Plan","Rebound","Rebound","Rebound","Calculated Gamble","Calculated Gamble","Calculated Gamble","Footwork","Footwork","Footwork","Heatsinks","Heatsinks","Heatsinks","Evolve","Evolve","Evolve","Coolheaded","Coolheaded","Coolheaded","Hologram","Hologram","Hologram","Escape Plan","Escape Plan","Escape Plan","Leap","Leap","Leap","Flying Knee","Flying Knee","Flying Knee","Havoc","Havoc","Havoc"],"special_seed":0,"relics":["Ring of the Snake","Pen Nib"],"potions_floor_usage":[],"damage_taken":[{"damage":0.0,"enemies":"2 Louse","floor":1.0,"turns":3.0}],"seed_played":"722715600150498713","potions_obtained":[],"is_trial":true,"path_per_floor":["M"],"character_chosen":"THE_SILENT","items_purchased":[],"campfire_rested":0,"item_purchase_floors":[],"current_hp_per_floor":[70,70],"gold":119,"neow_bonus":"","is_prod":false,"is_daily":false,"chose_seed":false,"campfire_upgraded":0,"win_rate":0,"timestamp":1530728825,"path_taken":["M","$"],"build_version":"2018-06-28","purchased_purges":0,"victory":false,"max_hp_per_floor":[70,70],"card_choices":[{"not_picked":["Warcry","Deflect"],"picked":"Flame Barrier","floor":0.0},{"not_picked":["Leap","Rage"],"picked":"Cold Snap","floor":0.0},{"not_picked":["Dash","Dagger Spray"],"picked":"Escape Plan","floor":0.0},{"not_picked":["Twin Strike","Perfected Strike"],"picked":"Rebound","floor":0.0},{"not_picked":["Backflip","Entrench"],"picked":"Calculated Gamble","floor":0.0},{"not_picked":["Heatsinks","PiercingWail"],"picked":"Footwork","floor":0.0},{"not_picked":["Auto Shields","Heavy Blade"],"picked":"Heatsinks","floor":0.0},{"not_picked":["Underhanded Strike","Streamline"],"picked":"Evolve","floor":0.0},{"not_picked":["Redo","Rampage"],"picked":"Coolheaded","floor":0.0},{"not_picked":["Quick Slash","Cold Snap"],"picked":"Hologram","floor":0.0},{"not_picked":["Twin Strike","Static Discharge"],"picked":"Escape Plan","floor":0.0},{"not_picked":["Turbo","Prepared"],"picked":"Leap","floor":0.0},{"not_picked":["Twin Strike","Warcry"],"picked":"Flying Knee","floor":0.0},{"not_picked":["Clash","Flying Knee"],"picked":"Havoc","floor":0.0}],"player_experience":274009,"relics_obtained":[{"floor":1.0,"key":"Pen Nib"}],"event_choices":[],"boss_relics":[],"items_purged_floors":[],"is_endless":false,"potions_floor_spawned":[],"ascension_level":0}