{"gold_per_floor":[118,118,136,153,32,65,65,17,42,42,60,89,89,112,112,208,208,223,256,355,375,82,82,98,126,126,126,154,154,154,171,171,268,268,280,290,290,306,306,306,338,338,417,428,442,442,460,495,495,495,495,495,27,59,59],"floor_reached":55,"playtime":3837,"items_purged":["Decay"],"score":863,"play_id":"e17b5c15-35fe-4be1-8571-a7f7879f05a3","local_time":"20190302125810","is_ascension_mode":true,"campfire_choices":[{"data":"Doppelganger","floor":7,"key":"SMITH"},{"data":"Neutralize","floor":10,"key":"SMITH"},{"floor":13,"key":"REST"},{"data":"Sucker Punch","floor":15,"key":"SMITH"},{"data":"Blade Dance","floor":23,"key":"SMITH"},{"data":"Backflip","floor":27,"key":"SMITH"},{"data":"Tools of the Trade","floor":30,"key":"SMITH"},{"data":"Well Laid Plans","floor":32,"key":"SMITH"},{"floor":40,"key":"RECALL"},{"data":"A Thousand Cuts","floor":49,"key":"SMITH"},{"data":"Backstab","floor":52,"key":"SMITH"}],"neow_cost":"NONE","seed_source_timestamp":8250017377383,"circlet_count":0,"master_deck":["Defend_G+1","Defend_G+1","Defend_G+1","Defend_G+1","Defend_G+1","Strike_G+1","Strike_G+1","Strike_G+1","Strike_G+1","Strike_G+1","Survivor+1","Neutralize+1","Sucker Punch+1","Heel Hook+1","Doppelganger+1","Dagger Throw+1","Sucker Punch+1","Leg Sweep+1","Well Laid Plans+1","Tools of the Trade+1","Blade Dance+1","Backflip+1","Sucker Punch+1","Heel Hook+1","Blade Dance+1","Bullet Time+1","Cloak And Dagger+1","Venomology+1","Dagger Spray+1","Backstab+1","A Thousand Cuts+1","Footwork"],"relics":["Ring of the Snake","Oddly Smooth Stone","Regal Pillow","Shuriken","Lantern","Coffee Dripper","Red Mask","Toxic Egg 2","Bronze Scales","Orichalcum","Enchiridion","Busted Crown","Mark of the Bloom","Ancient Tea Set","Pear","NlothsMask","PreservedInsect","Incense Burner","Blue Candle"],"potions_floor_usage":[12,19,19,33,36,38,41,45,47,48,50,50,50,50,55,55],"damage_taken":[{"damage":0,"enemies":"2 Louse","floor":1,"turns":3},{"damage":1,"enemies":"Cultist","floor":3,"turns":5},{"damage":7,"enemies":"Jaw Worm","floor":4,"turns":6},{"damage":23,"enemies":"3 Sentries","floor":6,"turns":10},{"damage":0,"enemies":"3 Louse","floor":11,"turns":3},{"damage":12,"enemies":"Gremlin Nob","floor":12,"turns":4},{"damage":19,"enemies":"Hexaghost","floor":16,"turns":11},{"damage":2,"enemies":"2 Thieves","floor":18,"turns":4},{"damage":19,"enemies":"Masked Bandits","floor":19,"turns":5},{"damage":0,"enemies":"3 Byrds","floor":21,"turns":4},{"damage":0,"enemies":"Cultist and Chosen","floor":24,"turns":5},{"damage":0,"enemies":"Gremlin Leader","floor":25,"turns":5},{"damage":0,"enemies":"Book of Stabbing","floor":28,"turns":4},{"damage":0,"enemies":"Centurion and Healer","floor":31,"turns":5},{"damage":6,"enemies":"Champ","floor":33,"turns":8},{"damage":0,"enemies":"3 Shapes","floor":35,"turns":3},{"damage":0,"enemies":"3 Darklings","floor":36,"turns":3},{"damage":6,"enemies":"Maw","floor":38,"turns":5},{"damage":0,"enemies":"Giant Head","floor":41,"turns":5},{"damage":0,"enemies":"Sphere and 2 Shapes","floor":44,"turns":4},{"damage":0,"enemies":"4 Shapes","floor":45,"turns":4},{"damage":5,"enemies":"Spire Growth","floor":47,"turns":4},{"damage":3,"enemies":"Nemesis","floor":48,"turns":5},{"damage":10,"enemies":"Donu and Deca","floor":50,"turns":8},{"damage":32,"enemies":"Shield and Spear","floor":54,"turns":3},{"damage":44,"enemies":"The Heart","floor":55,"turns":2}],"seed_played":"5834972705348608241","potions_obtained":[{"floor":6,"key":"Swift Potion"},{"floor":11,"key":"Swift Potion"},{"floor":16,"key":"Strength Potion"},{"floor":19,"key":"Strength Potion"},{"floor":28,"key":"Dexterity Potion"},{"floor":33,"key":"Block Potion"},{"floor":38,"key":"GamblersBrew"},{"floor":54,"key":"SkillPotion"}],"is_trial":false,"path_per_floor":["M","?","M","M","$","E","R","$","T","R","M","E","R","T","R","B",null,"M","?","?","M","$","R","M","E","T","R","E","?","R","M","R","B",null,"M","M","?","M","?","R","E","R","T","M","M","?","M","E","R","B",null,"R","$","E","B"],"character_chosen":"THE_SILENT","items_purchased":["Dagger Throw","Fire Potion","Toxic Egg 2","Heel Hook","Incense Burner","Footwork","SpeedPotion","SpeedPotion"],"campfire_rested":1,"item_purchase_floors":[5,8,22,22,53,53,53,53],"current_hp_per_floor":[77,77,76,69,69,46,46,46,46,46,46,34,72,72,72,53,77,75,56,56,56,56,56,56,56,56,56,56,40,40,40,40,34,77,77,77,77,71,71,71,71,71,71,71,71,71,66,63,63,53,53,53,53,21,0],"gold":59,"neow_bonus":"TEN_PERCENT_HP_BONUS","is_prod":false,"is_daily":false,"chose_seed":false,"campfire_upgraded":9,"win_rate":0,"timestamp":1551527890,"path_taken":["M","?","?","M","$","E","R","?","T","R","M","E","R","?","R","BOSS","M","?","?","M","$","R","M","E","T","R","E","?","R","M","R","BOSS","M","M","?","M","?","R","E","R","T","M","M","?","M","E","R","BOSS","R","$","E","BOSS"],"build_version":"2019-01-23","purchased_purges":1,"victory":false,"max_hp_per_floor":[77,77,77,77,77,77,77,77,77,77,77,77,77,77,77,77,77,77,77,77,77,77,77,77,77,77,77,77,77,77,77,77,77,77,77,77,77,77,77,77,77,77,87,87,87,87,87,87,87,87,87,87,87,87,87],"card_choices":[{"not_picked":["Backflip","Slice"],"picked":"Sucker Punch","floor":1},{"not_picked":["Finisher","PiercingWail"],"picked":"Heel Hook","floor":3},{"not_picked":["Cloak And Dagger","Bane"],"picked":"Doppelganger","floor":4},{"not_picked":["Outmaneuver","Slice"],"picked":"Sucker Punch","floor":6},{"not_picked":["Poisoned Stab","Masterful Stab"],"picked":"Leg Sweep","floor":11},{"not_picked":["Dagger Spray","Blur"],"picked":"Well Laid Plans","floor":12},{"not_picked":["Night Terror","Wraith Form v2"],"picked":"Tools of the Trade","floor":16},{"not_picked":["Dagger Spray","Masterful Stab+1"],"picked":"Blade Dance","floor":18},{"not_picked":["Dagger Throw","Accuracy"],"picked":"Backflip","floor":19},{"not_picked":["Bane","Dash"],"picked":"Sucker Punch+1","floor":21},{"not_picked":["PiercingWail+1","Quick Slash"],"picked":"Blade Dance+1","floor":24},{"not_picked":["Accuracy+1","Slice","Outmaneuver+1"],"picked":"SKIP","floor":25},{"not_picked":["Backflip+1","Riddle With Holes+1"],"picked":"Bullet Time+1","floor":28},{"not_picked":["Slice","Quick Slash+1"],"picked":"Cloak And Dagger+1","floor":31},{"not_picked":["Tools of the Trade","Grand Finale"],"picked":"Venomology+1","floor":33},{"not_picked":["Deadly Poison+1"],"picked":"SKIP","floor":35},{"not_picked":[],"picked":"Dagger Spray","floor":36},{"not_picked":["Flying Knee"],"picked":"SKIP","floor":38},{"not_picked":["Accuracy+1"],"picked":"SKIP","floor":41},{"not_picked":["Underhanded Strike"],"picked":"SKIP","floor":44},{"not_picked":[],"picked":"Backstab","floor":45},{"not_picked":["Sucker Punch+1"],"picked":"SKIP","floor":47},{"not_picked":[],"picked":"A Thousand Cuts","floor":48},{"not_picked":["Quick Slash"],"picked":"SKIP","floor":54}],"player_experience":1029013,"relics_obtained":[{"floor":6,"key":"Oddly Smooth Stone"},{"floor":9,"key":"Regal Pillow"},{"floor":12,"key":"Shuriken"},{"floor":14,"key":"Lantern"},{"floor":19,"key":"Red Mask"},{"floor":25,"key":"Bronze Scales"},{"floor":28,"key":"Orichalcum"},{"floor":29,"key":"Enchiridion"},{"floor":41,"key":"Ancient Tea Set"},{"floor":43,"key":"Pear"},{"floor":48,"key":"PreservedInsect"},{"floor":54,"key":"Blue Candle"}],"event_choices":[{"damage_healed":0,"gold_gain":0,"player_choice":"Cursed","damage_taken":0,"max_hp_gain":0,"max_hp_loss":0,"event_name":"Wheel of Change","floor":2,"gold_loss":0,"cards_obtained":["Decay"]},{"damage_healed":0,"gold_gain":0,"player_choice":"Fought Bandits","damage_taken":0,"max_hp_gain":0,"max_hp_loss":0,"event_name":"Masked Bandits","floor":19,"gold_loss":0},{"damage_healed":0,"gold_gain":99,"player_choice":"Stole From Cult","damage_taken":0,"max_hp_gain":0,"max_hp_loss":0,"event_name":"Nest","floor":20,"gold_loss":0},{"damage_healed":0,"gold_gain":0,"player_choice":"Obtained Book","damage_taken":16,"max_hp_gain":0,"max_hp_loss":0,"event_name":"Cursed Tome","floor":29,"gold_loss":0},{"damage_healed":0,"gold_gain":0,"player_choice":"Ignored","damage_taken":0,"max_hp_gain":0,"max_hp_loss":0,"event_name":"Tomb of Lord Red Mask","floor":37,"gold_loss":0},{"damage_healed":0,"gold_gain":0,"player_choice":"Upgrade","damage_taken":0,"relics_obtained":["Mark of the Bloom"],"max_hp_gain":0,"max_hp_loss":0,"event_name":"MindBloom","floor":39,"gold_loss":0,"cards_upgraded":["Defend_G","Defend_G","Defend_G","Defend_G","Defend_G","Strike_G","Strike_G","Strike_G","Strike_G","Strike_G","Survivor","Heel Hook","Dagger Throw","Sucker Punch","Leg Sweep","Heel Hook","Dagger Spray"]},{"damage_healed":0,"gold_gain":0,"player_choice":"Trade","damage_taken":0,"relics_obtained":["NlothsMask"],"max_hp_gain":0,"max_hp_loss":0,"event_name":"FaceTrader","floor":46,"gold_loss":0}],"is_beta":false,"boss_relics":[{"not_picked":["Pandora\u0027s Box","Eternal Feather"],"picked":"Coffee Dripper"},{"not_picked":["Fusion Hammer","Sozu"],"picked":"Busted Crown"}],"items_purged_floors":[5],"is_endless":false,"potions_floor_spawned":[6,11,16,19,28,31,33,35,38,44,48,54],"killed_by":"The Heart","ascension_level":1}