{"gold_per_floor":[14,24,35,35,35,35,51,63,142,153,171,171,171,504,504,579,579,594,612,255,273,305,305,333,359,359,359,41,68,82,100,100,174,174,187,87,87,87,87,87,114,133,157,157,173,192,203,234,234,234],"floor_reached":51,"playtime":3978,"items_purged":["Strike_B","Strike_B"],"score":1426,"play_id":"a682537d-4377-44b3-98e4-222f9ef86794","local_time":"20190216123058","is_ascension_mode":true,"campfire_choices":[{"data":"Zap","floor":6,"key":"SMITH"},{"data":"Sunder","floor":13,"key":"SMITH"},{"data":"Go for the Eyes","floor":15,"key":"SMITH"},{"floor":23,"key":"REST"},{"floor":27,"key":"REST"},{"floor":32,"key":"REST"},{"data":"Fission","floor":40,"key":"SMITH"},{"floor":44,"key":"REST"},{"floor":49,"key":"REST"}],"neow_cost":"NO_GOLD","seed_source_timestamp":2601129764121,"circlet_count":0,"master_deck":["AscendersBane","Strike_B+1","Defend_B","Defend_B","Defend_B","Zap+1","Dualcast","Ball Lightning","Genetic Algorithm","Thunder Strike+1","Sunder+1","Glacier","Go for the Eyes+1","Fission+1","Echo Form+1","BootSequence+1","Darkness","Defragment+1","Hologram","Coolheaded","Biased Cognition+1","Ball Lightning","Defragment+1","Glacier","Steam+1","Hologram+1","Loop+1","Core Surge","Biased Cognition+1","Capacitor+1","Chill+1","Glacier","Steam Power+1"],"relics":["Cracked Core","Turnip","Frozen Egg 2","Old Coin","Sozu","Regal Pillow","Red Mask","Lantern","PreservedInsect","Bottled Tornado","OrangePellets","Matryoshka","Black Star","Pear","Whetstone","Dream Catcher","Bag of Marbles","Letter Opener","Dodecahedron"],"potions_floor_usage":[22],"damage_taken":[{"damage":1,"enemies":"Cultist","floor":1,"turns":3},{"damage":3,"enemies":"2 Louse","floor":2,"turns":2},{"damage":0,"enemies":"Small Slimes","floor":3,"turns":2},{"damage":11,"enemies":"Exordium Thugs","floor":7,"turns":4},{"damage":2,"enemies":"3 Louse","floor":8,"turns":3},{"damage":2,"enemies":"Large Slime","floor":10,"turns":7},{"damage":5,"enemies":"Lots of Slimes","floor":11,"turns":3},{"damage":10,"enemies":"3 Sentries","floor":14,"turns":6},{"damage":13,"enemies":"Hexaghost","floor":16,"turns":11},{"damage":7,"enemies":"Chosen","floor":18,"turns":5},{"damage":7,"enemies":"Spheric Guardian","floor":19,"turns":9},{"damage":18,"enemies":"Snake Plant","floor":21,"turns":6},{"damage":19,"enemies":"Masked Bandits","floor":22,"turns":4},{"damage":40,"enemies":"Gremlin Leader","floor":24,"turns":9},{"damage":8,"enemies":"Slavers","floor":29,"turns":5},{"damage":18,"enemies":"3 Cultists","floor":30,"turns":7},{"damage":0,"enemies":"Centurion and Healer","floor":31,"turns":6},{"damage":0,"enemies":"Champ","floor":33,"turns":11},{"damage":0,"enemies":"3 Shapes","floor":35,"turns":4},{"damage":0,"enemies":"Giant Head","floor":41,"turns":5},{"damage":42,"enemies":"3 Darklings","floor":42,"turns":4},{"damage":0,"enemies":"4 Shapes","floor":45,"turns":4},{"damage":0,"enemies":"Transient","floor":46,"turns":5},{"damage":30,"enemies":"Maw","floor":47,"turns":5},{"damage":2,"enemies":"Nemesis","floor":48,"turns":5},{"damage":0,"enemies":"Donu and Deca","floor":50,"turns":9}],"seed_played":"8692848499100858639","potions_obtained":[{"floor":1,"key":"GamblersBrew"},{"floor":10,"key":"SpeedPotion"},{"floor":16,"key":"SteroidPotion"}],"is_trial":false,"path_per_floor":["M","M","M","?","?","R","M","M","T","M","M","$","R","E","R","B",null,"M","M","$","M","?","R","E","T","T","R","$","E","M","M","R","B",null,"M","$","?","?","?","R","E","M","T","R","M","M","M","E","R","B",null],"character_chosen":"DEFECT","items_purchased":["Defragment+1","Hologram","Regal Pillow","OrangePellets","Defragment+1","Glacier"],"campfire_rested":5,"item_purchase_floors":[20,20,20,28,28,28],"current_hp_per_floor":[67,64,64,64,64,64,53,51,51,49,44,44,44,34,34,21,62,55,48,48,30,11,48,8,8,8,45,45,37,19,19,56,56,70,70,70,70,70,70,70,80,38,38,78,78,78,48,46,85,85],"gold":234,"neow_bonus":"ONE_RARE_RELIC","is_prod":false,"is_daily":false,"chose_seed":false,"campfire_upgraded":4,"win_rate":0,"timestamp":1550273458,"path_taken":["M","?","M","?","?","R","M","M","T","?","M","$","R","E","R","BOSS","M","M","$","M","?","R","E","?","T","R","$","E","M","M","R","BOSS","M","$","?","?","?","R","E","M","T","R","M","M","?","E","R","BOSS"],"build_version":"2019-01-23","purchased_purges":2,"victory":true,"max_hp_per_floor":[75,75,75,75,75,75,75,75,75,75,75,75,75,75,75,75,75,75,75,75,75,75,75,75,75,75,75,75,75,75,75,75,75,75,75,75,75,75,75,75,85,85,85,85,85,85,85,85,85,85],"card_choices":[{"not_picked":["Genetic Algorithm","Leap"],"picked":"Ball Lightning","floor":1},{"not_picked":["Capacitor","Turbo","Steam"],"picked":"SKIP","floor":2},{"not_picked":["Redo","Hologram"],"picked":"Genetic Algorithm","floor":3},{"not_picked":["Redo","Cold Snap"],"picked":"Sunder","floor":7},{"not_picked":["Recycle","Self Repair"],"picked":"Glacier","floor":8},{"not_picked":["Rebound","Leap"],"picked":"Go for the Eyes","floor":10},{"not_picked":["Skim","Storm+1"],"picked":"Fission","floor":11},{"not_picked":["Heatsinks+1","Leap","Gash"],"picked":"SKIP","floor":14},{"not_picked":["Multi-Cast","Buffer+1"],"picked":"Echo Form+1","floor":16},{"not_picked":["Redo","Hologram"],"picked":"BootSequence+1","floor":18},{"not_picked":["Cold Snap","Reprogram"],"picked":"Darkness","floor":19},{"not_picked":["White Noise","Blizzard"],"picked":"Coolheaded","floor":21},{"not_picked":["Darkness","Steam Power"],"picked":"Biased Cognition+1","floor":22},{"not_picked":["Conserve Battery","Hello World+1"],"picked":"Ball Lightning","floor":24},{"not_picked":["FTL","Redo"],"picked":"Steam+1","floor":29},{"not_picked":["Compile Driver","Barrage+1"],"picked":"Hologram+1","floor":30},{"not_picked":["Stack","Compile Driver"],"picked":"Loop+1","floor":31},{"not_picked":["Fission","Reboot"],"picked":"Core Surge","floor":33},{"not_picked":["Go for the Eyes","Scrape","Redo"],"picked":"SKIP","floor":35},{"not_picked":["Rainbow","Redo","Compile Driver"],"picked":"SKIP","floor":41},{"not_picked":["Ball Lightning+1","Stack"],"picked":"Capacitor+1","floor":42},{"not_picked":["Cold Snap","FTL","Streamline+1"],"picked":"SKIP","floor":45},{"not_picked":["Barrage","Stack","Redo+1"],"picked":"SKIP","floor":46},{"not_picked":["Machine Learning+1","Doom and Gloom+1"],"picked":"Chill+1","floor":47},{"not_picked":["Turbo","Fusion"],"picked":"Glacier","floor":48},{"not_picked":["Streamline","Reprogram"],"picked":"Steam Power+1","floor":49}],"player_experience":253996,"relics_obtained":[{"floor":9,"key":"Frozen Egg 2"},{"floor":14,"key":"Old Coin"},{"floor":22,"key":"Red Mask"},{"floor":24,"key":"Lantern"},{"floor":25,"key":"PreservedInsect"},{"floor":26,"key":"Bottled Tornado"},{"floor":29,"key":"Matryoshka"},{"floor":41,"key":"Pear"},{"floor":41,"key":"Whetstone"},{"floor":43,"key":"Dream Catcher"},{"floor":43,"key":"Bag of Marbles"},{"floor":48,"key":"Letter Opener"},{"floor":48,"key":"Dodecahedron"}],"event_choices":[{"damage_healed":0,"gold_gain":0,"player_choice":"Leave","damage_taken":0,"max_hp_gain":0,"max_hp_loss":0,"event_name":"The Cleric","floor":4,"gold_loss":0},{"damage_healed":0,"gold_gain":0,"cards_transformed":["Strike_B"],"player_choice":"Transformed","damage_taken":0,"max_hp_gain":0,"max_hp_loss":0,"event_name":"Transmorgrifier","floor":5,"gold_loss":0,"cards_obtained":["Thunder Strike"]},{"damage_healed":0,"gold_gain":0,"player_choice":"Fought Bandits","damage_taken":0,"max_hp_gain":0,"max_hp_loss":0,"event_name":"Masked Bandits","floor":22,"gold_loss":0},{"damage_healed":0,"gold_gain":0,"player_choice":"Memory 1","damage_taken":0,"max_hp_gain":0,"max_hp_loss":0,"event_name":"SensoryStone","floor":37,"gold_loss":0},{"cards_removed":["Defend_B"],"damage_healed":0,"gold_gain":0,"player_choice":"Removed Skill","damage_taken":0,"max_hp_gain":0,"max_hp_loss":0,"event_name":"Falling","floor":38,"gold_loss":0},{"damage_healed":0,"gold_gain":0,"player_choice":"Copied","damage_taken":0,"max_hp_gain":0,"max_hp_loss":0,"event_name":"Duplicator","floor":39,"gold_loss":0,"cards_obtained":["Biased Cognition"]}],"is_beta":false,"boss_relics":[{"not_picked":["Eternal Feather","Coffee Dripper"],"picked":"Sozu"},{"not_picked":["Cursed Key","Orrery"],"picked":"Black Star"}],"items_purged_floors":[20,36],"is_endless":false,"potions_floor_spawned":[1,10,16,21,22,29,33,35,42,46,47,48],"ascension_level":13}