{"gold_per_floor":[118,136,211,211,223,223,251,251,329,364,364,378,422,89,89,214,214,203,221,246,246,44,78,78,114,141,174,197,125,148,164,164,164],"floor_reached":33,"playtime":3361,"items_purged":[],"score":383,"play_id":"14d82fea-6c94-46cc-bc62-b97b98d235a7","local_time":"20180929011119","is_ascension_mode":true,"campfire_choices":[{"data":"Infinite Blades","floor":6,"key":"SMITH"},{"data":"Dagger Spray","floor":11,"key":"SMITH"},{"data":"Blade Dance","floor":15,"key":"SMITH"},{"data":"Burst","floor":24,"key":"SMITH"},{"data":"Ghostly","floor":32,"key":"SMITH"}],"neow_cost":"NONE","seed_source_timestamp":46042725974264,"circlet_count":0,"master_deck":["Defend_G","Defend_G","Defend_G","Defend_G","Defend_G","Strike_G","Strike_G","Strike_G","Strike_G","Strike_G","Survivor","Neutralize+1","Terror","Finisher","Infinite Blades+1","Deflect","Dagger Spray+1","Grand Finale","Acrobatics","Dagger Throw","Blade Dance+1","Infinite Blades","Burst+1","Leg Sweep","Ghostly+1","Ghostly","Ghostly","Ghostly","Ghostly","Caltrops","Dash","Concentrate+1","Masterful Stab"],"relics":["Ring of the Snake","Ancient Tea Set","Golden Idol","Meat on the Bone","Vajra","Blue Candle","Pen Nib","WristBlade","Toolbox","Potion Belt","Thread and Needle","Happy Flower","Pocketwatch"],"potions_floor_usage":[13,18,27,33],"damage_taken":[{"damage":0,"enemies":"Small Slimes","floor":1,"turns":3},{"damage":0,"enemies":"Cultist","floor":2,"turns":3},{"damage":0,"enemies":"Jaw Worm","floor":5,"turns":4},{"damage":20,"enemies":"Lagavulin","floor":7,"turns":9},{"damage":6,"enemies":"Gremlin Nob","floor":10,"turns":3},{"damage":6,"enemies":"3 Louse","floor":12,"turns":3},{"damage":9,"enemies":"3 Sentries","floor":13,"turns":6},{"damage":11,"enemies":"The Guardian","floor":16,"turns":8},{"damage":3,"enemies":"2 Thieves","floor":18,"turns":4},{"damage":0,"enemies":"Chosen","floor":19,"turns":3},{"damage":1,"enemies":"3 Cultists","floor":20,"turns":4},{"damage":15,"enemies":"Book of Stabbing","floor":23,"turns":8},{"damage":3,"enemies":"Slavers","floor":25,"turns":6},{"damage":15,"enemies":"Gremlin Leader","floor":27,"turns":7},{"damage":0,"enemies":"Snecko","floor":28,"turns":5},{"damage":0,"enemies":"Centurion and Healer","floor":30,"turns":6},{"damage":0,"enemies":"Cultist and Chosen","floor":31,"turns":6},{"damage":38,"enemies":"Collector","floor":33,"turns":5}],"seed_played":"529208488731462516","potions_obtained":[{"floor":1,"key":"Fire Potion"},{"floor":10,"key":"Energy Potion"},{"floor":12,"key":"Strength Potion"},{"floor":18,"key":"Explosive Potion"},{"floor":25,"key":"PowerPotion"},{"floor":28,"key":"Ancient Potion"},{"floor":30,"key":"AttackPotion"}],"is_trial":false,"path_per_floor":["M","M","?","?","M","R","E","?","T","E","R","M","E","$","R","B",null,"M","M","M","?","$","E","R","E","T","E","M","$","M","M","R"],"character_chosen":"THE_SILENT","items_purchased":["Pen Nib","Acrobatics","Dagger Throw","Blade Dance","Infinite Blades","Toolbox","Ancient Potion"],"campfire_rested":0,"item_purchase_floors":[14,14,14,14,14,22,29],"current_hp_per_floor":[70,70,59,59,59,59,39,39,39,33,33,39,42,42,42,43,65,62,62,61,32,32,17,17,26,26,23,23,23,23,23,23,0],"gold":164,"neow_bonus":"THREE_CARDS","is_prod":false,"is_daily":false,"chose_seed":false,"campfire_upgraded":5,"win_rate":0,"timestamp":1538197879,"path_taken":["M","M","?","?","M","R","E","?","T","E","R","M","E","$","R","BOSS","M","M","M","?","$","E","R","E","T","E","?","$","M","M","R","BOSS"],"build_version":"2018-09-27","purchased_purges":0,"victory":false,"max_hp_per_floor":[70,70,70,70,70,70,70,65,65,65,65,65,65,65,65,65,65,65,65,65,32,32,32,32,32,32,32,32,32,32,32,32,32],"card_choices":[{"not_picked":["Backflip","Dodge and Roll"],"picked":"Terror","floor":0},{"not_picked":["Setup","Dagger Spray"],"picked":"Finisher","floor":1},{"not_picked":["Bane","PiercingWail","Flechettes"],"picked":"SKIP","floor":2},{"not_picked":["Tactician","Deflect"],"picked":"Infinite Blades","floor":5},{"not_picked":["Flying Knee","Bane"],"picked":"Deflect","floor":7},{"not_picked":["Sucker Punch","Underhanded Strike"],"picked":"Dagger Spray","floor":10},{"not_picked":["Prepared","Deadly Poison"],"picked":"Grand Finale","floor":12},{"not_picked":["Deflect","Setup","Sucker Punch"],"picked":"SKIP","floor":13},{"not_picked":["Corpse Explosion","Doppelganger"],"picked":"Burst","floor":16},{"not_picked":["Prepared","Flying Knee"],"picked":"Leg Sweep","floor":18},{"not_picked":["Outmaneuver","Dagger Spray","Dash"],"picked":"SKIP","floor":19},{"not_picked":["Deadly Poison","Dagger Spray","Underhanded Strike+1"],"picked":"SKIP","floor":20},{"not_picked":["Cloak And Dagger","Slice+1"],"picked":"Caltrops","floor":23},{"not_picked":["Flying Knee","Riddle With Holes"],"picked":"Dash","floor":25},{"not_picked":["Malaise","Slice"],"picked":"Concentrate+1","floor":27},{"not_picked":["Sucker Punch","Finisher"],"picked":"Masterful Stab","floor":28},{"not_picked":["Eviscerate","Flying Knee","Escape Plan"],"picked":"SKIP","floor":30},{"not_picked":["PiercingWail","Blade Dance+1","Masterful Stab"],"picked":"SKIP","floor":31}],"player_experience":680217,"relics_obtained":[{"floor":7,"key":"Ancient Tea Set"},{"floor":9,"key":"Meat on the Bone"},{"floor":10,"key":"Vajra"},{"floor":13,"key":"Blue Candle"},{"floor":23,"key":"Potion Belt"},{"floor":25,"key":"Thread and Needle"},{"floor":26,"key":"Happy Flower"},{"floor":27,"key":"Pocketwatch"}],"event_choices":[{"event_name":"World of Goop","player_choice":"Gather Gold","floor":3,"damage_taken":0},{"event_name":"Living Wall","player_choice":"Grow","floor":4,"damage_taken":0},{"event_name":"Golden Idol","player_choice":"Lose Max HP","floor":8,"damage_taken":0},{"event_name":"Ghosts","player_choice":"Became a Ghost","floor":21,"damage_taken":0}],"is_beta":false,"boss_relics":[{"not_picked":["Black Star","Calling Bell"],"picked":"WristBlade"}],"items_purged_floors":[],"is_endless":false,"potions_floor_spawned":[1,10,12,18,25,28,30],"killed_by":"Collector","ascension_level":2}