{"gold_per_floor":[118,132,143,218,45,45,79,98,98,128,39,49,23,23],"floor_reached":14,"playtime":1544,"items_purged":[],"score":92,"play_id":"e055ca52-23e2-4224-abd7-ea3b3929afac","local_time":"20180712005058","is_ascension_mode":false,"campfire_choices":[{"data":"Burst","floor":6,"key":"SMITH"}],"neow_cost":"","seed_source_timestamp":405733664560,"circlet_count":0,"master_deck":["Defend_G","Defend_G","Defend_G","Defend_G","Defend_G","Strike_G","Strike_G","Strike_G","Strike_G","Strike_G","Survivor","Neutralize","Malaise","Well Laid Plans","Choke","Burst+1","Good Instincts","Underhanded Strike","Dagger Spray","Terror+1","Dodge and Roll+1","Dagger Throw"],"relics":["Ring of the Snake","Potion Belt","Toxic Egg 2"],"potions_floor_usage":[7,13],"damage_taken":[{"damage":0,"enemies":"Jaw Worm","floor":1,"turns":4},{"damage":8,"enemies":"2 Louse","floor":2,"turns":5},{"damage":0,"enemies":"Small Slimes","floor":3,"turns":4},{"damage":24,"enemies":"3 Sentries","floor":7,"turns":12},{"damage":0,"enemies":"Exordium Wildlife","floor":8,"turns":4},{"damage":5,"enemies":"Blue Slaver","floor":12,"turns":4},{"damage":15,"enemies":"Exordium Thugs","floor":13,"turns":5},{"damage":14,"enemies":"Gremlin Gang","floor":14,"turns":1}],"seed_played":"4612199676204912422","potions_obtained":[{"floor":1,"key":"SpeedPotion"},{"floor":2,"key":"Explosive Potion"},{"floor":8,"key":"Poison Potion"}],"is_trial":false,"path_per_floor":["M","M","M","?","$","R","E","M","T","?","$","M","M"],"character_chosen":"THE_SILENT","items_purchased":["Burst","Good Instincts","Terror+1","Dodge and Roll+1"],"campfire_rested":0,"item_purchase_floors":[5,5,11,11],"current_hp_per_floor":[70,62,62,51,51,51,27,27,27,27,27,22,7,0],"gold":23,"neow_bonus":"","is_prod":false,"is_daily":false,"chose_seed":false,"campfire_upgraded":1,"win_rate":0.0,"timestamp":1531371058,"path_taken":["M","M","M","?","$","R","E","M","T","?","$","M","M","M"],"build_version":"2018-07-05","purchased_purges":0,"victory":false,"max_hp_per_floor":[70,70,70,70,70,70,70,70,70,70,70,70,70,70],"card_choices":[{"not_picked":["Caltrops","Escape Plan"],"picked":"Malaise","floor":1},{"not_picked":["Choke","Underhanded Strike"],"picked":"Well Laid Plans","floor":2},{"not_picked":["Catalyst","Noxious Fumes"],"picked":"Choke","floor":3},{"not_picked":["Acrobatics","Eviscerate"],"picked":"Underhanded Strike","floor":7},{"not_picked":["Slice","Leg Sweep"],"picked":"Dagger Spray","floor":8},{"not_picked":["Catalyst+1","Bane","Underhanded Strike"],"picked":"SKIP","floor":12},{"not_picked":["Deadly Poison+1","Sucker Punch"],"picked":"Dagger Throw","floor":13}],"player_experience":132893,"relics_obtained":[{"floor":7,"key":"Potion Belt"},{"floor":9,"key":"Toxic Egg 2"}],"event_choices":[{"event_name":"World of Goop","player_choice":"Gather Gold","floor":4,"damage_taken":0},{"event_name":"Dead Adventurer","player_choice":"Searched \u00272\u0027 times","floor":10,"damage_taken":0}],"boss_relics":[],"items_purged_floors":[],"is_endless":false,"potions_floor_spawned":[1,2,8],"killed_by":"Gremlin Gang","ascension_level":0}