{"gold_per_floor":[115,131,281,281,38,53,53,103,103,103,116,116,135,168,168,245,245,259,259,259,0,11,11],"floor_reached":23,"playtime":942,"items_purged":["Doubt"],"score":428,"play_id":"594c3567-0df7-41ee-8061-888510132a4a","local_time":"20190301213043","is_ascension_mode":true,"campfire_choices":[{"data":"Corpse Explosion","floor":7,"key":"SMITH"},{"data":"Neutralize","floor":10,"key":"SMITH"},{"data":"Deadly Poison","floor":12,"key":"SMITH"},{"floor":15,"key":"REST"}],"neow_cost":"PERCENT_DAMAGE","seed_source_timestamp":38035289410788,"circlet_count":0,"master_deck":["AscendersBane","Defend_G","Defend_G","Defend_G","Defend_G","Defend_G","Strike_G","Strike_G","Strike_G","Strike_G","Strike_G","Survivor","Neutralize+1","Corpse Explosion+1","Caltrops","Dagger Throw","Deadly Poison+1","Corpse Explosion","Catalyst","Decay","Well Laid Plans","PiercingWail"],"relics":["Ring of the Snake","The Specimen","Oddly Smooth Stone","Singing Bowl","Bottled Tornado","Sozu","Membership Card"],"potions_floor_usage":[16,16,23],"damage_taken":[{"damage":1,"enemies":"Cultist","floor":1,"turns":4},{"damage":0,"enemies":"Jaw Worm","floor":2,"turns":7},{"damage":0,"enemies":"2 Louse","floor":6,"turns":4},{"damage":8,"enemies":"Red Slaver","floor":11,"turns":4},{"damage":2,"enemies":"Blue Slaver","floor":13,"turns":4},{"damage":12,"enemies":"3 Sentries","floor":14,"turns":5},{"damage":32,"enemies":"The Guardian","floor":16,"turns":10},{"damage":20,"enemies":"2 Thieves","floor":18,"turns":3},{"damage":20,"enemies":"Colosseum Slavers","floor":20,"turns":3},{"damage":2,"enemies":"3 Byrds","floor":22,"turns":2},{"damage":23,"enemies":"Book of Stabbing","floor":23,"turns":3}],"seed_played":"6192307014812241113","potions_obtained":[{"floor":1,"key":"GamblersBrew"},{"floor":6,"key":"EntropicBrew"}],"is_trial":false,"path_per_floor":["M","M","?","?","$","M","R","?","T","R","M","R","M","E","R","B",null,"M","?","?","$","M","E"],"character_chosen":"THE_SILENT","items_purchased":["Oddly Smooth Stone","Membership Card","Well Laid Plans"],"campfire_rested":1,"item_purchase_floors":[5,21,21],"current_hp_per_floor":[43,43,43,38,38,38,38,32,32,32,24,24,24,14,35,3,53,33,33,13,13,11,0],"gold":11,"neow_bonus":"THREE_RARE_CARDS","is_prod":false,"is_daily":false,"chose_seed":false,"campfire_upgraded":3,"win_rate":0,"timestamp":1551429043,"path_taken":["M","M","?","?","$","M","R","?","T","R","M","R","?","E","R","BOSS","M","?","?","$","M","E"],"build_version":"2019-01-23","purchased_purges":1,"victory":false,"max_hp_per_floor":[66,66,66,66,66,66,66,66,66,66,66,66,68,70,70,70,70,70,70,70,70,70,70],"card_choices":[{"not_picked":["Adrenaline","Tools of the Trade"],"picked":"Corpse Explosion","floor":0},{"not_picked":["Accuracy","Prepared"],"picked":"Caltrops","floor":1},{"not_picked":["Finisher","Expertise"],"picked":"Dagger Throw","floor":2},{"not_picked":["Outmaneuver","Dagger Throw","Acrobatics"],"picked":"SKIP","floor":6},{"not_picked":["Prepared","Heel Hook"],"picked":"Deadly Poison","floor":11},{"not_picked":["Deadly Poison","Underhanded Strike","Reflex"],"picked":"Singing Bowl","floor":13},{"not_picked":["Underhanded Strike","Poisoned Stab","Storm of Steel"],"picked":"Singing Bowl","floor":14},{"not_picked":["Doppelganger","Unload"],"picked":"Corpse Explosion","floor":16},{"not_picked":["Terror","Outmaneuver"],"picked":"Catalyst","floor":18},{"not_picked":["Finisher","Backflip+1"],"picked":"PiercingWail","floor":22}],"player_experience":538476,"relics_obtained":[{"floor":9,"key":"Singing Bowl"},{"floor":14,"key":"Bottled Tornado"}],"event_choices":[{"damage_healed":0,"gold_gain":150,"player_choice":"AGREE","damage_taken":0,"max_hp_gain":0,"max_hp_loss":0,"event_name":"Liars Game","floor":3,"gold_loss":0,"cards_obtained":["Doubt"]},{"damage_healed":0,"gold_gain":0,"player_choice":"Success","damage_taken":5,"relics_obtained":["The Specimen"],"max_hp_gain":0,"max_hp_loss":0,"event_name":"Scrap Ooze","floor":4,"gold_loss":0},{"damage_healed":0,"gold_gain":50,"player_choice":"Touch","damage_taken":6,"max_hp_gain":0,"max_hp_loss":0,"event_name":"FaceTrader","floor":8,"gold_loss":0},{"damage_healed":0,"gold_gain":0,"player_choice":"Smashed Altar","damage_taken":0,"max_hp_gain":0,"max_hp_loss":0,"event_name":"Forgotten Altar","floor":19,"gold_loss":0,"cards_obtained":["Decay"]},{"damage_healed":0,"gold_gain":0,"player_choice":"Fight","damage_taken":0,"max_hp_gain":0,"max_hp_loss":0,"event_name":"Colosseum","floor":20,"gold_loss":0},{"damage_healed":0,"gold_gain":0,"player_choice":"Fled From Nobs","damage_taken":0,"max_hp_gain":0,"max_hp_loss":0,"event_name":"Colosseum","floor":20,"gold_loss":0}],"is_beta":false,"boss_relics":[{"not_picked":["Snecko Eye","Orrery"],"picked":"Sozu"}],"items_purged_floors":[5],"is_endless":false,"potions_floor_spawned":[1,6,16,18,20],"killed_by":"Book of Stabbing","ascension_level":20}