{"gold_per_floor":[116,116,136,136,136,136,148,49,100,135,135,146,164,191,191,290,290,265,277,293,293,293,293,293,293,293,293],"floor_reached":27,"playtime":1314,"items_purged":[],"score":290,"play_id":"09880ffb-3b38-4df7-9ef3-e35d530e23c7","local_time":"20190223015006","is_ascension_mode":true,"campfire_choices":[{"data":"Bouncing Flask","floor":6,"key":"SMITH"},{"floor":11,"key":"REST"},{"floor":15,"key":"REST"},{"data":"Tactician","floor":23,"key":"SMITH"}],"neow_cost":"PERCENT_DAMAGE","seed_source_timestamp":762782129264676,"circlet_count":0,"master_deck":["Defend_G","Defend_G","Defend_G","Survivor","Neutralize","Backflip","Dagger Spray","Bouncing Flask+1","Quick Slash","Catalyst","Outmaneuver","Dash","After Image","Blur","PiercingWail","Crippling Poison","Tactician+1","Doppelganger","Underhanded Strike+1","Quick Slash+1","Venomology+1","Bouncing Flask+1","Prepared","Noxious Fumes+1","Bite","Bite","Bite","Bite","Bite"],"relics":["Ring of the Snake","Blue Candle","Regal Pillow","Boot","Dream Catcher","Astrolabe","Toxic Egg 2"],"potions_floor_usage":[16,19,19,20,27,27,27],"damage_taken":[{"damage":1,"enemies":"2 Louse","floor":1,"turns":2},{"damage":4,"enemies":"Jaw Worm","floor":3,"turns":3},{"damage":7,"enemies":"Small Slimes","floor":7,"turns":3},{"damage":17,"enemies":"Lagavulin","floor":10,"turns":6},{"damage":3,"enemies":"Blue Slaver","floor":12,"turns":3},{"damage":6,"enemies":"Exordium Wildlife","floor":13,"turns":5},{"damage":19,"enemies":"3 Sentries","floor":14,"turns":7},{"damage":55,"enemies":"Slime Boss","floor":16,"turns":10},{"damage":21,"enemies":"2 Thieves","floor":18,"turns":5},{"damage":0,"enemies":"Chosen","floor":19,"turns":4},{"damage":25,"enemies":"Snake Plant","floor":20,"turns":4},{"damage":22,"enemies":"Sentry and Sphere","floor":27,"turns":3}],"seed_played":"-8683002916225832866","potions_obtained":[{"floor":7,"key":"SkillPotion"},{"floor":12,"key":"SpeedPotion"},{"floor":13,"key":"Poison Potion"},{"floor":14,"key":"SteroidPotion"},{"floor":19,"key":"Energy Potion"}],"is_trial":false,"path_per_floor":["M","?","M","?","?","R","M","$","T","E","R","M","M","E","R","B",null,"M","M","M","?","?","R","T","?","T","M"],"character_chosen":"THE_SILENT","items_purchased":["Outmaneuver","Dash"],"campfire_rested":2,"item_purchase_floors":[8,8],"current_hp_per_floor":[48,48,44,44,44,44,37,37,37,20,56,53,47,28,64,9,70,49,49,24,24,11,11,11,11,11,0],"gold":293,"neow_bonus":"TRANSFORM_TWO_CARDS","is_prod":false,"is_daily":false,"chose_seed":false,"campfire_upgraded":2,"win_rate":0,"timestamp":1550854206,"path_taken":["M","?","M","?","?","R","M","?","T","E","R","M","?","E","R","BOSS","M","M","M","?","?","R","?","?","T","?"],"build_version":"2019-01-23","purchased_purges":0,"victory":false,"max_hp_per_floor":[70,70,70,70,70,70,70,70,70,70,70,70,70,70,70,70,70,70,70,70,70,75,75,75,75,75,75],"card_choices":[{"not_picked":["Slice","Terror"],"picked":"Bouncing Flask","floor":1},{"not_picked":["PiercingWail","Heel Hook"],"picked":"Quick Slash","floor":3},{"not_picked":["Slice","Dagger Spray"],"picked":"Catalyst","floor":7},{"not_picked":["Escape Plan","Sucker Punch"],"picked":"After Image","floor":10},{"not_picked":["Predator","Endless Agony"],"picked":"Blur","floor":12},{"not_picked":["Flechettes","Slice"],"picked":"PiercingWail","floor":13},{"not_picked":["Escape Plan","Flying Knee"],"picked":"Crippling Poison","floor":14},{"not_picked":["Blade Dance","Footwork"],"picked":"Tactician","floor":15},{"not_picked":["A Thousand Cuts","Unload"],"picked":"Doppelganger","floor":16},{"not_picked":["Backflip","Dagger Spray"],"picked":"Bouncing Flask+1","floor":18},{"not_picked":["Dagger Spray+1","Acrobatics"],"picked":"Prepared","floor":19},{"not_picked":["Dagger Spray+1","All Out Attack"],"picked":"Noxious Fumes+1","floor":20}],"player_experience":135600,"relics_obtained":[{"floor":9,"key":"Regal Pillow"},{"floor":10,"key":"Boot"},{"floor":14,"key":"Dream Catcher"},{"floor":24,"key":"Blood Vial"},{"floor":26,"key":"Toxic Egg 2"}],"event_choices":[{"damage_healed":0,"gold_gain":0,"player_choice":"Ignored","damage_taken":0,"max_hp_gain":0,"max_hp_loss":0,"event_name":"Golden Wing","floor":2,"gold_loss":0},{"damage_healed":0,"gold_gain":0,"player_choice":"Box","damage_taken":0,"relics_obtained":["Blue Candle"],"max_hp_gain":0,"max_hp_loss":0,"event_name":"Big Fish","floor":4,"gold_loss":0,"cards_obtained":["Regret"]},{"cards_removed":["Regret"],"damage_healed":0,"gold_gain":0,"player_choice":"Forget","damage_taken":0,"max_hp_gain":0,"max_hp_loss":0,"event_name":"Living Wall","floor":5,"gold_loss":0},{"cards_removed":["Defend_G"],"damage_healed":0,"gold_gain":0,"player_choice":"Elegance","damage_taken":0,"max_hp_gain":0,"max_hp_loss":0,"event_name":"Back to Basics","floor":21,"gold_loss":0},{"damage_healed":0,"gold_gain":0,"player_choice":"Shed Blood","damage_taken":18,"max_hp_gain":5,"max_hp_loss":0,"event_name":"Forgotten Altar","floor":22,"gold_loss":0},{"damage_healed":0,"gold_gain":0,"player_choice":"Became a vampire (Vial)","damage_taken":0,"max_hp_gain":0,"max_hp_loss":0,"event_name":"Vampires","floor":25,"relics_lost":["Blood Vial"],"gold_loss":0,"cards_obtained":["Bite","Bite","Bite","Bite","Bite"]}],"is_beta":false,"boss_relics":[{"not_picked":["Black Star","Snecko Eye"],"picked":"Astrolabe"}],"items_purged_floors":[],"is_endless":false,"potions_floor_spawned":[7,12,13,14,18,19],"killed_by":"Sentry and Sphere","ascension_level":4}