{"gold_per_floor":[117,131,131,182,207,259,271,308,320,332,398,450,0,18,18,139,139],"floor_reached":17,"playtime":1132,"items_purged":["Strike_G"],"score":165,"play_id":"2b68faad-14bb-43d8-8421-7eabef102152","local_time":"20180721192508","is_ascension_mode":false,"campfire_choices":[{"floor":10,"key":"REST"},{"floor":15,"key":"REST"}],"neow_cost":"NONE","seed_source_timestamp":26364891717500,"circlet_count":0,"master_deck":["Defend_G","Defend_G","Defend_G","Defend_G","Strike_G","Strike_G+1","Survivor","Neutralize+1","Deflect+1","Dash","Slice","Skewer+1","Footwork","Underhanded Strike","Leg Sweep","PiercingWail","Die Die Die","Unload+1","Accuracy+1","Dash+1"],"relics":["Ring of the Snake","Juzu Bracelet","Golden Idol","MawBank","Shuriken","Torii","Whetstone","Incense Burner","Astrolabe"],"potions_floor_usage":[5,8,16],"damage_taken":[{"damage":3,"enemies":"Cultist","floor":1,"turns":5},{"damage":0,"enemies":"Small Slimes","floor":2,"turns":5},{"damage":7,"enemies":"Jaw Worm","floor":5,"turns":6},{"damage":23,"enemies":"3 Sentries","floor":6,"turns":14},{"damage":1,"enemies":"Large Slime","floor":8,"turns":8},{"damage":28,"enemies":"Lagavulin","floor":12,"turns":8},{"damage":0,"enemies":"2 Fungi Beasts","floor":14,"turns":5},{"damage":20,"enemies":"Hexaghost","floor":16,"turns":13}],"seed_played":"-8912638619437267991","potions_obtained":[{"floor":2,"key":"GamblersBrew"},{"floor":6,"key":"Regen Potion"},{"floor":14,"key":"SteroidPotion"}],"is_trial":false,"path_per_floor":["M","M","?","T","M","E","?","M","T","R","?","E","$","M","R","B"],"character_chosen":"THE_SILENT","items_purchased":["Incense Burner","Underhanded Strike","Leg Sweep"],"campfire_rested":2,"item_purchase_floors":[13,13,13],"current_hp_per_floor":[67,67,50,50,43,20,6,19,19,40,40,12,12,12,33,13,70],"gold":139,"neow_bonus":"RANDOM_COMMON_RELIC","is_prod":false,"is_daily":false,"chose_seed":false,"campfire_upgraded":0,"win_rate":0.0,"timestamp":1532215508,"path_taken":["M","M","?","?","M","E","?","M","T","R","?","E","$","M","R","BOSS"],"build_version":"2018-07-19v2","purchased_purges":1,"victory":false,"max_hp_per_floor":[70,70,70,70,70,70,70,70,70,70,70,70,70,70,70,70,70],"card_choices":[{"not_picked":["PiercingWail","Cloak And Dagger","Dagger Throw"],"picked":"SKIP","floor":1},{"not_picked":["Poisoned Stab","Dodge and Roll"],"picked":"Deflect","floor":2},{"not_picked":["Flechettes","Riddle With Holes"],"picked":"Dash","floor":5},{"not_picked":["Catalyst","Deadly Poison"],"picked":"Slice","floor":6},{"not_picked":["Backflip","Bane"],"picked":"Skewer","floor":8},{"not_picked":["Die Die Die","Blade Dance"],"picked":"Footwork","floor":12},{"not_picked":["Predator","Dagger Throw"],"picked":"PiercingWail","floor":14},{"not_picked":["Storm of Steel","Night Terror"],"picked":"Die Die Die","floor":16}],"player_experience":213268,"relics_obtained":[{"floor":4,"key":"MawBank"},{"floor":6,"key":"Shuriken"},{"floor":9,"key":"Torii"},{"floor":12,"key":"Whetstone"}],"event_choices":[{"event_name":"Golden Idol","player_choice":"Take Damage","floor":3,"damage_taken":0},{"event_name":"Shining Light","player_choice":"Entered Light","floor":7,"damage_taken":0},{"event_name":"Golden Wing","player_choice":"Gained Gold","floor":11,"damage_taken":0}],"is_beta":false,"boss_relics":[{"not_picked":["WristBlade","Calling Bell"],"picked":"Astrolabe"}],"items_purged_floors":[13],"is_endless":false,"potions_floor_spawned":[2,6,14],"ascension_level":0}