{"path_per_floor":["M","M","M","?","?","E","M","M","T","M","R","M","$","?","R","B",null,"M","M","$","?","M","R","E","R","T","R","E","?","$","M","R"],"character_chosen":"IRONCLAD","items_purchased":["Warcry","Rampage","Dramatic Entrance","Weak Potion"],"gold_per_floor":[119,138,154,104,104,138,151,166,166,177,177,196,33,33,33,131,131,147,159,18,18,29,29,62,62,87,87,119,44,44,61,61,61],"floor_reached":33,"campfire_rested":4,"playtime":2337,"item_purchase_floors":[],"current_hp_per_floor":[80,80,80,80,80,31,37,38,38,35,59,65,65,58,58,64,80,76,64,64,64,49,73,18,42,42,42,13,13,13,33,57,0],"items_purged":["Defend_R"],"gold":61,"score":337,"play_id":"5ec71b92-011f-4152-bbd2-8d675466edb7","local_time":"20180610172308","is_prod":false,"is_daily":false,"chose_seed":false,"is_ascension_mode":false,"campfire_upgraded":2,"win_rate":0.0,"timestamp":1528665788,"campfire_choices":[{"floor":11.0,"key":"REST"},{"data":"Rampage","floor":15.0,"key":"SMITH"},{"floor":23,"key":"REST"},{"floor":25,"key":"REST"},{"data":"Dark Embrace","floor":27,"key":"SMITH"},{"floor":32,"key":"REST"}],"path_taken":["M","M","M","?","?","E","M","M","T","M","R","M","$","?","R","BOSS","M","M","$","?","M","R","E","R","T","R","E","?","?","?","R","BOSS"],"build_version":"2018-06-07v3","seed_source_timestamp":0,"purchased_purges":1,"victory":false,"master_deck":["Strike_R","Strike_R","Defend_R","Defend_R","Bash","Seeing Red","Flex","Anger","Headbutt","Seeing Red","Battle Trance","Limit Break","Headbutt","Heavy Blade","Thunderclap","Warcry","Rampage+1","Dark Embrace+1","Armaments+1","Flex+1","Dramatic Entrance","Flex+1","True Grit+1","Burning Pact","Dropkick"],"max_hp_per_floor":[80,80,80,80,80,80,80,80,80,80,80,80,80,80,80,80,80,80,80,80,80,80,80,80,80,80,80,80,80,80,80,80,80],"relics":["Burning Blood","Potion Belt","Pen Nib","Runic Pyramid","Blood Vial","Bag of Preparation","Meat on the Bone"],"card_choices":[{"not_picked":["Flex","Anger"],"picked":"Seeing Red","floor":0.0},{"not_picked":["Armaments","Sword Boomerang"],"picked":"Flex","floor":1.0},{"not_picked":["Hemokinesis","Clash"],"picked":"Anger","floor":2.0},{"not_picked":["Inflame","Metallicize"],"picked":"Headbutt","floor":3.0},{"not_picked":["Armaments","Perfected Strike"],"picked":"Battle Trance","floor":6.0},{"not_picked":["True Grit","Sword Boomerang"],"picked":"Limit Break","floor":7.0},{"not_picked":["Body Slam","Rupture"],"picked":"Headbutt","floor":8.0},{"not_picked":["Spot Weakness","Shrug It Off"],"picked":"Heavy Blade","floor":10.0},{"not_picked":["Twin Strike","Sword Boomerang"],"picked":"Thunderclap","floor":12.0},{"not_picked":["Brutality","Fiend Fire"],"picked":"Dark Embrace","floor":16.0},{"not_picked":["Clothesline+1","Shrug It Off+1"],"picked":"Armaments+1","floor":18},{"not_picked":["Twin Strike","Pummel"],"picked":"Flex+1","floor":19},{"not_picked":["Headbutt","Clash"],"picked":"Flex+1","floor":22},{"not_picked":["Headbutt+1","Heavy Blade"],"picked":"True Grit+1","floor":24},{"not_picked":["Headbutt","Thunderclap"],"picked":"Burning Pact","floor":28},{"not_picked":["Flex","Barricade"],"picked":"Dropkick","floor":31}],"player_experience":10697,"potions_floor_usage":[18,19,22,24,31],"damage_taken":[{"damage":6.0,"enemies":"Jaw Worm","floor":1.0,"turns":4.0},{"damage":5.0,"enemies":"2 Louse","floor":2.0,"turns":3.0},{"damage":6.0,"enemies":"Cultist","floor":3.0,"turns":3.0},{"damage":55.0,"enemies":"3 Sentries","floor":6.0,"turns":12.0},{"damage":0.0,"enemies":"Large Slime","floor":7.0,"turns":4.0},{"damage":5.0,"enemies":"Looter","floor":8.0,"turns":2.0},{"damage":9.0,"enemies":"2 Fungi Beasts","floor":10.0,"turns":2.0},{"damage":0.0,"enemies":"Large Slime","floor":12.0,"turns":5.0},{"damage":0.0,"enemies":"Slime Boss","floor":16.0,"turns":5.0},{"damage":10,"enemies":"Spheric Guardian","floor":18,"turns":3},{"damage":26,"enemies":"3 Byrds","floor":19,"turns":6},{"damage":29,"enemies":"Centurion and Healer","floor":22,"turns":4},{"damage":61,"enemies":"Slavers","floor":24,"turns":5},{"damage":37,"enemies":"Book of Stabbing","floor":28,"turns":4},{"damage":0,"enemies":"Snake Plant","floor":31,"turns":1},{"damage":75,"enemies":"Automaton","floor":33,"turns":6}],"relics_obtained":[{"floor":6.0,"key":"Potion Belt"},{"floor":9.0,"key":"Pen Nib"},{"floor":24,"key":"Blood Vial"},{"floor":26,"key":"Bag of Preparation"},{"floor":28,"key":"Meat on the Bone"}],"event_choices":[{"event_name":"The Cleric","player_choice":"Card Removal","floor":4.0,"damage_taken":0.0},{"event_name":"Living Wall","player_choice":"Change","floor":5.0,"damage_taken":0.0},{"event_name":"Golden Wing","player_choice":"Card Removal","floor":14.0,"damage_taken":0.0},{"event_name":"Drug Dealer","player_choice":"Ignored","floor":21,"damage_taken":0},{"event_name":"Beggar","player_choice":"Gave Gold","floor":29,"damage_taken":0}],"boss_relics":[{"not_picked":["Snecko Eye","Runic Cube"],"picked":"Runic Pyramid"}],"items_purged_floors":[],"potions_floor_spawned":[2,6,8,12,18,28,31],"seed_played":"105360883008159434","killed_by":"Automaton","ascension_level":0,"potions_obtained":[{"floor":2.0,"key":"Ancient Potion"},{"floor":6.0,"key":"SteroidPotion"},{"floor":8.0,"key":"Explosive Potion"},{"floor":12.0,"key":"BloodPotion"},{"floor":18,"key":"BloodPotion"},{"floor":28,"key":"Poison Potion"},{"floor":31,"key":"Dexterity Potion"}],"is_trial":false}