{"gold_per_floor":[113,113,130,150,162,162,191,207,207,217,217,217,167,201,201,305,305,319,336,1,1,17,17,0,0,0,18,32,32],"floor_reached":29,"playtime":1894,"items_purged":["Strike_G"],"score":249,"play_id":"59c6488e-e94f-4ea3-9127-366da5555d7f","local_time":"20180923161749","is_ascension_mode":true,"campfire_choices":[{"data":"Neutralize","floor":6,"key":"SMITH"},{"data":"Bane","floor":12,"key":"SMITH"},{"data":"1","floor":15,"key":"LIFT"},{"data":"Catalyst","floor":23,"key":"SMITH"},{"floor":25,"key":"REST"}],"neow_cost":"NONE","seed_source_timestamp":9771012109866,"circlet_count":0,"master_deck":["Defend_G","Defend_G","Defend_G","Defend_G","Defend_G","Strike_G","Survivor","Neutralize+1","Poisoned Stab","Dagger Throw","All Out Attack","Storm of Steel","Underhanded Strike","Bane+1","Tactician","Doppelganger","Well Laid Plans+1","Expertise","Catalyst+1","Master of Strategy","Dodge and Roll+1","Dagger Throw","Bane"],"relics":["Ring of the Snake","Ancient Tea Set","Ice Cream","Girya","Black Star","MutagenicStrength","Sundial"],"potions_floor_usage":[8,16,16,28],"damage_taken":[{"damage":1,"enemies":"2 Louse","floor":1,"turns":3},{"damage":0,"enemies":"Small Slimes","floor":3,"turns":3},{"damage":6,"enemies":"Cultist","floor":4,"turns":3},{"damage":5,"enemies":"Looter","floor":5,"turns":3},{"damage":18,"enemies":"Gremlin Nob","floor":7,"turns":4},{"damage":0,"enemies":"Blue Slaver","floor":8,"turns":4},{"damage":11,"enemies":"Large Slime","floor":10,"turns":6},{"damage":10,"enemies":"3 Sentries","floor":14,"turns":8},{"damage":34,"enemies":"The Guardian","floor":16,"turns":10},{"damage":29,"enemies":"Spheric Guardian","floor":18,"turns":6},{"damage":1,"enemies":"Chosen","floor":19,"turns":5},{"damage":6,"enemies":"Snecko","floor":22,"turns":4},{"damage":13,"enemies":"3 Cultists","floor":27,"turns":6},{"damage":7,"enemies":"Snake Plant","floor":28,"turns":4},{"damage":0,"enemies":"Cultist and Chosen","floor":29,"turns":1}],"seed_played":"-6333876155374222965","potions_obtained":[{"floor":3,"key":"Poison Potion"},{"floor":4,"key":"Ancient Potion"},{"floor":7,"key":"Poison Potion"},{"floor":14,"key":"Weak Potion"},{"floor":19,"key":"Fire Potion"},{"floor":22,"key":"Fire Potion"},{"floor":28,"key":"Regen Potion"}],"is_trial":false,"path_per_floor":["M","?","M","M","M","R","E","M","T","M","?","R","?","E","R","B",null,"M","M","$","?","M","R","?","R","T","M","M"],"character_chosen":"THE_SILENT","items_purchased":["Catalyst","Master of Strategy"],"campfire_rested":1,"item_purchase_floors":[20,20],"current_hp_per_floor":[69,69,69,63,58,58,40,40,40,29,52,52,52,42,42,8,70,41,40,40,40,34,34,34,55,55,42,35,35],"gold":32,"neow_bonus":"REMOVE_CARD","is_prod":false,"is_daily":false,"chose_seed":false,"campfire_upgraded":3,"win_rate":0,"timestamp":1537733869,"path_taken":["M","?","M","M","?","R","E","M","T","M","?","R","?","E","R","BOSS","M","M","$","?","M","R","?","R","T","M","M","M"],"build_version":"2018-09-20","purchased_purges":1,"victory":false,"max_hp_per_floor":[70,70,70,70,70,70,70,70,70,70,70,70,70,70,70,70,70,70,70,70,70,70,70,70,70,70,70,70,70],"card_choices":[{"not_picked":["Deadly Poison","Accuracy"],"picked":"Poisoned Stab","floor":1},{"not_picked":["Heel Hook","Acrobatics"],"picked":"Dagger Throw","floor":3},{"not_picked":["PiercingWail","Poisoned Stab","Crippling Poison"],"picked":"SKIP","floor":4},{"not_picked":["Deadly Poison","Outmaneuver"],"picked":"All Out Attack","floor":5},{"not_picked":["Deadly Poison","Storm of Steel","Sucker Punch"],"picked":"SKIP","floor":7},{"not_picked":["Deadly Poison","Sucker Punch"],"picked":"Storm of Steel","floor":7},{"not_picked":["Backflip","Masterful Stab"],"picked":"Underhanded Strike","floor":8},{"not_picked":["Skewer","Finisher"],"picked":"Bane","floor":10},{"not_picked":["Riddle With Holes","Slice"],"picked":"Tactician","floor":14},{"not_picked":["Venomology","Night Terror"],"picked":"Doppelganger","floor":16},{"not_picked":["Dodge and Roll","All Out Attack"],"picked":"Well Laid Plans+1","floor":18},{"not_picked":["Catalyst","Leg Sweep"],"picked":"Expertise","floor":19},{"not_picked":["Flying Knee","Dagger Throw"],"picked":"Dodge and Roll+1","floor":22},{"not_picked":["Prepared","Outmaneuver"],"picked":"Dagger Throw","floor":27},{"not_picked":["Dagger Spray","Storm of Steel"],"picked":"Bane","floor":28}],"player_experience":628986,"relics_obtained":[{"floor":7,"key":"Ancient Tea Set"},{"floor":9,"key":"Ice Cream"},{"floor":14,"key":"Girya"},{"floor":26,"key":"Sundial"}],"event_choices":[{"event_name":"Living Wall","player_choice":"Forget","floor":2,"damage_taken":0},{"event_name":"Big Fish","player_choice":"Banana","floor":11,"damage_taken":0},{"event_name":"The Cleric","player_choice":"Card Removal","floor":13,"damage_taken":0},{"event_name":"Drug Dealer","player_choice":"Inject Mutagens","floor":21,"damage_taken":0},{"event_name":"Masked Bandits","player_choice":"Paid Fearfully","floor":24,"damage_taken":0}],"is_beta":false,"boss_relics":[{"not_picked":["Ectoplasm","Runic Dome"],"picked":"Black Star"}],"items_purged_floors":[20],"is_endless":false,"potions_floor_spawned":[3,4,7,14,19,22,28],"killed_by":"Cultist and Chosen","ascension_level":1}