{"path_per_floor":["M","?","?","M","M","R","E","M","T","E"],"character_chosen":"DEFECT","items_purchased":[],"gold_per_floor":[116,116,116,135,154,154,187,198,223,252,237],"floor_reached":11,"campfire_rested":1,"playtime":270,"item_purchase_floors":[],"current_hp_per_floor":[36,29,29,29,29,51,20,18,18,1,0],"items_purged":[],"gold":237,"score":100,"play_id":"d8ada7e6-8b7c-475b-ae55-5cfd8ddbdf98","local_time":"20180529070623","is_prod":false,"is_daily":false,"chose_seed":false,"is_ascension_mode":true,"campfire_upgraded":0,"win_rate":0,"timestamp":1527534383,"campfire_choices":[{"floor":6,"key":"REST"}],"path_taken":["M","?","?","M","?","R","E","M","T","E","M"],"build_version":"2018-05-27","seed_source_timestamp":29428506098212,"purchased_purges":0,"victory":false,"master_deck":["Strike_B","Strike_B","Strike_B","Defend_B","Defend_B","Defend_B","Defend_B","Zap","Dualcast","Turbo","Compile Driver","Go for the Eyes","Tempest","Streamline","Beam Cell"],"max_hp_per_floor":[75,75,75,75,75,75,75,75,75,75,75],"relics":["Cracked Core","Ice Cream","Ancient Tea Set","Art of War","Juzu Bracelet","Blue Candle"],"card_choices":[{"not_picked":["Redo","Leap"],"picked":"Turbo","floor":1},{"not_picked":["Consume","Barrage"],"picked":"Compile Driver","floor":4},{"not_picked":["Beam Cell","Conserve Battery"],"picked":"Go for the Eyes","floor":5},{"not_picked":["Glacier","Go for the Eyes"],"picked":"Tempest","floor":7},{"not_picked":["Darkness","Ball Lightning"],"picked":"Streamline","floor":8},{"not_picked":["Turbo","Barrage"],"picked":"Beam Cell","floor":10}],"player_experience":297901,"potions_floor_usage":[8],"damage_taken":[{"damage":2,"enemies":"Jaw Worm","floor":1,"turns":3},{"damage":0,"enemies":"Small Slimes","floor":4,"turns":3},{"damage":0,"enemies":"Cultist","floor":5,"turns":3},{"damage":31,"enemies":"Gremlin Nob","floor":7,"turns":4},{"damage":11,"enemies":"Looter","floor":8,"turns":3},{"damage":17,"enemies":"3 Sentries","floor":10,"turns":7},{"damage":11,"enemies":"Exordium Thugs","floor":11,"turns":1}],"relics_obtained":[{"floor":7,"key":"Art of War"},{"floor":9,"key":"Juzu Bracelet"},{"floor":10,"key":"Blue Candle"}],"event_choices":[{"event_name":"Scrap Ooze","player_choice":"success","floor":2,"damage_taken":7},{"event_name":"Bonfire Elementals","player_choice":"BASIC","floor":3,"damage_taken":0}],"boss_relics":[],"items_purged_floors":[],"potions_floor_spawned":[7],"seed_played":"96606676496126990","killed_by":"Exordium Thugs","ascension_level":4,"potions_obtained":[{"floor":7,"key":"Regen Potion"}],"is_trial":false}