{"gold_per_floor":[15,34,44,15,15,15,54,54,123,152,191,205,219,257,257,346,346,346,346,346,218,218,218,218,218,218,218,56,56,56,56],"floor_reached":31,"playtime":1631,"items_purged":["Strike_G","Strike_G+1"],"score":506,"play_id":"2b8d438a-05c9-4361-a609-2f3c70ca6a1c","local_time":"20190228190111","is_ascension_mode":true,"campfire_choices":[{"data":"Dagger Spray","floor":6,"key":"SMITH"},{"floor":8,"key":"REST"},{"data":"Neutralize","floor":15,"key":"SMITH"},{"data":"After Image","floor":25,"key":"SMITH"},{"data":"Ghostly","floor":27,"key":"SMITH"}],"neow_cost":"NO_GOLD","seed_source_timestamp":23404868290007,"circlet_count":0,"master_deck":["AscendersBane","Defend_G+1","Defend_G+1","Defend_G+1","Defend_G+1","Defend_G+1","Strike_G+1","Strike_G+1","Strike_G+1","Survivor","Neutralize+1","Poisoned Stab","Poisoned Stab","Skewer","Dagger Spray+1","Dash","Terror","Deadly Poison","Cloak And Dagger","After Image+1","Deadly Poison+1","Acrobatics","Infinite Blades","Ghostly","Ghostly","Ghostly+1","Well Laid Plans","Cloak And Dagger","Tools of the Trade","Decay"],"relics":["Ring of the Snake","Bird Faced Urn","Golden Idol","Dream Catcher","Meat on the Bone","Odd Mushroom","Unceasing Top","Smiling Mask","Ectoplasm","Ornamental Fan"],"potions_floor_usage":[7,11,14,16,20,31],"damage_taken":[{"damage":0,"enemies":"Small Slimes","floor":1,"turns":4},{"damage":2,"enemies":"Jaw Worm","floor":2,"turns":4},{"damage":0,"enemies":"2 Louse","floor":3,"turns":3},{"damage":32,"enemies":"Gremlin Nob","floor":7,"turns":5},{"damage":12,"enemies":"The Mushroom Lair","floor":10,"turns":4},{"damage":7,"enemies":"Lagavulin","floor":11,"turns":7},{"damage":0,"enemies":"Lots of Slimes","floor":12,"turns":2},{"damage":9,"enemies":"Looter","floor":13,"turns":3},{"damage":17,"enemies":"3 Sentries","floor":14,"turns":6},{"damage":32,"enemies":"The Guardian","floor":16,"turns":10},{"damage":8,"enemies":"Shell Parasite","floor":18,"turns":5},{"damage":9,"enemies":"Spheric Guardian","floor":19,"turns":7},{"damage":20,"enemies":"Snake Plant","floor":20,"turns":4},{"damage":1,"enemies":"Snecko","floor":29,"turns":7},{"damage":38,"enemies":"Slavers","floor":31,"turns":3}],"seed_played":"1271996997516566832","potions_obtained":[{"floor":1,"key":"Block Potion"},{"floor":7,"key":"Ancient Potion"},{"floor":10,"key":"PowerPotion"},{"floor":12,"key":"Poison Potion"},{"floor":14,"key":"Poison Potion"},{"floor":20,"key":"AttackPotion"}],"is_trial":false,"path_per_floor":["M","M","M","$","?","R","E","R","T","?","E","M","M","E","R","B",null,"M","M","M","$","?","?","?","R","T","R","$","M","?","E"],"character_chosen":"THE_SILENT","items_purchased":["Dagger Spray","Infinite Blades","Well Laid Plans","Cloak And Dagger"],"campfire_rested":1,"item_purchase_floors":[4,21,28,28],"current_hp_per_floor":[59,57,57,57,34,34,2,21,21,21,28,40,43,38,38,18,54,48,41,35,35,33,33,33,33,33,33,33,32,32,0],"gold":56,"neow_bonus":"ONE_RARE_RELIC","is_prod":false,"is_daily":false,"chose_seed":false,"campfire_upgraded":4,"win_rate":0,"timestamp":1551333671,"path_taken":["M","M","M","$","?","R","E","R","T","?","E","M","M","E","R","BOSS","M","M","M","$","?","?","?","R","T","R","$","M","?","E"],"build_version":"2019-01-23","purchased_purges":2,"victory":false,"max_hp_per_floor":[66,66,66,66,66,66,66,66,66,66,66,66,66,66,66,66,66,66,66,66,66,33,33,33,33,33,33,33,33,33,33],"card_choices":[{"not_picked":["Endless Agony","Blade Dance"],"picked":"Poisoned Stab","floor":1},{"not_picked":["Masterful Stab","Slice"],"picked":"Poisoned Stab","floor":2},{"not_picked":["Dodge and Roll","Noxious Fumes"],"picked":"Skewer","floor":3},{"not_picked":["Blade Dance","Deadly Poison"],"picked":"Dash","floor":7},{"not_picked":["Dagger Spray","Endless Agony"],"picked":"Terror","floor":10},{"not_picked":["Dagger Throw","Outmaneuver","Predator"],"picked":"SKIP","floor":11},{"not_picked":["Bane","Flying Knee"],"picked":"Deadly Poison","floor":12},{"not_picked":["Quick Slash","Predator","Doppelganger"],"picked":"SKIP","floor":13},{"not_picked":["Flying Knee","All Out Attack"],"picked":"Cloak And Dagger","floor":14},{"not_picked":["Die Die Die","Adrenaline"],"picked":"After Image","floor":16},{"not_picked":["Predator+1","Blade Dance"],"picked":"Deadly Poison+1","floor":18},{"not_picked":["Finisher","Outmaneuver"],"picked":"Acrobatics","floor":19},{"not_picked":["Bane","Flying Knee","Sucker Punch+1"],"picked":"SKIP","floor":20},{"not_picked":["Caltrops","Dagger Spray"],"picked":"Tools of the Trade","floor":29}],"player_experience":488666,"relics_obtained":[{"floor":7,"key":"Dream Catcher"},{"floor":9,"key":"Meat on the Bone"},{"floor":10,"key":"Odd Mushroom"},{"floor":11,"key":"Unceasing Top"},{"floor":14,"key":"Smiling Mask"},{"floor":26,"key":"Ornamental Fan"}],"event_choices":[{"damage_healed":0,"gold_gain":0,"player_choice":"Take Damage","damage_taken":23,"relics_obtained":["Golden Idol"],"max_hp_gain":0,"max_hp_loss":0,"event_name":"Golden Idol","floor":5,"gold_loss":0},{"damage_healed":0,"gold_gain":0,"player_choice":"Fought Mushrooms","damage_taken":0,"max_hp_gain":0,"max_hp_loss":0,"event_name":"Mushrooms","floor":10,"gold_loss":0},{"damage_healed":0,"gold_gain":0,"player_choice":"Became a Ghost","damage_taken":0,"max_hp_gain":0,"max_hp_loss":33,"event_name":"Ghosts","floor":22,"gold_loss":0,"cards_obtained":["Ghostly","Ghostly","Ghostly"]},{"damage_healed":0,"gold_gain":50,"player_choice":"Stole From Cult","damage_taken":0,"max_hp_gain":0,"max_hp_loss":0,"event_name":"Nest","floor":23,"gold_loss":0},{"damage_healed":0,"gold_gain":0,"player_choice":"Simplicity","damage_taken":0,"max_hp_gain":0,"max_hp_loss":0,"event_name":"Back to Basics","floor":24,"gold_loss":0,"cards_upgraded":["Defend_G","Defend_G","Defend_G","Defend_G","Defend_G","Strike_G","Strike_G","Strike_G","Strike_G"]},{"damage_healed":0,"gold_gain":0,"player_choice":"Cursed","damage_taken":0,"max_hp_gain":0,"max_hp_loss":0,"event_name":"Wheel of Change","floor":30,"gold_loss":0,"cards_obtained":["Decay"]}],"is_beta":false,"boss_relics":[{"not_picked":["WristBlade","Empty Cage"],"picked":"Ectoplasm"}],"items_purged_floors":[21,28],"is_endless":false,"potions_floor_spawned":[1,7,10,12,14,20],"killed_by":"Slavers","ascension_level":20}