{"gold_per_floor":[109,125,135,135,151,151,180,191,191,191,205,205,222,222],"floor_reached":14,"playtime":2151,"items_purged":[],"score":94,"play_id":"f72874cb-36c8-4af5-aa3c-bb965582ab3c","local_time":"20180720003838","is_ascension_mode":false,"campfire_choices":[{"data":"Outmaneuver","floor":6,"key":"SMITH"},{"floor":12,"key":"REST"}],"neow_cost":"NONE","seed_source_timestamp":15158752724456,"circlet_count":0,"master_deck":["Defend_G","Defend_G","Defend_G","Defend_G","Defend_G","Strike_G+1","Strike_G","Strike_G","Survivor","Neutralize+1","Masterful Stab","PiercingWail","Outmaneuver+1","Blur","Footwork","Masterful Stab"],"relics":["Ring of the Snake","Orichalcum","Omamori","Whetstone"],"potions_floor_usage":[5,7],"damage_taken":[{"damage":5,"enemies":"Small Slimes","floor":1,"turns":4},{"damage":0,"enemies":"Cultist","floor":2,"turns":4},{"damage":0,"enemies":"2 Louse","floor":3,"turns":4},{"damage":2,"enemies":"Looter","floor":5,"turns":5},{"damage":29,"enemies":"Lagavulin","floor":7,"turns":11},{"damage":0,"enemies":"2 Fungi Beasts","floor":8,"turns":5},{"damage":0,"enemies":"Exordium Thugs","floor":11,"turns":6},{"damage":6,"enemies":"Lots of Slimes","floor":13,"turns":11},{"damage":87,"enemies":"Gremlin Nob","floor":14,"turns":7}],"seed_played":"5947402473512503317","potions_obtained":[{"floor":2,"key":"SteroidPotion"},{"floor":3,"key":"Poison Potion"},{"floor":8,"key":"FairyPotion"}],"is_trial":false,"path_per_floor":["M","M","M","?","M","R","E","M","T","?","M","R","M"],"character_chosen":"THE_SILENT","items_purchased":[],"campfire_rested":1,"item_purchase_floors":[],"current_hp_per_floor":[65,65,65,65,63,63,34,34,34,27,27,48,42,0],"gold":222,"neow_bonus":"RANDOM_COMMON_RELIC","is_prod":false,"is_daily":false,"chose_seed":false,"campfire_upgraded":1,"win_rate":0.0,"timestamp":1532061518,"path_taken":["M","M","M","?","M","R","E","M","T","?","M","R","M","E"],"build_version":"2018-07-19","purchased_purges":0,"victory":false,"max_hp_per_floor":[70,70,70,70,70,70,70,70,70,70,70,70,70,70],"card_choices":[{"not_picked":["Deflect","Calculated Gamble"],"picked":"Masterful Stab","floor":1},{"not_picked":["Quick Slash","Calculated Gamble","Bane"],"picked":"SKIP","floor":2},{"not_picked":["Deflect","Quick Slash"],"picked":"PiercingWail","floor":3},{"not_picked":["PiercingWail","Eviscerate"],"picked":"Outmaneuver","floor":5},{"not_picked":["Outmaneuver","Heel Hook"],"picked":"Blur","floor":7},{"not_picked":["A Thousand Cuts","Dagger Spray"],"picked":"Footwork","floor":8},{"not_picked":["Prepared","Blade Dance","Underhanded Strike"],"picked":"SKIP","floor":11},{"not_picked":["Flying Knee","Sucker Punch"],"picked":"Masterful Stab","floor":13}],"player_experience":199211,"relics_obtained":[{"floor":7,"key":"Omamori"},{"floor":9,"key":"Whetstone"}],"event_choices":[{"event_name":"Living Wall","player_choice":"Forget","floor":4,"damage_taken":0},{"event_name":"Golden Wing","player_choice":"Card Removal","floor":10,"damage_taken":0}],"is_beta":false,"boss_relics":[],"items_purged_floors":[],"is_endless":false,"potions_floor_spawned":[2,3,8],"killed_by":"Gremlin Nob","ascension_level":0}