{"gold_per_floor":[134,209,244,279,279,329,404,404,429,464,464,494,509,524,524,644,644,659,674,689,689,689,689,704,739,764,814,51,66,96,111,111,211,211,226,241,256,271,286,316,316,331,331,16,46,61,76,0,0,0],"floor_reached":50,"playtime":1138,"items_purged":[],"score":1089,"play_id":"219e14e8-76a7-4294-b0ab-a901cdc699b2","local_time":"20181125003832","daily_mods":["Allstar","Hoarder","Terminal"],"is_ascension_mode":false,"campfire_choices":[{"data":"Mind Blast","floor":8,"key":"SMITH"},{"data":"Mind Blast","floor":11,"key":"SMITH"},{"data":"Mind Blast","floor":15,"key":"SMITH"},{"data":"Adrenaline","floor":23,"key":"SMITH"},{"data":"Adrenaline","floor":32,"key":"SMITH"},{"data":"Adrenaline","floor":49,"key":"SMITH"}],"neow_cost":"","seed_source_timestamp":3055910590365,"circlet_count":0,"master_deck":["Defend_G","Defend_G","Defend_G","Defend_G","Defend_G","Strike_G","Strike_G","Strike_G","Strike_G","Survivor","Neutralize","Violence","Violence","Violence","Thinking Ahead","Thinking Ahead","Thinking Ahead","Chrysalis","Chrysalis","Chrysalis","HandOfGreed","HandOfGreed","HandOfGreed","Mind Blast+1","Mind Blast+1","Mind Blast+1","PiercingWail","PiercingWail","PiercingWail","Backflip","Backflip","Backflip","Dodge and Roll","Dodge and Roll","Dodge and Roll","Malaise","Malaise","Malaise","Cloak And Dagger","Cloak And Dagger","Cloak And Dagger","Flechettes","Flechettes","Flechettes","Adrenaline+1","Adrenaline+1","Adrenaline+1","Acrobatics","Acrobatics","Acrobatics","Quick Slash","Quick Slash","Quick Slash","Dagger Spray","Dagger Spray","Dagger Spray","Wraith Form v2","Wraith Form v2","Wraith Form v2","Dagger Throw","Dagger Throw","Dagger Throw","Sucker Punch","Sucker Punch","Sucker Punch","Sucker Punch","Sucker Punch","Sucker Punch","Acrobatics","Acrobatics","Acrobatics","Sucker Punch+1","Sucker Punch+1","Sucker Punch+1","Flying Knee","Flying Knee","Flying Knee","Escape Plan+1","Escape Plan+1","Escape Plan+1","Flechettes","Flechettes","Flechettes","Backstab","Backstab","Backstab","Backflip","Backflip","Backflip","Acrobatics","Acrobatics","Acrobatics","Caltrops+1","Caltrops+1","Caltrops+1","Chrysalis","Chrysalis","Chrysalis","Deep Breath","Deep Breath","Deep Breath","Dagger Spray","Dagger Spray","Dagger Spray","Dark Shackles","Dark Shackles","Dark Shackles","Bullet Time","Bullet Time","Bullet Time","Feed","Feed","Feed","Clothesline+1","Clothesline+1","Clothesline+1","Lockon","Lockon","Lockon","Shrug It Off","Shrug It Off","Shrug It Off","Enlightenment+1","Enlightenment+1","Enlightenment+1","Twin Strike+1","Twin Strike+1","Twin Strike+1","Turbo+1","Turbo+1","Turbo+1","Mind Blast+1","Mind Blast+1","Mind Blast+1","Outmaneuver+1","Outmaneuver+1","Outmaneuver+1","Mind Blast+1","Mind Blast+1","Mind Blast+1","Flying Knee","Flying Knee","Flying Knee","Sucker Punch","Sucker Punch","Sucker Punch","Deflect","Deflect","Deflect","Predator","Predator","Predator","Purity+1","Purity+1","Purity+1","Sword Boomerang+1","Sword Boomerang+1","Sword Boomerang+1","Leap","Leap","Leap"],"special_seed":17859,"relics":["Ring of the Snake","Incense Burner","Anchor","Pen Nib","Busted Crown","Enchiridion","Dream Catcher","Frozen Egg 2","PrismaticShard","Sundial","White Beast Statue","Darkstone Periapt","The Courier","DollysMirror","Bag of Preparation","Red Mask"],"potions_floor_usage":[16,50],"damage_taken":[{"damage":3,"enemies":"Small Slimes","floor":1,"turns":2},{"damage":0,"enemies":"Jaw Worm","floor":3,"turns":2},{"damage":0,"enemies":"Cultist","floor":4,"turns":2},{"damage":21,"enemies":"3 Sentries","floor":6,"turns":6},{"damage":0,"enemies":"3 Louse","floor":7,"turns":3},{"damage":0,"enemies":"Exordium Wildlife","floor":10,"turns":2},{"damage":0,"enemies":"Gremlin Nob","floor":12,"turns":1},{"damage":0,"enemies":"Red Slaver","floor":13,"turns":1},{"damage":0,"enemies":"Blue Slaver","floor":14,"turns":1},{"damage":0,"enemies":"The Guardian","floor":16,"turns":5},{"damage":0,"enemies":"Shell Parasite","floor":18,"turns":1},{"damage":0,"enemies":"3 Byrds","floor":19,"turns":2},{"damage":0,"enemies":"3 Cultists","floor":20,"turns":1},{"damage":0,"enemies":"Shelled Parasite and Fungi","floor":24,"turns":1},{"damage":0,"enemies":"Centurion and Healer","floor":25,"turns":4},{"damage":0,"enemies":"Slavers","floor":27,"turns":11},{"damage":0,"enemies":"Sentry and Sphere","floor":29,"turns":1},{"damage":0,"enemies":"Gremlin Leader","floor":30,"turns":1},{"damage":0,"enemies":"Shelled Parasite and Fungi","floor":31,"turns":1},{"damage":0,"enemies":"Automaton","floor":33,"turns":1},{"damage":0,"enemies":"3 Darklings","floor":35,"turns":1},{"damage":0,"enemies":"Orb Walker","floor":36,"turns":1},{"damage":0,"enemies":"3 Darklings","floor":37,"turns":1},{"damage":0,"enemies":"4 Shapes","floor":38,"turns":1},{"damage":0,"enemies":"Writhing Mass","floor":39,"turns":1},{"damage":0,"enemies":"Reptomancer","floor":40,"turns":1},{"damage":0,"enemies":"Spire Growth","floor":42,"turns":1},{"damage":0,"enemies":"Nemesis","floor":45,"turns":1},{"damage":0,"enemies":"4 Shapes","floor":46,"turns":1},{"damage":0,"enemies":"Jaw Worm Horde","floor":47,"turns":1},{"damage":35,"enemies":"Awakened One","floor":50,"turns":2}],"seed_played":"-6046446197112950682","potions_obtained":[{"floor":1,"key":"FearPotion"},{"floor":4,"key":"FearPotion"},{"floor":7,"key":"Block Potion"},{"floor":19,"key":"Weak Potion"},{"floor":25,"key":"Energy Potion"},{"floor":33,"key":"FearPotion"},{"floor":36,"key":"FearPotion"}],"is_trial":false,"path_per_floor":["M","?","M","M","?","E","M","R","T","M","R","E","M","M","R","B",null,"M","M","M","?","?","R","M","M","T","E","$","M","E","M","R","B",null,"M","M","M","M","M","E","?","M","T","$","E","M","M","?","R","B"],"character_chosen":"THE_SILENT","items_purchased":["Flechettes","Backstab","Backflip","Acrobatics","Caltrops+1","Chrysalis","Deep Breath","PrismaticShard","DollysMirror","Flying Knee","Sucker Punch","Deflect","Predator"],"campfire_rested":0,"item_purchase_floors":[28,28,28,28,28,28,28,28,44,44,44,44,44],"current_hp_per_floor":[66,55,55,55,55,34,34,34,34,34,34,34,34,34,34,34,52,51,50,49,48,32,32,32,32,32,32,32,32,32,32,32,32,35,34,33,32,31,30,29,28,27,26,25,24,23,22,21,20,0],"gold":0,"neow_bonus":"","is_prod":false,"is_daily":true,"chose_seed":false,"campfire_upgraded":6,"win_rate":0,"timestamp":1543059512,"path_taken":["M","?","M","M","?","E","M","R","T","M","R","E","M","M","R","BOSS","M","M","M","?","?","R","M","M","T","E","$","M","E","M","R","BOSS","M","M","M","M","M","E","?","?","T","$","E","M","M","?","R","BOSS"],"build_version":"2018-11-15","purchased_purges":0,"victory":false,"max_hp_per_floor":[68,67,66,65,64,63,62,61,60,59,58,57,56,55,54,53,52,51,50,49,48,47,46,45,44,43,42,41,40,39,38,37,36,35,34,33,32,31,30,29,28,27,26,25,24,23,22,21,20,20],"card_choices":[{"not_picked":["Leg Sweep","Terror"],"picked":"PiercingWail","floor":1},{"not_picked":["Underhanded Strike","Prepared"],"picked":"Backflip","floor":3},{"not_picked":["Catalyst","All Out Attack"],"picked":"Dodge and Roll","floor":4},{"not_picked":["Concentrate","Flying Knee"],"picked":"Cloak And Dagger","floor":6},{"not_picked":["Leg Sweep","Sucker Punch"],"picked":"Flechettes","floor":7},{"not_picked":["Leg Sweep","Prepared"],"picked":"Adrenaline","floor":10},{"not_picked":["Outmaneuver","Eviscerate"],"picked":"Acrobatics","floor":12},{"not_picked":["Predator","Underhanded Strike"],"picked":"Quick Slash","floor":13},{"not_picked":["Slice","Bouncing Flask"],"picked":"Dagger Spray","floor":14},{"not_picked":["Glass Knife","Tools of the Trade"],"picked":"Wraith Form v2","floor":16},{"not_picked":[],"picked":"Dagger Throw","floor":18},{"not_picked":[],"picked":"Sucker Punch","floor":19},{"not_picked":[],"picked":"Sucker Punch","floor":20},{"not_picked":[],"picked":"Sucker Punch+1","floor":24},{"not_picked":[],"picked":"Flying Knee","floor":25},{"not_picked":[],"picked":"Escape Plan+1","floor":27},{"not_picked":[],"picked":"Dagger Spray","floor":29},{"not_picked":[],"picked":"Dark Shackles","floor":30},{"not_picked":[],"picked":"Bullet Time","floor":31},{"not_picked":[],"picked":"Feed","floor":33},{"not_picked":[],"picked":"Clothesline+1","floor":35},{"not_picked":[],"picked":"Lockon","floor":36},{"not_picked":[],"picked":"Shrug It Off","floor":37},{"not_picked":[],"picked":"Enlightenment+1","floor":38},{"not_picked":[],"picked":"Twin Strike+1","floor":39},{"not_picked":[],"picked":"Turbo+1","floor":40},{"not_picked":[],"picked":"Outmaneuver+1","floor":42},{"not_picked":[],"picked":"Purity+1","floor":45},{"not_picked":[],"picked":"Sword Boomerang+1","floor":46},{"not_picked":["Leap"],"picked":"SKIP","floor":47},{"not_picked":[],"picked":"Leap","floor":47}],"player_experience":382166,"relics_obtained":[{"floor":6,"key":"Incense Burner"},{"floor":9,"key":"Anchor"},{"floor":12,"key":"Pen Nib"},{"floor":22,"key":"Enchiridion"},{"floor":26,"key":"Dream Catcher"},{"floor":27,"key":"Frozen Egg 2"},{"floor":30,"key":"Sundial"},{"floor":40,"key":"Darkstone Periapt"},{"floor":43,"key":"The Courier"},{"floor":45,"key":"Bag of Preparation"}],"event_choices":[{"damage_healed":0,"gold_gain":75,"player_choice":"Gather Gold","damage_taken":11,"max_hp_gain":0,"max_hp_loss":0,"event_name":"World of Goop","floor":2,"gold_loss":0},{"damage_healed":0,"gold_gain":0,"cards_transformed":["Strike_G"],"player_choice":"Transformed","damage_taken":0,"max_hp_gain":0,"max_hp_loss":0,"event_name":"Transmorgrifier","floor":5,"gold_loss":0,"cards_obtained":["Malaise"]},{"damage_healed":0,"gold_gain":0,"player_choice":"Read","damage_taken":0,"max_hp_gain":0,"max_hp_loss":0,"event_name":"The Library","floor":21,"gold_loss":0,"cards_obtained":["Acrobatics"]},{"damage_healed":0,"gold_gain":0,"player_choice":"Obtained Book","damage_taken":16,"max_hp_gain":0,"max_hp_loss":0,"event_name":"Cursed Tome","floor":22,"gold_loss":0},{"damage_healed":0,"gold_gain":0,"player_choice":"Copied","damage_taken":0,"max_hp_gain":0,"max_hp_loss":0,"event_name":"Duplicator","floor":41,"gold_loss":0,"cards_obtained":["Mind Blast"]},{"damage_healed":0,"gold_gain":0,"player_choice":"Paid","damage_taken":0,"relics_obtained":["Red Mask"],"max_hp_gain":0,"max_hp_loss":0,"event_name":"Tomb of Lord Red Mask","floor":48,"gold_loss":76}],"is_beta":false,"boss_relics":[{"not_picked":["Tiny House","Cursed Key"],"picked":"Busted Crown"},{"not_picked":["Velvet Choker","Runic Dome"],"picked":"White Beast Statue"}],"items_purged_floors":[],"is_endless":false,"potions_floor_spawned":[1,4,7,19,25,29,31,33,35,36,37,38,39,40,42,45,46,47],"killed_by":"Awakened One","ascension_level":0}