{"gold_per_floor":[215,228,95,108,126,158,172,172,220,220,264,283,324,337,337,337],"floor_reached":16,"playtime":759,"items_purged":[],"score":248,"play_id":"9aedd010-c21a-47ea-800c-b447bc905b52","local_time":"20190224191539","is_ascension_mode":true,"campfire_choices":[{"data":"Whirlwind","floor":10,"key":"SMITH"},{"data":"Armaments","floor":15,"key":"SMITH"}],"neow_cost":"NONE","seed_source_timestamp":8507873453078,"circlet_count":0,"master_deck":["AscendersBane","Strike_R","Strike_R","Strike_R","Strike_R","Strike_R","Defend_R","Defend_R","Defend_R","Defend_R","Bash","Whirlwind+1","Pommel Strike","Feed","Rampage","True Grit","Metallicize","Armaments+1"],"relics":["Burning Blood","Blood Vial","Golden Idol","Juzu Bracelet","Gremlin Horn","Oddly Smooth Stone"],"potions_floor_usage":[6,6,13],"damage_taken":[{"damage":7,"enemies":"Cultist","floor":1,"turns":4},{"damage":7,"enemies":"Jaw Worm","floor":2,"turns":4},{"damage":1,"enemies":"Small Slimes","floor":4,"turns":4},{"damage":8,"enemies":"2 Fungi Beasts","floor":5,"turns":4},{"damage":8,"enemies":"Gremlin Nob","floor":6,"turns":3},{"damage":23,"enemies":"Exordium Wildlife","floor":7,"turns":6},{"damage":30,"enemies":"3 Sentries","floor":11,"turns":5},{"damage":24,"enemies":"Large Slime","floor":12,"turns":7},{"damage":18,"enemies":"Lagavulin","floor":13,"turns":7},{"damage":0,"enemies":"3 Louse","floor":14,"turns":1},{"damage":29,"enemies":"Hexaghost","floor":16,"turns":8}],"seed_played":"6993087219160177100","potions_obtained":[{"floor":4,"key":"Energy Potion"},{"floor":11,"key":"SpeedPotion"},{"floor":12,"key":"SteroidPotion"}],"is_trial":false,"path_per_floor":["M","M","$","M","M","E","M","?","T","R","E","M","E","M","R","B"],"character_chosen":"IRONCLAD","items_purchased":["Feed","SteroidPotion"],"campfire_rested":0,"item_purchase_floors":[3,3],"current_hp_per_floor":[67,66,66,74,75,73,61,61,61,61,42,29,19,27,27,0],"gold":337,"neow_bonus":"HUNDRED_GOLD","is_prod":false,"is_daily":false,"chose_seed":false,"campfire_upgraded":2,"win_rate":0,"timestamp":1550988939,"path_taken":["M","M","$","M","M","E","M","?","T","R","E","M","E","M","R","BOSS"],"build_version":"2019-01-23","purchased_purges":0,"victory":false,"max_hp_per_floor":[75,75,75,78,81,81,84,76,76,76,79,82,82,82,82,82],"card_choices":[{"not_picked":["Thunderclap","Anger"],"picked":"Whirlwind","floor":1},{"not_picked":["Rampage","Twin Strike"],"picked":"Pommel Strike","floor":2},{"not_picked":["Flex","Sword Boomerang","Bloodletting"],"picked":"SKIP","floor":4},{"not_picked":["Flex","Corruption","Sever Soul"],"picked":"SKIP","floor":5},{"not_picked":["Wild Strike","Clash","Dropkick"],"picked":"SKIP","floor":6},{"not_picked":["Clothesline","Corruption"],"picked":"Rampage","floor":7},{"not_picked":["Rupture","Cleave"],"picked":"True Grit","floor":11},{"not_picked":["Barricade","Flex","Sentinel"],"picked":"SKIP","floor":12},{"not_picked":["Brutality","Warcry"],"picked":"Metallicize","floor":13},{"not_picked":["Cleave","Shockwave"],"picked":"Armaments","floor":14}],"player_experience":436182,"relics_obtained":[{"floor":6,"key":"Blood Vial"},{"floor":9,"key":"Juzu Bracelet"},{"floor":11,"key":"Gremlin Horn"},{"floor":13,"key":"Oddly Smooth Stone"}],"event_choices":[{"damage_healed":0,"gold_gain":0,"player_choice":"Lose Max HP","damage_taken":0,"relics_obtained":["Golden Idol"],"max_hp_gain":0,"max_hp_loss":8,"event_name":"Golden Idol","floor":8,"gold_loss":0}],"is_beta":false,"boss_relics":[],"items_purged_floors":[],"is_endless":false,"potions_floor_spawned":[4,11,12],"killed_by":"Hexaghost","ascension_level":20}