{"gold_per_floor":[115,133,133,47,47,47,85,85,85,118,118,193,209,79,79,178,178,199,220,220,220,239,239,283,283,283,283,333,248,275,275,275,374,374,393,418,187,205,205,244,244,270,270,270,293,626,68,83,83,83],"floor_reached":51,"playtime":2827,"items_purged":["Strike_G","Strike_G","Strike_G"],"score":1521,"play_id":"861cae91-e2f1-4df5-a56d-0dde2e6540f7","local_time":"20190210194606","is_ascension_mode":true,"campfire_choices":[{"data":"Skewer","floor":6,"key":"SMITH"},{"data":"Neutralize","floor":8,"key":"SMITH"},{"data":"Catalyst","floor":11,"key":"SMITH"},{"floor":15,"key":"REST"},{"data":"Noxious Fumes","floor":23,"key":"SMITH"},{"data":"Venomology","floor":25,"key":"SMITH"},{"data":"Poisoned Stab","floor":27,"key":"SMITH"},{"floor":32,"key":"REST"},{"floor":41,"key":"REST"},{"floor":44,"key":"REST"},{"floor":49,"key":"REST"}],"neow_cost":"NONE","seed_source_timestamp":26079332129938,"circlet_count":0,"master_deck":["AscendersBane","Defend_G","Defend_G","Defend_G","Defend_G+1","Defend_G","Strike_G","Survivor","Neutralize+1","Poisoned Stab+1","Catalyst+1","Skewer+1","Poisoned Stab","PiercingWail","Noxious Fumes+1","Backflip","Venomology+1","Corpse Explosion+1","Well Laid Plans","Well Laid Plans","Apotheosis","Noxious Fumes","Noxious Fumes+1"],"relics":["Ring of the Serpent","Happy Flower","Bag of Preparation","The Specimen","Potion Belt","Busted Crown","MutagenicStrength","Oddly Smooth Stone","Strawberry","Bronze Scales","Boot","Tiny Chest","Paper Crane","Omamori","War Paint"],"potions_floor_usage":[7,20,20,22,22,22,24,24,31,33,33,38,40,40,40,40,40,40,45,48,50,50,50,50],"damage_taken":[{"damage":0,"enemies":"Small Slimes","floor":1,"turns":3},{"damage":0,"enemies":"2 Louse","floor":2,"turns":3},{"damage":9,"enemies":"Lagavulin","floor":7,"turns":5},{"damage":26,"enemies":"Gremlin Nob","floor":10,"turns":4},{"damage":5,"enemies":"Jaw Worm","floor":13,"turns":3},{"damage":0,"enemies":"Hexaghost","floor":16,"turns":9},{"damage":8,"enemies":"Shell Parasite","floor":18,"turns":7},{"damage":13,"enemies":"Spheric Guardian","floor":19,"turns":5},{"damage":4,"enemies":"Colosseum Slavers","floor":20,"turns":3},{"damage":1,"enemies":"Cultist and Chosen","floor":22,"turns":6},{"damage":5,"enemies":"Gremlin Leader","floor":24,"turns":6},{"damage":6,"enemies":"Shelled Parasite and Fungi","floor":31,"turns":4},{"damage":0,"enemies":"Collector","floor":33,"turns":6},{"damage":0,"enemies":"3 Shapes","floor":35,"turns":4},{"damage":15,"enemies":"3 Darklings","floor":36,"turns":4},{"damage":18,"enemies":"Writhing Mass","floor":38,"turns":6},{"damage":20,"enemies":"Reptomancer","floor":40,"turns":5},{"damage":0,"enemies":"4 Shapes","floor":45,"turns":2},{"damage":16,"enemies":"Spire Growth","floor":48,"turns":4},{"damage":16,"enemies":"Donu and Deca","floor":50,"turns":6}],"seed_played":"-5175993734345860020","potions_obtained":[{"floor":1,"key":"Poison Potion"},{"floor":10,"key":"SteroidPotion"},{"floor":13,"key":"SteroidPotion"},{"floor":22,"key":"Ancient Potion"},{"floor":38,"key":"Strength Potion"}],"is_trial":false,"path_per_floor":["M","M","?","$","?","R","E","R","T","E","R","?","M","$","R","B",null,"M","M","?","?","M","R","E","R","T","R","?","?","T","M","R","B",null,"M","M","$","M","?","E","R","T","T","R","M","?","$","M","R","B",null],"character_chosen":"THE_SILENT","items_purchased":["Skewer","Backflip","Tiny Chest","Apotheosis","Noxious Fumes","Weak Potion","Poison Potion","Explosive Potion"],"campfire_rested":5,"item_purchase_floors":[4,14,37,47,47,47,47,47],"current_hp_per_floor":[59,59,59,59,52,52,43,43,43,17,17,6,1,1,19,19,50,42,29,25,25,24,24,19,19,26,26,26,26,26,20,40,40,60,60,45,45,27,27,7,27,27,27,47,47,47,47,31,51,35],"gold":83,"neow_bonus":"RANDOM_COMMON_RELIC","is_prod":false,"is_daily":false,"chose_seed":false,"campfire_upgraded":6,"win_rate":0,"timestamp":1549781166,"path_taken":["M","M","?","$","?","R","E","R","T","E","R","?","?","$","R","BOSS","M","M","?","?","M","R","E","R","T","R","?","?","?","?","R","BOSS","M","M","$","M","?","E","R","?","T","R","?","?","$","M","R","BOSS"],"build_version":"2019-01-23","purchased_purges":3,"victory":true,"max_hp_per_floor":[66,66,60,60,60,60,60,60,60,60,60,60,60,60,60,60,60,60,60,60,60,60,60,60,60,67,67,67,67,67,67,67,67,67,67,67,67,67,67,67,67,67,67,67,67,67,67,67,67,67],"card_choices":[{"not_picked":["Infinite Blades","Endless Agony"],"picked":"Poisoned Stab","floor":1},{"not_picked":["Slice","Footwork"],"picked":"Catalyst","floor":2},{"not_picked":["Heel Hook","Quick Slash"],"picked":"Poisoned Stab","floor":7},{"not_picked":["Quick Slash","Deadly Poison"],"picked":"PiercingWail","floor":10},{"not_picked":["PiercingWail","Dodge and Roll"],"picked":"Noxious Fumes","floor":13},{"not_picked":["A Thousand Cuts","Grand Finale"],"picked":"Venomology","floor":16},{"not_picked":["Quick Slash"],"picked":"SKIP","floor":18},{"not_picked":["Tactician+1"],"picked":"SKIP","floor":19},{"not_picked":["Bouncing Flask"],"picked":"SKIP","floor":22},{"not_picked":["Endless Agony"],"picked":"SKIP","floor":24},{"not_picked":[],"picked":"Corpse Explosion","floor":33},{"not_picked":["Outmaneuver+1"],"picked":"SKIP","floor":35},{"not_picked":[],"picked":"Well Laid Plans","floor":36},{"not_picked":["Deadly Poison"],"picked":"SKIP","floor":38},{"not_picked":[],"picked":"Well Laid Plans","floor":40},{"not_picked":["Masterful Stab"],"picked":"SKIP","floor":45},{"not_picked":[],"picked":"Noxious Fumes+1","floor":48}],"player_experience":214118,"relics_obtained":[{"floor":7,"key":"Bag of Preparation"},{"floor":9,"key":"The Specimen"},{"floor":10,"key":"Potion Belt"},{"floor":24,"key":"Oddly Smooth Stone"},{"floor":26,"key":"Strawberry"},{"floor":30,"key":"Boot"},{"floor":40,"key":"Paper Crane"},{"floor":42,"key":"Omamori"},{"floor":43,"key":"War Paint"}],"event_choices":[{"damage_healed":0,"gold_gain":0,"player_choice":"Lose Max HP","damage_taken":0,"relics_obtained":["Golden Idol"],"max_hp_gain":0,"max_hp_loss":6,"event_name":"Golden Idol","floor":3,"gold_loss":0},{"cards_removed":["Strike_G"],"damage_healed":0,"gold_gain":0,"player_choice":"Card Removal","damage_taken":7,"max_hp_gain":0,"max_hp_loss":0,"event_name":"Golden Wing","floor":5,"gold_loss":0},{"damage_healed":0,"gold_gain":75,"player_choice":"Gather Gold","damage_taken":11,"max_hp_gain":0,"max_hp_loss":0,"event_name":"World of Goop","floor":12,"gold_loss":0},{"damage_healed":0,"gold_gain":0,"player_choice":"Fight","damage_taken":0,"max_hp_gain":0,"max_hp_loss":0,"event_name":"Colosseum","floor":20,"gold_loss":0},{"damage_healed":0,"gold_gain":0,"player_choice":"Fled From Nobs","damage_taken":0,"max_hp_gain":0,"max_hp_loss":0,"event_name":"Colosseum","floor":20,"gold_loss":0},{"damage_healed":0,"gold_gain":0,"player_choice":"Inject Mutagens","damage_taken":0,"relics_obtained":["MutagenicStrength"],"max_hp_gain":0,"max_hp_loss":0,"event_name":"Drug Dealer","floor":21,"gold_loss":0},{"damage_healed":0,"gold_gain":50,"player_choice":"Stole From Cult","damage_taken":0,"max_hp_gain":0,"max_hp_loss":0,"event_name":"Nest","floor":28,"gold_loss":0},{"damage_healed":0,"gold_gain":0,"player_choice":"Obtained Relic","damage_taken":0,"relics_obtained":["Bronze Scales"],"max_hp_gain":0,"max_hp_loss":0,"event_name":"Addict","floor":29,"gold_loss":85},{"damage_healed":0,"gold_gain":0,"player_choice":"Ignored","damage_taken":0,"max_hp_gain":0,"max_hp_loss":0,"event_name":"Tomb of Lord Red Mask","floor":39,"gold_loss":0},{"damage_healed":0,"gold_gain":333,"player_choice":"Gave Idol","damage_taken":0,"max_hp_gain":0,"max_hp_loss":0,"event_name":"The Moai Head","floor":46,"relics_lost":["Golden Idol"],"gold_loss":0}],"is_beta":false,"boss_relics":[{"not_picked":["Snecko Eye","Pandora\u0027s Box"],"picked":"Busted Crown"},{"not_picked":["Eternal Feather","HoveringKite"],"picked":"Ring of the Serpent"}],"items_purged_floors":[14,37,47],"is_endless":false,"potions_floor_spawned":[1,10,13,20,22,38,48],"ascension_level":18}