{"gold_per_floor":[118,128,140,156,167,167,202,260,285,56,21,21,50,67,67,67],"floor_reached":16,"playtime":710,"items_purged":["Strike_B"],"score":134,"play_id":"b3e9ad2e-995a-4322-87b7-910d3aeba11a","local_time":"20190220205819","is_ascension_mode":true,"campfire_choices":[{"data":"Zap","floor":6,"key":"SMITH"},{"data":"Loop","floor":12,"key":"SMITH"},{"data":"Defragment","floor":15,"key":"SMITH"}],"neow_cost":"NONE","seed_source_timestamp":51500935088212,"circlet_count":0,"master_deck":["Strike_B","Strike_B","Defend_B","Defend_B","Defend_B","Defend_B","Zap+1","Dualcast","Loop+1","Ball Lightning","Hologram","Coolheaded","Ball Lightning","Ball Lightning","Go for the Eyes","Biased Cognition","Go for the Eyes","Defragment+1"],"relics":["Cracked Core","Turnip","Strawberry","Juzu Bracelet","Bronze Scales"],"potions_floor_usage":[7,8,8,13],"damage_taken":[{"damage":7,"enemies":"Small Slimes","floor":1,"turns":3},{"damage":2,"enemies":"Jaw Worm","floor":2,"turns":3},{"damage":6,"enemies":"2 Louse","floor":3,"turns":2},{"damage":17,"enemies":"2 Fungi Beasts","floor":4,"turns":3},{"damage":9,"enemies":"Large Slime","floor":5,"turns":7},{"damage":15,"enemies":"Gremlin Nob","floor":7,"turns":4},{"damage":18,"enemies":"3 Sentries","floor":8,"turns":5},{"damage":18,"enemies":"Lagavulin","floor":13,"turns":4},{"damage":5,"enemies":"3 Louse","floor":14,"turns":2},{"damage":5,"enemies":"Hexaghost","floor":16,"turns":5}],"seed_played":"6866470134933077524","potions_obtained":[{"floor":3,"key":"Energy Potion"},{"floor":5,"key":"Block Potion"},{"floor":7,"key":"Swift Potion"},{"floor":8,"key":"SteroidPotion"}],"is_trial":false,"path_per_floor":["M","M","M","M","M","R","E","?","T","$","?","R","E","M","R","B"],"character_chosen":"DEFECT","items_purchased":["Biased Cognition"],"campfire_rested":0,"item_purchase_floors":[10],"current_hp_per_floor":[68,66,60,43,34,34,19,8,8,8,28,28,10,5,5,0],"gold":67,"neow_bonus":"TRANSFORM_CARD","is_prod":false,"is_daily":false,"chose_seed":false,"campfire_upgraded":3,"win_rate":0,"timestamp":1550725099,"path_taken":["M","M","M","M","M","R","E","?","T","$","?","R","E","M","R","BOSS"],"build_version":"2019-01-23","purchased_purges":1,"victory":false,"max_hp_per_floor":[75,75,75,75,75,75,75,82,82,82,82,82,82,82,82,82],"card_choices":[{"not_picked":["Sweeping Beam","Aggregate"],"picked":"Ball Lightning","floor":1},{"not_picked":["Rebound","Redo","Darkness"],"picked":"SKIP","floor":2},{"not_picked":["Sweeping Beam","Scrape"],"picked":"Hologram","floor":3},{"not_picked":["Streamline","Turbo"],"picked":"Coolheaded","floor":4},{"not_picked":["Thunder Strike","Streamline"],"picked":"Ball Lightning","floor":5},{"not_picked":["Sweeping Beam","Coolheaded"],"picked":"Ball Lightning","floor":7},{"not_picked":["Force Field","Stack"],"picked":"Go for the Eyes","floor":8},{"not_picked":["Thunder Strike","Rebound"],"picked":"Go for the Eyes","floor":13},{"not_picked":["Turbo","Rebound"],"picked":"Defragment","floor":14}],"player_experience":399619,"relics_obtained":[{"floor":7,"key":"Turnip"},{"floor":8,"key":"Strawberry"},{"floor":9,"key":"Juzu Bracelet"},{"floor":13,"key":"Bronze Scales"}],"event_choices":[{"damage_healed":0,"gold_gain":0,"player_choice":"Searched \u00272\u0027 times","damage_taken":0,"max_hp_gain":0,"max_hp_loss":0,"event_name":"Dead Adventurer","floor":8,"gold_loss":0},{"damage_healed":20,"gold_gain":0,"player_choice":"Healed","damage_taken":0,"max_hp_gain":0,"max_hp_loss":0,"event_name":"The Cleric","floor":11,"gold_loss":35}],"is_beta":false,"boss_relics":[],"items_purged_floors":[10],"is_endless":false,"potions_floor_spawned":[3,5,7,8],"killed_by":"Hexaghost","ascension_level":4}