{"gold_per_floor":[219,469,469,469,42,42,56,70,70,86,98,98,110,145,145,145],"floor_reached":16,"playtime":903,"items_purged":["Regret"],"score":102,"play_id":"37135f1b-0c85-41a9-ba1d-c7786eb99b67","local_time":"20180723202937","is_ascension_mode":false,"campfire_choices":[{"data":"Neutralize","floor":6,"key":"SMITH"},{"floor":15,"key":"REST"}],"neow_cost":"NONE","seed_source_timestamp":31182689900872,"circlet_count":0,"master_deck":["Defend_G","Defend_G","Defend_G","Defend_G","Defend_G","Strike_G","Strike_G","Strike_G","Strike_G","Strike_G","Survivor","Neutralize+1","Regret","Concentrate+1","Flying Knee","Underhanded Strike","Corpse Explosion","Tactician","Skewer"],"relics":["Ring of the Snake","Pear","Oddly Smooth Stone","Boot","Medical Kit","Dodecahedron","Thread and Needle"],"potions_floor_usage":[11,14,16],"damage_taken":[{"damage":5,"enemies":"Jaw Worm","floor":1,"turns":9},{"damage":2,"enemies":"Cultist","floor":7,"turns":4},{"damage":2,"enemies":"Small Slimes","floor":8,"turns":4},{"damage":14,"enemies":"Blue Slaver","floor":10,"turns":5},{"damage":5,"enemies":"2 Fungi Beasts","floor":11,"turns":4},{"damage":13,"enemies":"Large Slime","floor":13,"turns":6},{"damage":27,"enemies":"Gremlin Nob","floor":14,"turns":5},{"damage":41,"enemies":"The Guardian","floor":16,"turns":10}],"seed_played":"-6676105898849593283","potions_obtained":[{"floor":8,"key":"Fire Potion"},{"floor":10,"key":"FearPotion"},{"floor":14,"key":"AttackPotion"}],"is_trial":false,"path_per_floor":["M","?","T","?","$","R","M","M","T","M","M","?","M","E","R"],"character_chosen":"THE_SILENT","items_purchased":["Boot","Medical Kit"],"campfire_rested":1,"item_purchase_floors":[5,5],"current_hp_per_floor":[65,65,75,75,75,75,73,71,71,57,52,52,39,12,36,0],"gold":145,"neow_bonus":"HUNDRED_GOLD","is_prod":false,"is_daily":false,"chose_seed":false,"campfire_upgraded":1,"win_rate":0,"timestamp":1532392177,"path_taken":["M","?","?","?","$","R","M","M","T","M","M","?","M","E","R","BOSS"],"build_version":"2018-07-19v2","purchased_purges":1,"victory":false,"max_hp_per_floor":[70,70,80,80,80,80,80,80,80,80,80,80,80,80,80,80],"card_choices":[{"not_picked":["Poisoned Stab","PiercingWail","Prepared"],"picked":"SKIP","floor":1},{"not_picked":["Quick Slash","Bane"],"picked":"Concentrate","floor":7},{"not_picked":["Dodge and Roll","Calculated Gamble"],"picked":"Flying Knee","floor":8},{"not_picked":["Sucker Punch","Dagger Spray"],"picked":"Underhanded Strike","floor":10},{"not_picked":["Choke","Setup"],"picked":"Corpse Explosion","floor":11},{"not_picked":["Noxious Fumes","Slice"],"picked":"Tactician","floor":13},{"not_picked":["Backflip","Outmaneuver"],"picked":"Skewer","floor":14}],"player_experience":248366,"relics_obtained":[{"floor":3,"key":"Pear"},{"floor":9,"key":"Dodecahedron"},{"floor":14,"key":"Thread and Needle"}],"event_choices":[{"event_name":"Golden Shrine","player_choice":"Desecrate","floor":2,"damage_taken":0},{"event_name":"Big Fish","player_choice":"Box","floor":4,"damage_taken":0},{"event_name":"Living Wall","player_choice":"Grow","floor":12,"damage_taken":0}],"is_beta":false,"boss_relics":[],"items_purged_floors":[5],"is_endless":false,"potions_floor_spawned":[8,10,14],"killed_by":"The Guardian","ascension_level":0}