{"gold_per_floor":[109,34,47,47,47,47,75,88,88,118,118,132,32,61,61,159,159,159,159,159,159,34,34,34,34,34,34,34,34,34,34,34,34,34,34,34,34,0,0,0,0,0,0,0,0,0,0,0,0,0],"floor_reached":51,"playtime":5117,"items_purged":["Strike_G","Strike_G","Strike_G"],"score":1090,"play_id":"6361eeb4-5967-4661-a036-e0d7a6b71e1d","local_time":"20190202160619","is_ascension_mode":true,"campfire_choices":[{"data":"Skewer","floor":6,"key":"SMITH"},{"data":"Glass Knife","floor":11,"key":"SMITH"},{"data":"Bouncing Flask","floor":15,"key":"SMITH"},{"data":"Wraith Form v2","floor":23,"key":"SMITH"},{"data":"Well Laid Plans","floor":28,"key":"SMITH"},{"data":"Catalyst","floor":30,"key":"SMITH"},{"floor":32,"key":"REST"},{"data":"Apotheosis","floor":45,"key":"SMITH"},{"floor":47,"key":"REST"},{"floor":49,"key":"REST"}],"neow_cost":"TEN_PERCENT_HP_LOSS","seed_source_timestamp":10561003171440,"circlet_count":0,"master_deck":["AscendersBane","Defend_G","Defend_G","Defend_G","Defend_G","Defend_G+1","Strike_G","Survivor+1","Neutralize","Skewer+1","Poisoned Stab","All Out Attack","Cloak And Dagger","Glass Knife+1","Backflip","Bouncing Flask+1","Wraith Form v2+1","Well Laid Plans+1","Leg Sweep","Blur","Catalyst+1","Bouncing Flask+1","Malaise","Backflip+1","Leg Sweep+1","Night Terror","PiercingWail","Prepared+1","Apotheosis+1","Impatience","Blind","PiercingWail+1"],"relics":["Ring of the Snake","Prayer Wheel","WingedGreaves","Bird Faced Urn","Potion Belt","Ectoplasm","Ice Cream","Smiling Mask","Centennial Puzzle","Cursed Key","Red Mask","Spirit Poop","War Paint","Ancient Tea Set"],"potions_floor_usage":[7,14,14,16,33,33,50,50,50,50,50,50],"damage_taken":[{"damage":0,"enemies":"2 Louse","floor":1,"turns":4},{"damage":12,"enemies":"Small Slimes","floor":3,"turns":4},{"damage":7,"enemies":"3 Sentries","floor":7,"turns":7},{"damage":0,"enemies":"Jaw Worm","floor":8,"turns":3},{"damage":0,"enemies":"Blue Slaver","floor":12,"turns":3},{"damage":10,"enemies":"Gremlin Nob","floor":14,"turns":4},{"damage":8,"enemies":"Hexaghost","floor":16,"turns":9},{"damage":2,"enemies":"Shell Parasite","floor":18,"turns":5},{"damage":2,"enemies":"Chosen","floor":20,"turns":4},{"damage":2,"enemies":"Snecko","floor":24,"turns":7},{"damage":7,"enemies":"Snake Plant","floor":29,"turns":3},{"damage":32,"enemies":"Gremlin Leader","floor":31,"turns":9},{"damage":16,"enemies":"Automaton","floor":33,"turns":10},{"damage":3,"enemies":"3 Shapes","floor":35,"turns":6},{"damage":9,"enemies":"3 Darklings","floor":37,"turns":6},{"damage":1,"enemies":"Reptomancer","floor":41,"turns":7},{"damage":0,"enemies":"4 Shapes","floor":42,"turns":5},{"damage":22,"enemies":"Nemesis","floor":46,"turns":9},{"damage":21,"enemies":"Spire Growth","floor":48,"turns":7},{"damage":6,"enemies":"Awakened One","floor":50,"turns":14}],"seed_played":"3844592367743261193","potions_obtained":[{"floor":3,"key":"Poison Potion"},{"floor":7,"key":"GhostInAJar"},{"floor":12,"key":"SkillPotion"},{"floor":14,"key":"Regen Potion"},{"floor":20,"key":"Fire Potion"},{"floor":29,"key":"Strength Potion"},{"floor":31,"key":"LiquidBronze"},{"floor":33,"key":"Weak Potion"},{"floor":41,"key":"AttackPotion"},{"floor":48,"key":"EntropicBrew"}],"is_trial":false,"path_per_floor":["M","$","M","?","?","R","E","M","T","?","R","M","$","E","R","B",null,"M","?","M","?","$","R","M","?","T","?","R","M","R","E","R","B",null,"M","$","M","?","?","?","E","M","T","?","R","E","R","M","R","B",null],"character_chosen":"THE_SILENT","items_purchased":[],"campfire_rested":3,"item_purchase_floors":[],"current_hp_per_floor":[63,63,51,44,31,31,24,24,24,24,24,24,24,14,14,21,53,53,42,42,64,64,64,66,66,66,66,66,61,61,31,51,37,60,59,59,54,54,54,54,55,57,57,47,47,35,55,38,58,54],"gold":0,"neow_bonus":"ONE_RARE_RELIC","is_prod":false,"is_daily":false,"chose_seed":false,"campfire_upgraded":7,"win_rate":0,"timestamp":1549076779,"path_taken":["M","$","M","?","?","R","E","M","T","?","R","?","$","E","R","BOSS","M","?","M","?","$","R","?","?","T","?","R","M","R","E","R","BOSS","M","$","M","?","?","?","E","?","T","?","R","E","R","M","R","BOSS"],"build_version":"2019-01-23","purchased_purges":3,"victory":true,"max_hp_per_floor":[63,63,63,63,63,63,63,63,63,63,63,63,63,63,63,63,63,63,68,68,68,68,68,68,68,68,68,68,68,68,68,68,68,68,68,68,68,68,68,68,68,68,68,68,68,68,68,68,68,68],"card_choices":[{"not_picked":["Reflex","Sucker Punch"],"picked":"Skewer","floor":1},{"not_picked":["Concentrate","Deflect"],"picked":"Poisoned Stab","floor":1},{"not_picked":["Bane","Prepared"],"picked":"All Out Attack","floor":3},{"not_picked":["Quick Slash","Masterful Stab","Escape Plan"],"picked":"SKIP","floor":3},{"not_picked":["Heel Hook","Setup"],"picked":"Cloak And Dagger","floor":7},{"not_picked":["Escape Plan","Cloak And Dagger"],"picked":"Glass Knife","floor":8},{"not_picked":["Crippling Poison","Acrobatics","Deflect"],"picked":"SKIP","floor":8},{"not_picked":["Quick Slash","Concentrate"],"picked":"Backflip","floor":12},{"not_picked":["Riddle With Holes","Dagger Throw","Outmaneuver"],"picked":"SKIP","floor":12},{"not_picked":["Eviscerate","Dodge and Roll"],"picked":"Bouncing Flask","floor":14},{"not_picked":["Phantasmal Killer","Tools of the Trade"],"picked":"Wraith Form v2","floor":16},{"not_picked":["Prepared","Blade Dance"],"picked":"Well Laid Plans","floor":18},{"not_picked":["Dodge and Roll","Dagger Spray","Outmaneuver"],"picked":"SKIP","floor":18},{"not_picked":["Backflip","Outmaneuver+1"],"picked":"Leg Sweep","floor":20},{"not_picked":["Bane","Deadly Poison"],"picked":"Blur","floor":20},{"not_picked":["Deflect","Bane","Prepared"],"picked":"SKIP","floor":24},{"not_picked":["Dodge and Roll","Reflex+1","Dagger Spray"],"picked":"SKIP","floor":24},{"not_picked":["Setup","Corpse Explosion"],"picked":"Catalyst","floor":29},{"not_picked":["Blur","Backstab","Backflip"],"picked":"SKIP","floor":29},{"not_picked":["Blur","Deflect"],"picked":"Bouncing Flask","floor":31},{"not_picked":["Corpse Explosion","Phantasmal Killer"],"picked":"Malaise","floor":33},{"not_picked":["Infinite Blades+1","Underhanded Strike+1"],"picked":"Backflip","floor":35},{"not_picked":["Well Laid Plans+1","Setup+1","Endless Agony+1"],"picked":"SKIP","floor":35},{"not_picked":["Flying Knee","Expertise+1"],"picked":"Leg Sweep+1","floor":37},{"not_picked":["Outmaneuver+1","Distraction+1","Endless Agony"],"picked":"SKIP","floor":37},{"not_picked":["Dagger Spray","Flechettes+1"],"picked":"Night Terror","floor":41},{"not_picked":["Bane+1","Flying Knee"],"picked":"PiercingWail","floor":42},{"not_picked":["Predator","Tactician+1"],"picked":"Prepared+1","floor":42},{"not_picked":["Dark Shackles","Discovery"],"picked":"Apotheosis","floor":44},{"not_picked":["Metamorphosis","Flash of Steel"],"picked":"Impatience","floor":44},{"not_picked":["Enlightenment","The Bomb"],"picked":"Blind","floor":44},{"not_picked":["Deadly Poison","Endless Agony+1","Poisoned Stab+1"],"picked":"SKIP","floor":46},{"not_picked":["Blade Dance+1","Sucker Punch"],"picked":"PiercingWail+1","floor":48},{"not_picked":["Setup","Blade Dance","Underhanded Strike+1"],"picked":"SKIP","floor":48}],"player_experience":159115,"relics_obtained":[{"floor":7,"key":"WingedGreaves"},{"floor":9,"key":"Bird Faced Urn"},{"floor":14,"key":"Potion Belt"},{"floor":26,"key":"Ice Cream"},{"floor":31,"key":"Centennial Puzzle"},{"floor":41,"key":"War Paint"},{"floor":46,"key":"Ancient Tea Set"}],"event_choices":[{"cards_removed":["Strike_G"],"damage_healed":0,"gold_gain":0,"player_choice":"Card Removal","damage_taken":7,"max_hp_gain":0,"max_hp_loss":0,"event_name":"Golden Wing","floor":4,"gold_loss":0},{"damage_healed":0,"gold_gain":0,"player_choice":"Entered Light","damage_taken":13,"max_hp_gain":0,"max_hp_loss":0,"event_name":"Shining Light","floor":5,"gold_loss":0,"cards_upgraded":["Defend_G","Survivor"]},{"damage_healed":0,"gold_gain":30,"player_choice":"Searched \u00271\u0027 times","damage_taken":0,"max_hp_gain":0,"max_hp_loss":0,"event_name":"Dead Adventurer","floor":10,"gold_loss":0},{"damage_healed":0,"gold_gain":0,"player_choice":"Shed Blood","damage_taken":16,"max_hp_gain":5,"max_hp_loss":0,"event_name":"Forgotten Altar","floor":19,"gold_loss":0},{"damage_healed":22,"gold_gain":0,"player_choice":"Heal","damage_taken":0,"max_hp_gain":0,"max_hp_loss":0,"event_name":"The Library","floor":21,"gold_loss":0},{"damage_healed":0,"gold_gain":0,"player_choice":"Opened","damage_taken":0,"relics_obtained":["Smiling Mask"],"max_hp_gain":0,"max_hp_loss":0,"event_name":"The Mausoleum","floor":27,"gold_loss":0,"cards_obtained":["Writhe"]},{"damage_healed":0,"gold_gain":0,"player_choice":"Paid","damage_taken":0,"relics_obtained":["Red Mask"],"max_hp_gain":0,"max_hp_loss":0,"event_name":"Tomb of Lord Red Mask","floor":38,"gold_loss":34},{"damage_healed":0,"gold_gain":0,"player_choice":"Ignored","damage_taken":0,"max_hp_gain":0,"max_hp_loss":0,"event_name":"Mysterious Sphere","floor":39,"gold_loss":0},{"cards_removed":["Writhe"],"damage_healed":0,"gold_gain":0,"player_choice":"Offered Curse","damage_taken":0,"relics_obtained":["Spirit Poop"],"max_hp_gain":0,"max_hp_loss":0,"event_name":"Bonfire Elementals","floor":40,"gold_loss":0},{"damage_healed":0,"gold_gain":0,"player_choice":"Memory 3","damage_taken":10,"max_hp_gain":0,"max_hp_loss":0,"event_name":"SensoryStone","floor":44,"gold_loss":0}],"is_beta":false,"boss_relics":[{"not_picked":["Empty Cage","Black Star"],"picked":"Ectoplasm"},{"not_picked":["WristBlade","Lizard Tail"],"picked":"Cursed Key"}],"items_purged_floors":[2,13,22],"is_endless":false,"potions_floor_spawned":[3,7,12,14,20,29,31,33,41,48],"ascension_level":11}