{"gold_per_floor":[112,128,147,163,176,176,205,205,205,205,219,219,238,248,248,248],"floor_reached":16,"playtime":995,"items_purged":[],"score":111,"play_id":"8c7ac799-933d-4e24-bc91-995427bc2611","local_time":"20180920021854","is_ascension_mode":true,"campfire_choices":[{"data":"Neutralize","floor":6,"key":"SMITH"},{"data":"Poisoned Stab","floor":8,"key":"SMITH"},{"floor":10,"key":"REST"},{"data":"Acrobatics","floor":15,"key":"SMITH"}],"neow_cost":"NONE","seed_source_timestamp":45023886238031,"circlet_count":0,"master_deck":["Defend_G","Defend_G","Defend_G","Defend_G","Defend_G","Strike_G","Strike_G","Strike_G","Strike_G","Survivor","Neutralize+1","Poisoned Stab+1","Prepared","Predator","Dagger Throw","Grand Finale","Dodge and Roll","Acrobatics+1","Bane"],"special_seed":0,"relics":["Ring of the Snake","Kunai","Meat on the Bone","Dead Branch"],"potions_floor_usage":[4,16,16],"damage_taken":[{"damage":0,"enemies":"Cultist","floor":1,"turns":4},{"damage":0,"enemies":"Small Slimes","floor":2,"turns":4},{"damage":0,"enemies":"Jaw Worm","floor":3,"turns":5},{"damage":1,"enemies":"Red Slaver","floor":4,"turns":6},{"damage":10,"enemies":"Large Slime","floor":5,"turns":6},{"damage":14,"enemies":"Gremlin Nob","floor":7,"turns":5},{"damage":0,"enemies":"3 Louse","floor":11,"turns":2},{"damage":3,"enemies":"2 Fungi Beasts","floor":13,"turns":5},{"damage":2,"enemies":"Red Slaver","floor":14,"turns":4},{"damage":2,"enemies":"Slime Boss","floor":16,"turns":7}],"seed_played":"-6093078147899364611","potions_obtained":[{"floor":2,"key":"SteroidPotion"},{"floor":7,"key":"Dexterity Potion"},{"floor":14,"key":"EntropicBrew"}],"is_trial":false,"path_per_floor":["M","M","M","M","M","R","E","R","T","R","M","?","M","M","R"],"character_chosen":"THE_SILENT","items_purchased":[],"campfire_rested":1,"item_purchase_floors":[],"current_hp_per_floor":[70,70,70,69,59,59,45,45,45,66,66,59,56,54,54,52],"gold":248,"neow_bonus":"REMOVE_CARD","is_prod":false,"is_daily":false,"chose_seed":false,"campfire_upgraded":3,"win_rate":0,"timestamp":1537424334,"path_taken":["M","M","M","M","M","R","E","R","T","R","M","?","M","?","R","BOSS"],"build_version":"2018-09-06","purchased_purges":0,"victory":false,"max_hp_per_floor":[70,70,70,70,70,70,70,70,70,70,70,70,70,70,70,70],"card_choices":[{"not_picked":["Deflect","Backflip"],"picked":"Poisoned Stab","floor":1},{"not_picked":["Dash","Dodge and Roll"],"picked":"Prepared","floor":2},{"not_picked":["Riddle With Holes","Slice"],"picked":"Predator","floor":3},{"not_picked":["Poisoned Stab","Underhanded Strike"],"picked":"Dagger Throw","floor":4},{"not_picked":["Endless Agony","Noxious Fumes"],"picked":"Grand Finale","floor":5},{"not_picked":["Deadly Poison","Slice","Bane"],"picked":"SKIP","floor":7},{"not_picked":["Deadly Poison","Slice","Bane"],"picked":"SKIP","floor":7},{"not_picked":["Predator","Tactician"],"picked":"Dodge and Roll","floor":11},{"not_picked":["Masterful Stab","Eviscerate"],"picked":"Acrobatics","floor":13},{"not_picked":["Acrobatics","Riddle With Holes"],"picked":"Bane","floor":14}],"player_experience":614504,"relics_obtained":[{"floor":7,"key":"Kunai"},{"floor":9,"key":"Meat on the Bone"}],"event_choices":[{"event_name":"Scrap Ooze","player_choice":"success","floor":12,"damage_taken":7}],"is_beta":false,"boss_relics":[],"items_purged_floors":[],"is_endless":false,"potions_floor_spawned":[2,7,14],"killed_by":"Slime Boss","ascension_level":1}