{"gold_per_floor":[113,288,288,141,153,185,14,37,37,37],"floor_reached":10,"playtime":170,"items_purged":["Doubt","Strike_G"],"score":138,"play_id":"33d9a6b6-14b6-445e-b43d-d2547bc6c426","local_time":"20190225232846","is_ascension_mode":true,"campfire_choices":[],"neow_cost":"NONE","seed_source_timestamp":23027134037026,"circlet_count":0,"master_deck":["AscendersBane","Defend_G","Defend_G","Defend_G","Defend_G+1","Defend_G","Strike_G","Strike_G","Strike_G","Strike_G","Survivor","Neutralize","Blade Dance+1","Expertise","Dash","Footwork","Blur"],"relics":["Ring of the Snake","NeowsBlessing","Snake Skull","Odd Mushroom"],"potions_floor_usage":[10],"damage_taken":[{"damage":0,"enemies":"Jaw Worm","floor":1,"turns":1},{"damage":0,"enemies":"2 Louse","floor":5,"turns":1},{"damage":0,"enemies":"Lagavulin","floor":6,"turns":1},{"damage":42,"enemies":"The Mushroom Lair","floor":8,"turns":7},{"damage":9,"enemies":"Gremlin Nob","floor":10,"turns":3}],"seed_played":"6178425628648476750","potions_obtained":[{"floor":8,"key":"Poison Potion"}],"is_trial":false,"path_per_floor":["M","?","?","$","M","E","$","?","T","E"],"character_chosen":"THE_SILENT","items_purchased":["Expertise","Footwork"],"campfire_rested":0,"item_purchase_floors":[4,7],"current_hp_per_floor":[63,63,49,49,49,49,49,7,7,0],"gold":37,"neow_bonus":"THREE_ENEMY_KILL","is_prod":false,"is_daily":false,"chose_seed":false,"campfire_upgraded":0,"win_rate":0,"timestamp":1551090526,"path_taken":["M","?","?","$","M","E","?","?","T","E"],"build_version":"2019-01-23","purchased_purges":2,"victory":false,"max_hp_per_floor":[70,70,70,70,70,70,70,70,70,70],"card_choices":[{"not_picked":["Slice","Distraction"],"picked":"Blade Dance","floor":1},{"not_picked":["Masterful Stab","Bane","Concentrate"],"picked":"SKIP","floor":5},{"not_picked":["Flying Knee","Bane"],"picked":"Dash","floor":6},{"not_picked":["Well Laid Plans","Masterful Stab"],"picked":"Blur","floor":8}],"player_experience":412557,"relics_obtained":[{"floor":6,"key":"Snake Skull"},{"floor":8,"key":"Odd Mushroom"}],"event_choices":[{"damage_healed":0,"gold_gain":175,"player_choice":"AGREE","damage_taken":0,"max_hp_gain":0,"max_hp_loss":0,"event_name":"Liars Game","floor":2,"gold_loss":0,"cards_obtained":["Doubt"]},{"damage_healed":0,"gold_gain":0,"player_choice":"Entered Light","damage_taken":14,"max_hp_gain":0,"max_hp_loss":0,"event_name":"Shining Light","floor":3,"gold_loss":0,"cards_upgraded":["Defend_G","Blade Dance"]},{"damage_healed":0,"gold_gain":0,"player_choice":"Fought Mushrooms","damage_taken":0,"max_hp_gain":0,"max_hp_loss":0,"event_name":"Mushrooms","floor":8,"gold_loss":0}],"is_beta":false,"boss_relics":[],"items_purged_floors":[4,7],"is_endless":false,"potions_floor_spawned":[8],"killed_by":"Gremlin Nob","ascension_level":11}