{"gold_per_floor":[110,68,68,343,1,33,51,51,51,69,96,126,139,159,159,238,238,138,154,20,20,39,39,58,58,129,139,156,156,156,156,156,156],"floor_reached":33,"playtime":2145,"items_purged":["Regret"],"score":660,"play_id":"7234fcb3-52c6-4f2d-ac35-86c9c1ede217","local_time":"20190301121531","is_ascension_mode":true,"campfire_choices":[{"data":"Noxious Fumes","floor":8,"key":"SMITH"},{"data":"Neutralize","floor":15,"key":"SMITH"},{"floor":23,"key":"REST"},{"floor":25,"key":"REST"},{"floor":29,"key":"REST"},{"data":"Deadly Poison","floor":32,"key":"SMITH"}],"neow_cost":"NONE","seed_source_timestamp":3520265599565,"circlet_count":0,"master_deck":["AscendersBane","Defend_G","Defend_G","Defend_G","Defend_G","Defend_G","Strike_G","Strike_G","Strike_G","Strike_G","Strike_G","Survivor","Neutralize+1","Flying Knee","Noxious Fumes+1","Dagger Throw","Deadly Poison","Dash","Deadly Poison+1","Footwork+1","Crippling Poison","Wraith Form v2+1","Backflip","Dodge and Roll","Dodge and Roll","Backstab","Backflip","Corpse Explosion","Decay"],"relics":["Ring of the Snake","NeowsBlessing","Frozen Egg 2","Bag of Marbles","Bag of Preparation","Odd Mushroom","Orichalcum","Velvet Choker","Nilry\u0027s Codex","Matryoshka","Molten Egg 2"],"potions_floor_usage":[11,16,16,33],"damage_taken":[{"damage":0,"enemies":"Cultist","floor":1,"turns":1},{"damage":4,"enemies":"3 Sentries","floor":6,"turns":2},{"damage":0,"enemies":"Small Slimes","floor":7,"turns":1},{"damage":1,"enemies":"Jaw Worm","floor":10,"turns":2},{"damage":2,"enemies":"The Mushroom Lair","floor":11,"turns":3},{"damage":28,"enemies":"Gremlin Nob","floor":12,"turns":4},{"damage":11,"enemies":"Large Slime","floor":13,"turns":5},{"damage":0,"enemies":"2 Fungi Beasts","floor":14,"turns":4},{"damage":1,"enemies":"Hexaghost","floor":16,"turns":9},{"damage":11,"enemies":"2 Thieves","floor":18,"turns":5},{"damage":1,"enemies":"Chosen","floor":19,"turns":5},{"damage":12,"enemies":"Snake Plant","floor":22,"turns":6},{"damage":23,"enemies":"Shelled Parasite and Fungi","floor":24,"turns":7},{"damage":3,"enemies":"Centurion and Healer","floor":27,"turns":7},{"damage":0,"enemies":"Cultist and Chosen","floor":28,"turns":6},{"damage":54,"enemies":"Champ","floor":33,"turns":16}],"seed_played":"-529189525013583690","potions_obtained":[{"floor":7,"key":"GhostInAJar"},{"floor":11,"key":"SpeedPotion"},{"floor":12,"key":"Ancient Potion"},{"floor":19,"key":"Ancient Potion"},{"floor":24,"key":"Strength Potion"}],"is_trial":false,"path_per_floor":["M","$","$","?","$","E","M","R","T","M","?","E","M","M","R","B",null,"M","M","$","?","M","R","M","R","T","M","M","R","?","?","R","B"],"character_chosen":"THE_SILENT","items_purchased":["Noxious Fumes","Frozen Egg 2","Explosive Potion","Dodge and Roll"],"campfire_rested":3,"item_purchase_floors":[2,5,5,20],"current_hp_per_floor":[59,59,59,59,59,55,55,55,55,54,52,24,13,13,13,12,53,42,41,41,20,8,27,4,23,23,20,20,39,39,39,39,0],"gold":156,"neow_bonus":"THREE_ENEMY_KILL","is_prod":false,"is_daily":false,"chose_seed":false,"campfire_upgraded":3,"win_rate":0,"timestamp":1551395731,"path_taken":["M","?","$","?","$","E","?","R","T","M","?","E","M","M","R","BOSS","M","M","$","?","M","R","M","R","T","M","M","R","?","?","R","BOSS"],"build_version":"2019-01-23","purchased_purges":1,"victory":false,"max_hp_per_floor":[66,66,66,66,66,66,66,66,66,66,66,66,66,66,66,66,66,66,66,66,66,66,66,66,66,66,66,66,66,66,66,66,66],"card_choices":[{"not_picked":["Deflect","Backflip"],"picked":"Flying Knee","floor":1},{"not_picked":["PiercingWail","Finisher"],"picked":"Dagger Throw","floor":6},{"not_picked":["Acrobatics","Predator"],"picked":"Deadly Poison","floor":7},{"not_picked":["Quick Slash","Concentrate","Eviscerate"],"picked":"SKIP","floor":10},{"not_picked":["Well Laid Plans+1","Poisoned Stab"],"picked":"Dash","floor":11},{"not_picked":["Deflect","Slice"],"picked":"Deadly Poison","floor":12},{"not_picked":["Deadly Poison","Poisoned Stab"],"picked":"Footwork+1","floor":13},{"not_picked":["Deadly Poison","Finisher"],"picked":"Crippling Poison","floor":14},{"not_picked":["Envenom+1","Die Die Die"],"picked":"Wraith Form v2+1","floor":16},{"not_picked":["Dagger Spray","Underhanded Strike"],"picked":"Backflip","floor":18},{"not_picked":["Flying Knee","Blade Dance","Underhanded Strike"],"picked":"SKIP","floor":19},{"not_picked":["Deflect","Outmaneuver"],"picked":"Dodge and Roll","floor":22},{"not_picked":["Deadly Poison","Setup+1"],"picked":"Backstab","floor":24},{"not_picked":["Expertise+1","Acrobatics+1"],"picked":"Backflip","floor":27},{"not_picked":["Masterful Stab","Flying Knee"],"picked":"Corpse Explosion","floor":28}],"player_experience":507945,"relics_obtained":[{"floor":6,"key":"Bag of Marbles"},{"floor":9,"key":"Bag of Preparation"},{"floor":11,"key":"Odd Mushroom"},{"floor":12,"key":"Orichalcum"},{"floor":21,"key":"Nilry\u0027s Codex"},{"floor":26,"key":"Matryoshka"}],"event_choices":[{"damage_healed":0,"gold_gain":275,"player_choice":"Desecrate","damage_taken":0,"max_hp_gain":0,"max_hp_loss":0,"event_name":"Golden Shrine","floor":4,"gold_loss":0,"cards_obtained":["Regret"]},{"damage_healed":0,"gold_gain":0,"player_choice":"Fought Mushrooms","damage_taken":0,"max_hp_gain":0,"max_hp_loss":0,"event_name":"Mushrooms","floor":11,"gold_loss":0},{"damage_healed":0,"gold_gain":0,"player_choice":"Obtained Book","damage_taken":21,"max_hp_gain":0,"max_hp_loss":0,"event_name":"Cursed Tome","floor":21,"gold_loss":0},{"damage_healed":0,"gold_gain":0,"player_choice":"Smashed Altar","damage_taken":0,"max_hp_gain":0,"max_hp_loss":0,"event_name":"Forgotten Altar","floor":30,"gold_loss":0,"cards_obtained":["Decay"]},{"damage_healed":0,"gold_gain":0,"player_choice":"Gave Potion","damage_taken":0,"relics_obtained":["Molten Egg 2"],"max_hp_gain":0,"max_hp_loss":0,"event_name":"WeMeetAgain","floor":31,"gold_loss":0}],"is_beta":false,"boss_relics":[{"not_picked":["Runic Pyramid","Ectoplasm"],"picked":"Velvet Choker"}],"items_purged_floors":[20],"is_endless":false,"potions_floor_spawned":[7,11,12,14,19,24,28],"killed_by":"Champ","ascension_level":20}