{"gold_per_floor":[109,109,66,83,55,55,89,89,139,64,84,99,99,128,128,202,202,220,220,6,6,20,20,20,40,40,40,40,75,75,93,93,171,171,189,189,239,258,275,275,305,305,332,386,386,415,415,431,431,431,431,431,431,111,145,145],"floor_reached":57,"playtime":7560,"items_purged":["Defend_G"],"score":2918,"play_id":"368af13c-8b6b-48c4-9478-78d09787b279","local_time":"20190301161124","is_ascension_mode":true,"campfire_choices":[{"data":"Dagger Spray","floor":6,"key":"SMITH"},{"data":"Neutralize","floor":8,"key":"SMITH"},{"data":"Footwork","floor":13,"key":"SMITH"},{"data":"Noxious Fumes","floor":15,"key":"SMITH"},{"data":"Well Laid Plans","floor":23,"key":"SMITH"},{"floor":28,"key":"REST"},{"floor":30,"key":"REST"},{"data":"After Image","floor":32,"key":"SMITH"},{"data":"After Image","floor":40,"key":"SMITH"},{"data":"Cloak And Dagger","floor":42,"key":"SMITH"},{"data":"Acrobatics","floor":45,"key":"SMITH"},{"floor":49,"key":"RECALL"},{"data":"Bouncing Flask","floor":53,"key":"SMITH"}],"neow_cost":"NONE","seed_source_timestamp":12226492106818,"circlet_count":0,"master_deck":["AscendersBane","Defend_G","Defend_G","Defend_G","Defend_G","Survivor","Neutralize+1","Backstab","Crippling Poison","Footwork+1","Dagger Spray+1","Cloak And Dagger+1","Noxious Fumes+1","Dodge and Roll","Bouncing Flask+1","After Image+1","Dash","Well Laid Plans+1","Acrobatics+1","Sucker Punch+1","Leg Sweep","After Image+1","Wraith Form v2+1","Tactician+1","Dash+1","PiercingWail","Cloak And Dagger+1","Backflip+1","Dodge and Roll","Well Laid Plans","Flechettes"],"relics":["Ring of the Snake","NeowsBlessing","Ancient Tea Set","Happy Flower","Whetstone","Sozu","Nilry\u0027s Codex","Anchor","Gremlin Horn","Kunai","Astrolabe","Gambling Chip","Bird Faced Urn","Bronze Scales","Bag of Marbles","Pear"],"potions_floor_usage":[14,50,56],"damage_taken":[{"damage":0,"enemies":"2 Louse","floor":1,"turns":1},{"damage":0,"enemies":"Cultist","floor":4,"turns":1},{"damage":0,"enemies":"Lagavulin","floor":7,"turns":1},{"damage":0,"enemies":"Small Slimes","floor":11,"turns":2},{"damage":0,"enemies":"2 Fungi Beasts","floor":12,"turns":2},{"damage":0,"enemies":"3 Sentries","floor":14,"turns":5},{"damage":10,"enemies":"The Guardian","floor":16,"turns":10},{"damage":2,"enemies":"Shell Parasite","floor":18,"turns":6},{"damage":0,"enemies":"3 Byrds","floor":22,"turns":5},{"damage":1,"enemies":"3 Cultists","floor":25,"turns":5},{"damage":0,"enemies":"Gremlin Leader","floor":29,"turns":7},{"damage":0,"enemies":"Snake Plant","floor":31,"turns":6},{"damage":31,"enemies":"Collector","floor":33,"turns":12},{"damage":0,"enemies":"Orb Walker","floor":35,"turns":5},{"damage":9,"enemies":"3 Shapes","floor":38,"turns":6},{"damage":0,"enemies":"Maw","floor":39,"turns":12},{"damage":0,"enemies":"Reptomancer","floor":41,"turns":9},{"damage":0,"enemies":"2 Orb Walkers","floor":44,"turns":7},{"damage":15,"enemies":"Giant Head","floor":46,"turns":15},{"damage":0,"enemies":"4 Shapes","floor":48,"turns":10},{"damage":0,"enemies":"Awakened One","floor":50,"turns":25},{"damage":1,"enemies":"Time Eater","floor":51,"turns":17},{"damage":24,"enemies":"Shield and Spear","floor":55,"turns":10},{"damage":50,"enemies":"The Heart","floor":56,"turns":15}],"seed_played":"4631724495110739606","potions_obtained":[{"floor":4,"key":"Explosive Potion"},{"floor":11,"key":"Strength Potion"},{"floor":16,"key":"SpeedPotion"}],"is_trial":false,"path_per_floor":["M","?","$","M","$","R","E","R","T","?","M","M","R","E","R","B",null,"M","?","$","?","M","R","?","M","T","$","R","E","R","M","R","B",null,"M","$","?","M","M","R","E","R","T","?","R","E","?","M","R","B","B",null,"R","$","E","B",null],"character_chosen":"THE_SILENT","items_purchased":["Crippling Poison","Dagger Spray","Well Laid Plans","Anchor","Well Laid Plans","Bag of Marbles"],"campfire_rested":2,"item_purchase_floors":[3,5,20,20,54,54],"current_hp_per_floor":[59,59,59,59,59,59,59,59,59,59,59,59,59,59,59,49,62,60,39,39,39,39,39,21,20,20,20,41,41,62,62,62,31,61,61,61,54,45,45,45,45,45,45,45,45,58,58,71,71,71,71,71,71,71,65,41],"gold":145,"neow_bonus":"THREE_ENEMY_KILL","is_prod":false,"is_daily":false,"chose_seed":false,"campfire_upgraded":10,"win_rate":0,"timestamp":1551409884,"path_taken":["M","?","$","?","?","R","E","R","T","?","M","M","R","E","R","BOSS","M","?","$","?","M","R","?","M","T","$","R","E","R","?","R","BOSS","M","$","?","M","?","R","E","R","T","?","R","E","?","M","R","BOSS","BOSS","R","$","E","BOSS"],"build_version":"2019-01-23","purchased_purges":1,"victory":true,"max_hp_per_floor":[66,66,66,66,66,66,66,66,66,66,66,66,66,66,66,66,66,66,66,66,66,66,66,71,71,71,71,71,71,71,71,71,71,71,71,71,71,71,71,71,71,71,71,71,71,71,71,71,71,71,71,71,71,71,81,81],"card_choices":[{"not_picked":["Dagger Throw","Cloak And Dagger"],"picked":"Backstab","floor":1},{"not_picked":["Predator","Caltrops"],"picked":"Footwork","floor":4},{"not_picked":["Tactician","Slice"],"picked":"Cloak And Dagger","floor":7},{"not_picked":["Finisher","Outmaneuver"],"picked":"Noxious Fumes","floor":11},{"not_picked":["Outmaneuver","Distraction"],"picked":"Dodge and Roll","floor":12},{"not_picked":["Acrobatics","Skewer"],"picked":"Bouncing Flask","floor":14},{"not_picked":["Wraith Form v2","Phantasmal Killer"],"picked":"After Image","floor":16},{"not_picked":["Eviscerate","Poisoned Stab"],"picked":"Dash","floor":18},{"not_picked":["Sucker Punch","Blade Dance"],"picked":"Acrobatics","floor":22},{"not_picked":["Finisher","Cloak And Dagger"],"picked":"Sucker Punch+1","floor":25},{"not_picked":["Quick Slash+1","Sucker Punch","Riddle With Holes+1"],"picked":"SKIP","floor":29},{"not_picked":["Choke","Flying Knee+1"],"picked":"Leg Sweep","floor":31},{"not_picked":["Wraith Form v2","Phantasmal Killer"],"picked":"After Image","floor":33},{"not_picked":["Well Laid Plans+1","Accuracy","Setup"],"picked":"SKIP","floor":35},{"not_picked":["Well Laid Plans","Dagger Throw"],"picked":"PiercingWail","floor":38},{"not_picked":["Caltrops","Dagger Throw+1"],"picked":"Cloak And Dagger+1","floor":39},{"not_picked":["Bane","Eviscerate","Riddle With Holes+1"],"picked":"SKIP","floor":41},{"not_picked":["Bane","Eviscerate","Riddle With Holes+1"],"picked":"SKIP","floor":41},{"not_picked":["Bane","Flying Knee"],"picked":"Backflip+1","floor":44},{"not_picked":["Blade Dance","Unload"],"picked":"Dodge and Roll","floor":46},{"not_picked":["Tactician","Bane+1","Flying Knee"],"picked":"SKIP","floor":48},{"not_picked":["Dash","Prepared"],"picked":"Flechettes","floor":55}],"player_experience":516515,"relics_obtained":[{"floor":7,"key":"Ancient Tea Set"},{"floor":9,"key":"Happy Flower"},{"floor":14,"key":"Whetstone"},{"floor":19,"key":"Nilry\u0027s Codex"},{"floor":26,"key":"Gremlin Horn"},{"floor":29,"key":"Kunai"},{"floor":41,"key":"Gambling Chip"},{"floor":44,"key":"Bird Faced Urn"},{"floor":46,"key":"Bronze Scales"},{"floor":55,"key":"Pear"}],"event_choices":[{"cards_removed":["Strike_G"],"damage_healed":0,"gold_gain":0,"player_choice":"Purged","damage_taken":0,"max_hp_gain":0,"max_hp_loss":0,"event_name":"Purifier","floor":2,"gold_loss":0},{"cards_removed":["Strike_G"],"damage_healed":0,"gold_gain":0,"player_choice":"Card Removal","damage_taken":0,"max_hp_gain":0,"max_hp_loss":0,"event_name":"The Cleric","floor":10,"gold_loss":75},{"damage_healed":0,"gold_gain":0,"player_choice":"Obtained Book","damage_taken":21,"max_hp_gain":0,"max_hp_loss":0,"event_name":"Cursed Tome","floor":19,"gold_loss":0},{"damage_healed":0,"gold_gain":0,"player_choice":"Ignored","damage_taken":0,"max_hp_gain":0,"max_hp_loss":0,"event_name":"Beggar","floor":21,"gold_loss":0},{"damage_healed":0,"gold_gain":0,"player_choice":"Shed Blood","damage_taken":23,"max_hp_gain":5,"max_hp_loss":0,"event_name":"Forgotten Altar","floor":24,"gold_loss":0},{"damage_healed":0,"gold_gain":50,"player_choice":"Touch","damage_taken":7,"max_hp_gain":0,"max_hp_loss":0,"event_name":"FaceTrader","floor":37,"gold_loss":0},{"damage_healed":0,"gold_gain":0,"player_choice":"Fight","damage_taken":0,"max_hp_gain":0,"max_hp_loss":0,"event_name":"Mysterious Sphere","floor":44,"gold_loss":0},{"damage_healed":0,"gold_gain":0,"player_choice":"Ignored","damage_taken":0,"max_hp_gain":0,"max_hp_loss":0,"event_name":"Tomb of Lord Red Mask","floor":47,"gold_loss":0}],"is_beta":false,"boss_relics":[{"not_picked":["Pandora\u0027s Box","WristBlade"],"picked":"Sozu"},{"not_picked":["Black Star","Orrery"],"picked":"Astrolabe"}],"items_purged_floors":[54],"is_endless":false,"potions_floor_spawned":[4,11,16,18,25,35,39,44,48,55],"ascension_level":20}