{"gold_per_floor":[119,119,119,119,119,151,171,203,203,203,8,8,8,39,39,144,144,155,166,16,16],"floor_reached":21,"playtime":1640,"items_purged":[],"score":203,"play_id":"62dd2c43-b25c-4c60-bf2e-67db87aa0eac","local_time":"20180909014428","is_ascension_mode":true,"campfire_choices":[{"data":"Footwork","floor":10,"key":"SMITH"},{"data":"Eviscerate","floor":12,"key":"SMITH"},{"floor":15,"key":"REST"}],"neow_cost":"","seed_source_timestamp":45690033305272,"circlet_count":0,"master_deck":["Defend_G","Defend_G","Defend_G","Defend_G","Defend_G+1","Strike_G+1","Strike_G","Strike_G","Strike_G","Strike_G","Survivor","Neutralize","Noxious Fumes+1","Regret","Concentrate+1","Footwork+1","Eviscerate+1","Impatience+1","Dodge and Roll+1","Tactician+1","Grand Finale+1","Masterful Stab+1","Catalyst+1"],"relics":["Ring of the Snake","Ancient Tea Set","Shuriken","Toxic Egg 2","Mummified Hand","Darkstone Periapt","Molten Egg 2","Black Star","Bag of Preparation"],"potions_floor_usage":[8,14,16,21,21,21],"damage_taken":[{"damage":2,"enemies":"Jaw Worm","floor":1,"turns":4},{"damage":12,"enemies":"Gremlin Nob","floor":6,"turns":5},{"damage":1,"enemies":"Cultist","floor":7,"turns":4},{"damage":10,"enemies":"Lagavulin","floor":8,"turns":9},{"damage":27,"enemies":"Gremlin Nob","floor":14,"turns":6},{"damage":8,"enemies":"Hexaghost","floor":16,"turns":9},{"damage":40,"enemies":"Shell Parasite","floor":18,"turns":10},{"damage":19,"enemies":"Chosen","floor":19,"turns":5},{"damage":14,"enemies":"Snake Plant","floor":21,"turns":4}],"seed_played":"7651217773420605398","potions_obtained":[{"floor":7,"key":"Dexterity Potion"},{"floor":8,"key":"GamblersBrew"},{"floor":16,"key":"Weak Potion"},{"floor":18,"key":"FearPotion"},{"floor":19,"key":"SteroidPotion"}],"is_trial":false,"path_per_floor":["M","?","?","?","T","E","M","E","T","R","$","R","$","E","R","B",null,"M","M","$"],"character_chosen":"THE_SILENT","items_purchased":["Impatience+1","AttackPotion","Dodge and Roll+1","Bag of Preparation"],"campfire_rested":1,"item_purchase_floors":[11,11,11,20],"current_hp_per_floor":[68,68,68,54,54,42,41,31,31,31,31,31,31,4,25,17,70,30,11,11,0],"gold":16,"neow_bonus":"","is_prod":false,"is_daily":false,"chose_seed":false,"campfire_upgraded":2,"win_rate":0,"timestamp":1536471868,"path_taken":["M","?","?","?","?","E","M","E","T","R","?","R","$","E","R","BOSS","M","M","$","M"],"build_version":"2018-09-06","purchased_purges":0,"victory":false,"max_hp_per_floor":[70,70,70,70,70,70,70,70,70,70,70,70,70,70,70,70,70,70,70,70,70],"card_choices":[{"not_picked":["PiercingWail","Blade Dance"],"picked":"Noxious Fumes","floor":1},{"not_picked":["Calculated Gamble","Slice"],"picked":"Concentrate","floor":6},{"not_picked":["All Out Attack","Choke"],"picked":"Footwork","floor":7},{"not_picked":["Dash","Heel Hook"],"picked":"Eviscerate","floor":8},{"not_picked":["Phantasmal Killer+1","Poisoned Stab"],"picked":"Tactician+1","floor":14},{"not_picked":["A Thousand Cuts","Envenom"],"picked":"Grand Finale+1","floor":16},{"not_picked":["Infinite Blades+1","Setup+1"],"picked":"Masterful Stab+1","floor":18},{"not_picked":["Bane+1","All Out Attack+1"],"picked":"Catalyst+1","floor":19}],"player_experience":562534,"relics_obtained":[{"floor":5,"key":"Shuriken"},{"floor":6,"key":"Toxic Egg 2"},{"floor":8,"key":"Mummified Hand"},{"floor":9,"key":"Darkstone Periapt"},{"floor":14,"key":"Molten Egg 2"}],"event_choices":[{"event_name":"Upgrade Shrine","player_choice":"Upgraded","floor":2,"damage_taken":0},{"event_name":"Big Fish","player_choice":"Box","floor":3,"damage_taken":0},{"event_name":"Shining Light","player_choice":"Entered Light","floor":4,"damage_taken":0}],"is_beta":false,"boss_relics":[{"not_picked":["Astrolabe","White Beast Statue"],"picked":"Black Star"}],"items_purged_floors":[],"is_endless":false,"potions_floor_spawned":[7,8,16,18,19],"killed_by":"Snake Plant","ascension_level":1}