{"path_per_floor":["M","M","?","M","$","R","E","M","T","E","M","E","T","E","R","B",null,"M","M","?","M","M","E","T","M","T","T","M","$","?","M","R","B",null,"M","?","$","?","$","E","R","$","T","M","R","E","R","M","R","B"],"character_chosen":"DEFECT","items_purchased":["Go for the Eyes","Genetic Algorithm","DataDisk","Doom and Gloom","Toxic Egg 2","Barrage","Cold Snap","Hologram+1","Beam Cell","Loop","Conserve Battery+1"],"gold_per_floor":[114,129,129,144,62,62,92,107,187,217,232,262,287,317,317,417,417,432,447,372,387,402,432,482,497,497,522,537,52,52,67,67,167,167,182,182,89,89,5,35,35,9,9,24,24,54,54,69,69,69],"floor_reached":51,"campfire_rested":0,"playtime":2202,"item_purchase_floors":[5,5,29,29,29,29,37,37,39,39,42],"current_hp_per_floor":[67,67,72,71,71,71,51,51,57,53,52,50,56,54,54,58,111,86,81,81,76,71,69,75,62,68,74,71,71,64,53,53,49,70,69,59,59,59,59,66,66,66,72,68,68,47,47,45,45,42],"items_purged":[],"gold":69,"score":1105,"play_id":"73f0d1ea-ae0e-4a1a-9472-7e4cccf2174f","local_time":"20180626014001","daily_mods":["Brewmaster","Cursed Run","Binary"],"is_prod":false,"is_daily":true,"chose_seed":false,"is_ascension_mode":false,"campfire_upgraded":7,"win_rate":0,"timestamp":1529934001,"campfire_choices":[{"data":"Zap","floor":6,"key":"SMITH"},{"data":"Beam Cell","floor":15,"key":"SMITH"},{"data":"Redo","floor":32,"key":"SMITH"},{"data":"Loop","floor":41,"key":"SMITH"},{"data":"Seek","floor":45,"key":"SMITH"},{"data":"White Noise","floor":47,"key":"SMITH"},{"data":"Dualcast","floor":49,"key":"SMITH"}],"path_taken":["M","M","?","M","$","R","E","M","T","E","M","E","?","E","R","BOSS","M","M","?","M","?","E","?","M","T","?","M","$","?","M","R","BOSS","M","?","?","?","$","E","R","?","T","?","R","E","R","M","R","BOSS"],"build_version":"2018-06-21","seed_source_timestamp":107446786352050,"purchased_purges":0,"circlet_count":0,"victory":true,"master_deck":["Strike_B","Strike_B","Strike_B","Strike_B","Defend_B","Defend_B","Defend_B","Defend_B","Zap+1","Dualcast+1","Venomology","Venomology","Venomology","Venomology","Venomology","Ball Lightning","Conserve Battery","Go for the Eyes","Genetic Algorithm","Conserve Battery","Beam Cell+1","Writhe","Ball Lightning","Streamline","Writhe","Rip and Tear","Doubt","Electrodynamics","Clumsy","Clumsy","White Noise+1","Redo+1","Rebound","Ball Lightning","Barrage+1","Stack+1","Auto Shields+1","Leap","Conserve Battery","Injury","Seek+1","Streamline","Decay","Parasite","Go for the Eyes+1","Conserve Battery","Doom and Gloom","Barrage","Ghostly+1","Ghostly+1","Ghostly+1","Ghostly+1","Ghostly+1","Meteor Strike","Sweeping Beam","Parasite","All For One","Ball Lightning","Sweeping Beam","Bandage Up+1","Bandage Up+1","Bandage Up+1","Cold Snap","Hologram+1","Recycle+1","Madness+1","Beam Cell","Loop+1","Steam+1","Conserve Battery+1","Pain","White Noise+1","Leap+1","Ball Lightning","Loop+1","Beam Cell","Doubt"],"max_hp_per_floor":[75,75,75,75,75,75,75,75,81,81,81,81,87,87,87,93,111,111,111,111,111,111,111,117,117,123,129,129,129,64,64,64,70,70,70,70,70,70,70,70,70,70,76,76,76,76,76,76,76,82],"special_seed":17707,"relics":["Cursed Key","Darkstone Periapt","Du-Vu Doll","White Beast Statue","Potion Belt","Tiny Chest","Blue Candle","Incense Burner","Ancient Tea Set","Oddly Smooth Stone","Calling Bell","Vajra","Meat on the Bone","Prayer Wheel","Lantern","Happy Flower","Turnip","Art of War","DataDisk","Toxic Egg 2","Inserter","Toolbox","Mummified Hand","Mercury Hourglass"],"card_choices":[{"not_picked":["Force Field"],"picked":"Hologram","floor":1},{"not_picked":["Self Repair"],"picked":"Ball Lightning","floor":2},{"not_picked":["Blizzard"],"picked":"Conserve Battery","floor":4},{"not_picked":["Aggregate"],"picked":"Conserve Battery","floor":7},{"not_picked":["Steam Power"],"picked":"Beam Cell","floor":8},{"not_picked":["Creative AI"],"picked":"Ball Lightning","floor":10},{"not_picked":["Steam"],"picked":"Streamline","floor":11},{"not_picked":["BootSequence","Recycle"],"picked":"SKIP","floor":12},{"not_picked":["Reinforced Body"],"picked":"Rip and Tear","floor":14},{"not_picked":["Rainbow"],"picked":"Electrodynamics","floor":16},{"not_picked":["Leap"],"picked":"White Noise","floor":18},{"not_picked":["Stack"],"picked":"Redo","floor":18},{"not_picked":["Steam"],"picked":"Rebound","floor":19},{"not_picked":["Creative AI"],"picked":"Ball Lightning","floor":19},{"not_picked":["Reprogram"],"picked":"Barrage+1","floor":21},{"not_picked":["Double Energy"],"picked":"Stack+1","floor":21},{"not_picked":["Reprogram+1"],"picked":"Auto Shields+1","floor":22},{"not_picked":["Stack"],"picked":"Leap","floor":22},{"not_picked":["Rebound"],"picked":"Conserve Battery","floor":23},{"not_picked":["Hologram+1"],"picked":"Seek","floor":25},{"not_picked":["Turbo+1"],"picked":"Streamline","floor":25},{"not_picked":["Fusion"],"picked":"Go for the Eyes+1","floor":28},{"not_picked":["Double Energy"],"picked":"Conserve Battery","floor":28},{"not_picked":["Cold Snap"],"picked":"Meteor Strike","floor":31},{"not_picked":["Genetic Algorithm+1"],"picked":"Sweeping Beam","floor":31},{"not_picked":["Machine Learning"],"picked":"All For One","floor":33},{"not_picked":["Compile Driver+1"],"picked":"Ball Lightning","floor":35},{"not_picked":["Gash+1"],"picked":"Sweeping Beam","floor":35},{"not_picked":["Purity+1"],"picked":"Bandage Up+1","floor":36},{"not_picked":["Enlightenment+1"],"picked":"Bandage Up+1","floor":36},{"not_picked":["Dark Shackles+1"],"picked":"Bandage Up+1","floor":36},{"not_picked":["Leap+1"],"picked":"Steam+1","floor":40},{"not_picked":["Gash+1"],"picked":"White Noise+1","floor":44},{"not_picked":["Lockon"],"picked":"Leap+1","floor":44},{"not_picked":["Heatsinks"],"picked":"Ball Lightning","floor":46},{"not_picked":["Double Energy+1"],"picked":"Loop+1","floor":48},{"not_picked":["Streamline+1"],"picked":"Beam Cell","floor":48}],"player_experience":311241,"potions_floor_usage":[1,2,2,4,4,7,7,7,7,7,7,7,7,8,8,10,10,10,10,10,10,10,11,12,12,12,12,12,12,14,14,14,14,14,14,14,14,16,16,16,16,16,16,16,18,18,18,19,19,19,19,21,21,22,22,22,23,23,23,23,23,23,25,25,25,28,28,31,31,31,31,33,33,33,33,33,40,40,44,44,46,46,46,46,46,46,46,46,46,50,50,50,50,50,50],"damage_taken":[{"damage":8,"enemies":"Cultist","floor":1,"turns":5},{"damage":0,"enemies":"Small Slimes","floor":2,"turns":3},{"damage":1,"enemies":"Jaw Worm","floor":4,"turns":2},{"damage":20,"enemies":"Gremlin Nob","floor":7,"turns":4},{"damage":0,"enemies":"Large Slime","floor":8,"turns":5},{"damage":4,"enemies":"Lagavulin","floor":10,"turns":5},{"damage":1,"enemies":"2 Fungi Beasts","floor":11,"turns":2},{"damage":11,"enemies":"3 Sentries","floor":12,"turns":5},{"damage":2,"enemies":"Gremlin Nob","floor":14,"turns":3},{"damage":2,"enemies":"Hexaghost","floor":16,"turns":7},{"damage":25,"enemies":"3 Byrds","floor":18,"turns":6},{"damage":5,"enemies":"Shell Parasite","floor":19,"turns":3},{"damage":5,"enemies":"Cultist and Chosen","floor":21,"turns":3},{"damage":5,"enemies":"Snecko","floor":22,"turns":3},{"damage":2,"enemies":"Gremlin Leader","floor":23,"turns":6},{"damage":13,"enemies":"Chosen and Byrds","floor":25,"turns":6},{"damage":3,"enemies":"Snake Plant","floor":28,"turns":3},{"damage":11,"enemies":"3 Cultists","floor":31,"turns":4},{"damage":22,"enemies":"Collector","floor":33,"turns":10},{"damage":1,"enemies":"Orb Walker","floor":35,"turns":3},{"damage":12,"enemies":"Nemesis","floor":40,"turns":7},{"damage":4,"enemies":"3 Darklings","floor":44,"turns":2},{"damage":33,"enemies":"Giant Head","floor":46,"turns":7},{"damage":2,"enemies":"4 Shapes","floor":48,"turns":4},{"damage":48,"enemies":"Time Eater","floor":50,"turns":10}],"relics_obtained":[{"floor":7,"key":"Potion Belt"},{"floor":9,"key":"Tiny Chest"},{"floor":10,"key":"Blue Candle"},{"floor":12,"key":"Incense Burner"},{"floor":13,"key":"Ancient Tea Set"},{"floor":14,"key":"Oddly Smooth Stone"},{"floor":17,"key":"Vajra"},{"floor":17,"key":"Meat on the Bone"},{"floor":17,"key":"Prayer Wheel"},{"floor":23,"key":"Lantern"},{"floor":24,"key":"Happy Flower"},{"floor":26,"key":"Turnip"},{"floor":27,"key":"Art of War"},{"floor":40,"key":"Toolbox"},{"floor":43,"key":"Mummified Hand"},{"floor":46,"key":"Mercury Hourglass"}],"event_choices":[{"event_name":"Bonfire Elementals","player_choice":"COMMON","floor":3,"damage_taken":0},{"event_name":"Beggar","player_choice":"Gave Gold","floor":20,"damage_taken":0},{"event_name":"Ghosts","player_choice":"Became a Ghost","floor":30,"damage_taken":0},{"event_name":"SensoryStone","player_choice":"Memory 3","floor":36,"damage_taken":0},{"event_name":"Match and Keep!","player_choice":"2 cards matched","floor":38,"damage_taken":0}],"boss_relics":[{"not_picked":["Lizard Tail","Sozu"],"picked":"Calling Bell"},{"not_picked":["Orrery","Runic Dome"],"picked":"Inserter"}],"items_purged_floors":[],"is_endless":false,"potions_floor_spawned":[1,2,4,7,8,10,11,12,14,16,18,19,21,22,23,25,28,31,33,35,40,44,46,48],"seed_played":"7310111369366401592","ascension_level":0,"potions_obtained":[{"floor":1,"key":"Fire Potion"},{"floor":2,"key":"FearPotion"},{"floor":4,"key":"Swift Potion"},{"floor":7,"key":"Poison Potion"},{"floor":8,"key":"Fire Potion"},{"floor":10,"key":"Fire Potion"},{"floor":11,"key":"GamblersBrew"},{"floor":12,"key":"EssenceOfSteel"},{"floor":14,"key":"LiquidBronze"},{"floor":16,"key":"GamblersBrew"},{"floor":18,"key":"Block Potion"},{"floor":19,"key":"FocusPotion"},{"floor":21,"key":"Explosive Potion"},{"floor":22,"key":"SkillPotion"},{"floor":23,"key":"SpeedPotion"},{"floor":25,"key":"GamblersBrew"},{"floor":28,"key":"Poison Potion"},{"floor":31,"key":"Weak Potion"},{"floor":33,"key":"Regen Potion"},{"floor":35,"key":"Poison Potion"},{"floor":40,"key":"PowerPotion"},{"floor":44,"key":"LiquidBronze"},{"floor":46,"key":"Poison Potion"},{"floor":48,"key":"AttackPotion"}],"is_trial":false}