{"gold_per_floor":[114,114,189,208,224,224,254,254,305,305,305],"floor_reached":11,"playtime":299,"items_purged":[],"score":75,"play_id":"1b009c19-2563-433e-a8bf-4513092c7fd3","local_time":"20190301071250","is_ascension_mode":true,"campfire_choices":[{"data":"Zap","floor":6,"key":"SMITH"}],"neow_cost":"PERCENT_DAMAGE","seed_source_timestamp":1301595434396479,"circlet_count":0,"master_deck":["Strike_B","Strike_B","Strike_B","Defend_B","Defend_B","Defend_B","Zap+1","Dualcast","Echo Form","Rebound","Ball Lightning","Rebound+1","Conserve Battery+1","Glacier+1"],"relics":["Cracked Core","Omamori","Bag of Preparation"],"potions_floor_usage":[],"damage_taken":[{"damage":2,"enemies":"Small Slimes","floor":1,"turns":4},{"damage":6,"enemies":"Jaw Worm","floor":4,"turns":2},{"damage":0,"enemies":"2 Louse","floor":5,"turns":2},{"damage":16,"enemies":"Lagavulin","floor":7,"turns":6},{"damage":8,"enemies":"3 Sentries","floor":11,"turns":2}],"seed_played":"8459856467956409256","potions_obtained":[{"floor":7,"key":"Explosive Potion"}],"is_trial":false,"path_per_floor":["M","?","?","M","M","R","E","?","T","?","E"],"character_chosen":"DEFECT","items_purchased":[],"campfire_rested":0,"item_purchase_floors":[],"current_hp_per_floor":[52,52,41,35,35,35,19,4,4,4,0],"gold":305,"neow_bonus":"TRANSFORM_TWO_CARDS","is_prod":false,"is_daily":false,"chose_seed":false,"campfire_upgraded":1,"win_rate":0,"timestamp":1551391970,"path_taken":["M","?","?","?","M","R","E","?","T","?","E"],"build_version":"2019-01-23","purchased_purges":0,"victory":false,"max_hp_per_floor":[75,75,75,75,75,75,75,75,75,75,75],"card_choices":[{"not_picked":["Cold Snap","Gash"],"picked":"Ball Lightning","floor":1},{"not_picked":["Capacitor","Static Discharge"],"picked":"Rebound","floor":4},{"not_picked":["Barrage","Beam Cell"],"picked":"Conserve Battery","floor":5},{"not_picked":["Beam Cell","Hologram"],"picked":"Glacier","floor":7}],"player_experience":159210,"relics_obtained":[{"floor":7,"key":"Omamori"},{"floor":9,"key":"Bag of Preparation"}],"event_choices":[{"damage_healed":0,"gold_gain":0,"player_choice":"Leave","damage_taken":0,"max_hp_gain":0,"max_hp_loss":0,"event_name":"The Cleric","floor":2,"gold_loss":0},{"damage_healed":0,"gold_gain":75,"player_choice":"Gather Gold","damage_taken":11,"max_hp_gain":0,"max_hp_loss":0,"event_name":"World of Goop","floor":3,"gold_loss":0},{"damage_healed":0,"gold_gain":0,"player_choice":"Entered Light","damage_taken":15,"max_hp_gain":0,"max_hp_loss":0,"event_name":"Shining Light","floor":8,"gold_loss":0,"cards_upgraded":["Conserve Battery","Rebound"]},{"damage_healed":0,"gold_gain":0,"player_choice":"Grow","damage_taken":0,"max_hp_gain":0,"max_hp_loss":0,"event_name":"Living Wall","floor":10,"gold_loss":0,"cards_upgraded":["Glacier"]}],"is_beta":false,"boss_relics":[],"items_purged_floors":[],"is_endless":false,"potions_floor_spawned":[7],"killed_by":"3 Sentries","ascension_level":1}