{"path_per_floor":["M","M","M","$","M","R","M","M","T","R","M","?","$","M","R"],"character_chosen":"IRONCLAD","items_purchased":["Dream Catcher","Feel No Pain","Shrug It Off","Armaments","Battle Trance"],"gold_per_floor":[367,381,396,21,36,36,48,58,58,58,13,88,15,31,31,31],"floor_reached":16,"campfire_rested":3,"playtime":1745,"item_purchase_floors":[4,4,4,4,13],"current_hp_per_floor":[80,78,80,80,44,68,65,65,65,80,80,69,69,58,80,0],"items_purged":["Injury"],"gold":31,"score":94,"play_id":"ef27210b-affc-4f17-bb20-402293780dab","local_time":"20180609030910","is_prod":false,"is_daily":false,"chose_seed":false,"is_ascension_mode":false,"campfire_upgraded":0,"win_rate":0.0,"timestamp":1528528150,"campfire_choices":[{"floor":6,"key":"REST"},{"floor":10,"key":"REST"},{"floor":15,"key":"REST"}],"path_taken":["M","M","M","$","M","R","M","M","T","R","?","?","?","M","R","BOSS"],"build_version":"2018-06-07v3","seed_source_timestamp":0,"purchased_purges":1,"victory":false,"master_deck":["Strike_R","Strike_R","Strike_R","Strike_R","Strike_R","Defend_R","Defend_R","Defend_R","Defend_R","Bash","Entrench","True Grit","Feel No Pain","Shrug It Off","Armaments","Juggernaut","Headbutt","Shrug It Off","Seeing Red","Battle Trance","Shrug It Off"],"max_hp_per_floor":[80,80,80,80,80,80,80,80,80,80,80,80,80,80,80,80],"relics":["Burning Blood","Dream Catcher","Ornamental Fan"],"card_choices":[{"not_picked":["Combust","Flex"],"picked":"Entrench","floor":1},{"not_picked":["Twin Strike","Headbutt"],"picked":"True Grit","floor":2},{"not_picked":["Warcry","Pommel Strike","Hemokinesis"],"picked":"SKIP","floor":3},{"not_picked":["Shrug It Off","Thunderclap"],"picked":"Juggernaut","floor":5},{"not_picked":["Thunderclap","Cleave"],"picked":"Headbutt","floor":6},{"not_picked":["Perfected Strike","Headbutt","Blood for Blood"],"picked":"SKIP","floor":7},{"not_picked":["Perfected Strike","Headbutt","Blood for Blood"],"picked":"SKIP","floor":7},{"not_picked":["Anger","Warcry","Cleave"],"picked":"SKIP","floor":8},{"not_picked":["Disarm","Sword Boomerang"],"picked":"Shrug It Off","floor":10},{"not_picked":["Warcry","Combust"],"picked":"Seeing Red","floor":11},{"not_picked":["Feel No Pain","Pommel Strike","Infernal Blade"],"picked":"SKIP","floor":14},{"not_picked":["Clash","Feed"],"picked":"Shrug It Off","floor":15}],"player_experience":2724,"potions_floor_usage":[5,16,16],"damage_taken":[{"damage":6.0,"enemies":"Cultist","floor":1.0,"turns":3.0},{"damage":8,"enemies":"2 Louse","floor":2,"turns":2},{"damage":3,"enemies":"Small Slimes","floor":3,"turns":3},{"damage":42,"enemies":"Exordium Thugs","floor":5,"turns":8},{"damage":9,"enemies":"2 Fungi Beasts","floor":7,"turns":6},{"damage":6,"enemies":"3 Louse","floor":8,"turns":5},{"damage":4,"enemies":"Looter","floor":11,"turns":5},{"damage":17,"enemies":"Gremlin Gang","floor":14,"turns":8},{"damage":88,"enemies":"Hexaghost","floor":16,"turns":21}],"relics_obtained":[{"floor":9,"key":"Ornamental Fan"}],"event_choices":[{"event_name":"World of Goop","player_choice":"Gather Gold","floor":12,"damage_taken":0}],"boss_relics":[],"items_purged_floors":[4],"potions_floor_spawned":[3,7,8],"seed_played":"-7342938346070169242","killed_by":"Hexaghost","ascension_level":0,"potions_obtained":[{"floor":3,"key":"Explosive Potion"},{"floor":7,"key":"Dexterity Potion"},{"floor":8,"key":"Weak Potion"}],"is_trial":false}