{"gold_per_floor":[113,125,125,80,95,95,123,123,176,44,76,96,96,96],"floor_reached":14,"playtime":366,"items_purged":[],"score":137,"play_id":"2a3a63c5-afd6-4593-9859-82e310bd02d8","local_time":"20190225232543","is_ascension_mode":true,"campfire_choices":[{"data":"The Bomb","floor":6,"key":"SMITH"},{"data":"Flame Barrier","floor":8,"key":"SMITH"}],"neow_cost":"PERCENT_DAMAGE","seed_source_timestamp":22649101675674,"circlet_count":0,"master_deck":["Strike_R","Strike_R","Strike_R","Strike_R","Strike_R","Defend_R","Defend_R","Defend_R","Defend_R","Bash","Madness","The Bomb+1","Shrug It Off","Flame Barrier","Shrug It Off","Flame Barrier+1","Disarm","Finesse","Shrug It Off"],"relics":["Burning Blood","Lantern","Letter Opener","Torii","Golden Idol"],"potions_floor_usage":[7,14],"damage_taken":[{"damage":3,"enemies":"Jaw Worm","floor":1,"turns":4},{"damage":0,"enemies":"Cultist","floor":2,"turns":3},{"damage":0,"enemies":"Small Slimes","floor":5,"turns":3},{"damage":32,"enemies":"Gremlin Nob","floor":7,"turns":5},{"damage":17,"enemies":"3 Sentries","floor":11,"turns":5},{"damage":1,"enemies":"Exordium Thugs","floor":12,"turns":3},{"damage":32,"enemies":"Gremlin Nob","floor":14,"turns":4}],"seed_played":"1719514043016386150","potions_obtained":[{"floor":1,"key":"Fire Potion"},{"floor":11,"key":"Ancient Potion"},{"floor":12,"key":"GamblersBrew"}],"is_trial":false,"path_per_floor":["M","M","?","$","M","R","E","R","T","$","E","M","?","E"],"character_chosen":"IRONCLAD","items_purchased":["Shrug It Off","Finesse","Shrug It Off"],"campfire_rested":0,"item_purchase_floors":[4,10,10],"current_hp_per_floor":[54,60,57,57,63,63,37,37,37,37,26,31,31,0],"gold":96,"neow_bonus":"RANDOM_COLORLESS_2","is_prod":false,"is_daily":false,"chose_seed":false,"campfire_upgraded":2,"win_rate":0,"timestamp":1551090343,"path_taken":["M","M","?","?","M","R","E","R","T","$","E","?","?","E"],"build_version":"2019-01-23","purchased_purges":0,"victory":false,"max_hp_per_floor":[80,80,80,80,80,80,80,80,80,80,80,80,74,74],"card_choices":[{"not_picked":["Armaments","Perfected Strike"],"picked":"Shrug It Off","floor":1},{"not_picked":["Blood for Blood","Warcry"],"picked":"Flame Barrier","floor":2},{"not_picked":["Corruption","Twin Strike"],"picked":"Flame Barrier","floor":5},{"not_picked":["Double Tap","Dropkick"],"picked":"Disarm","floor":7},{"not_picked":["Dual Wield","Rampage","Inflame"],"picked":"SKIP","floor":11},{"not_picked":["Combust","True Grit","Pommel Strike"],"picked":"SKIP","floor":12}],"player_experience":412191,"relics_obtained":[{"floor":7,"key":"Letter Opener"},{"floor":11,"key":"Torii"}],"event_choices":[{"damage_healed":0,"gold_gain":0,"player_choice":"Success","damage_taken":3,"relics_obtained":["Lantern"],"max_hp_gain":0,"max_hp_loss":0,"event_name":"Scrap Ooze","floor":3,"gold_loss":0},{"damage_healed":0,"gold_gain":0,"player_choice":"Lose Max HP","damage_taken":0,"relics_obtained":["Golden Idol"],"max_hp_gain":0,"max_hp_loss":6,"event_name":"Golden Idol","floor":13,"gold_loss":0}],"is_beta":false,"boss_relics":[],"items_purged_floors":[],"is_endless":false,"potions_floor_spawned":[1,11,12],"killed_by":"Gremlin Nob","ascension_level":8}