{"gold_per_floor":[114,125,135,85,10,35,98,128,128,128,128,158,169,200,200,301,301,312,262,25,25,40,74,74,93,138,166,185,195,209,234,234,338,338,357,384,384,401,419,445,445,480,480,480,480,514,525,553,553,553],"floor_reached":51,"playtime":3245,"items_purged":[],"score":894,"play_id":"70d27dd8-3175-401f-b2f6-c206164ece8c","local_time":"20190223215207","is_ascension_mode":true,"campfire_choices":[{"floor":11,"key":"REST"},{"data":"Defragment","floor":15,"key":"SMITH"},{"floor":24,"key":"REST"},{"data":"Strike_B","floor":32,"key":"PURGE"},{"floor":41,"key":"REST"},{"data":"Zap","floor":44,"key":"PURGE"},{"floor":49,"key":"REST"}],"neow_cost":"NONE","seed_source_timestamp":442626293557402,"circlet_count":0,"master_deck":["Defend_B","Defend_B","Defend_B","Dualcast","Hello World","Go for the Eyes","Hologram","Compile Driver","Ball Lightning","Leap","Steam","Compile Driver+1","Defragment+1","Sweeping Beam+1","Lockon+1","All For One+1","Genetic Algorithm+1","Beam Cell+1","Stack","Coolheaded","Skim+1","Sucker Punch+1","Meteor Strike+1","Quick Slash+1","Metamorphosis","Clothesline+1","Compile Driver+1","Shrug It Off+1","Disarm","Well Laid Plans+1"],"relics":["Cracked Core","Lantern","Molten Egg 2","Anchor","Potion Belt","Art of War","Torii","Fusion Hammer","PrismaticShard","Oddly Smooth Stone","Happy Flower","Peace Pipe","Juzu Bracelet","Philosopher\u0027s Stone","Smiling Mask","Matryoshka","Pantograph","Blue Candle","Pocketwatch","Question Card","Bird Faced Urn"],"potions_floor_usage":[6,7,23,23,33,40,42,42,46,50,50,50,50],"damage_taken":[{"damage":0,"enemies":"Cultist","floor":1,"turns":4},{"damage":0,"enemies":"Small Slimes","floor":2,"turns":4},{"damage":0,"enemies":"Jaw Worm","floor":3,"turns":3},{"damage":6,"enemies":"3 Sentries","floor":6,"turns":6},{"damage":14,"enemies":"Lagavulin Event","floor":7,"turns":4},{"damage":16,"enemies":"Gremlin Nob","floor":8,"turns":4},{"damage":5,"enemies":"Lagavulin","floor":12,"turns":6},{"damage":0,"enemies":"2 Fungi Beasts","floor":13,"turns":2},{"damage":17,"enemies":"Gremlin Nob","floor":14,"turns":4},{"damage":3,"enemies":"The Guardian","floor":16,"turns":9},{"damage":0,"enemies":"3 Byrds","floor":18,"turns":3},{"damage":17,"enemies":"2 Thieves","floor":22,"turns":3},{"damage":11,"enemies":"Slavers","floor":23,"turns":4},{"damage":1,"enemies":"Snecko","floor":25,"turns":4},{"damage":1,"enemies":"Book of Stabbing","floor":27,"turns":5},{"damage":0,"enemies":"Snake Plant","floor":28,"turns":3},{"damage":0,"enemies":"Cultist and Chosen","floor":29,"turns":5},{"damage":0,"enemies":"Shelled Parasite and Fungi","floor":30,"turns":4},{"damage":16,"enemies":"Slavers","floor":31,"turns":5},{"damage":31,"enemies":"Automaton","floor":33,"turns":10},{"damage":0,"enemies":"Orb Walker","floor":35,"turns":2},{"damage":11,"enemies":"3 Shapes","floor":38,"turns":3},{"damage":0,"enemies":"Transient","floor":39,"turns":5},{"damage":18,"enemies":"Reptomancer","floor":40,"turns":6},{"damage":0,"enemies":"Giant Head","floor":42,"turns":6},{"damage":28,"enemies":"Reptomancer","floor":46,"turns":5},{"damage":14,"enemies":"Jaw Worm Horde","floor":47,"turns":4},{"damage":9,"enemies":"Giant Head","floor":48,"turns":6},{"damage":56,"enemies":"Donu and Deca","floor":50,"turns":6}],"seed_played":"-4225370952752774009","potions_obtained":[{"floor":2,"key":"Strength Potion"},{"floor":3,"key":"PowerPotion"},{"floor":7,"key":"Regen Potion"},{"floor":12,"key":"Energy Potion"},{"floor":25,"key":"Strength Potion"},{"floor":28,"key":"FearPotion"},{"floor":31,"key":"FocusPotion"},{"floor":35,"key":"Poison Potion"},{"floor":39,"key":"Energy Potion"},{"floor":40,"key":"Energy Potion"},{"floor":45,"key":"PowerPotion"},{"floor":45,"key":"Weak Potion"},{"floor":45,"key":"SneckoOil"},{"floor":48,"key":"FearPotion"}],"is_trial":false,"path_per_floor":["M","M","M","?","$","E","?","E","T","?","R","E","M","E","R","B",null,"M","?","$","?","M","E","R","M","T","E","M","M","M","E","R","B",null,"M","T","?","M","M","E","R","E","T","R","?","E","M","E","R","B",null],"character_chosen":"DEFECT","items_purchased":["Ball Lightning","Leap","PrismaticShard","Beam Cell+1"],"campfire_rested":4,"item_purchase_floors":[5,5,20,20],"current_hp_per_floor":[75,75,75,75,75,69,55,39,39,39,61,56,56,39,39,36,75,75,75,75,75,58,59,75,74,74,73,73,73,73,57,57,26,75,75,75,75,64,64,46,68,68,68,68,68,40,26,17,39,16],"gold":553,"neow_bonus":"TRANSFORM_CARD","is_prod":false,"is_daily":false,"chose_seed":false,"campfire_upgraded":1,"win_rate":0,"timestamp":1550955127,"path_taken":["M","M","?","?","?","E","?","E","T","?","R","E","?","E","R","BOSS","M","?","$","?","M","E","R","M","T","E","M","M","M","E","R","BOSS","M","?","?","M","M","E","R","E","T","R","?","E","M","E","R","BOSS"],"build_version":"2019-01-23","purchased_purges":0,"victory":true,"max_hp_per_floor":[75,75,75,75,75,75,75,75,75,75,75,75,75,75,75,75,75,75,75,75,75,75,75,75,75,75,75,75,75,75,75,75,75,75,75,75,75,75,75,75,75,75,75,75,75,75,75,75,75,75],"card_choices":[{"not_picked":["Chaos","Heatsinks"],"picked":"Go for the Eyes","floor":1},{"not_picked":["Redo","Steam"],"picked":"Hologram","floor":2},{"not_picked":["Turbo","Hologram"],"picked":"Compile Driver","floor":3},{"not_picked":["Undo","Loop"],"picked":"Steam","floor":6},{"not_picked":["Leap","Coolheaded"],"picked":"Compile Driver","floor":7},{"not_picked":["Echo Form","Consume"],"picked":"Defragment","floor":8},{"not_picked":["Rebound+1","Reinforced Body"],"picked":"Sweeping Beam+1","floor":12},{"not_picked":["Rebound+1","Aggregate","Fusion"],"picked":"SKIP","floor":13},{"not_picked":["Steam Power","Fusion"],"picked":"Lockon+1","floor":14},{"not_picked":["Thunder Strike+1","Hyperbeam+1"],"picked":"All For One+1","floor":16},{"not_picked":["Turbo","Rip and Tear+1"],"picked":"Genetic Algorithm+1","floor":18},{"not_picked":["Sucker Punch+1","Acrobatics"],"picked":"Coolheaded","floor":22},{"not_picked":["Underhanded Strike+1","Bane+1","Rebound+1"],"picked":"SKIP","floor":23},{"not_picked":["Iron Wave+1","BootSequence","Second Wind"],"picked":"SKIP","floor":25},{"not_picked":["PiercingWail","Rebound+1","Deflect+1"],"picked":"SKIP","floor":27},{"not_picked":["Flame Barrier","Underhanded Strike+1"],"picked":"Skim+1","floor":28},{"not_picked":["Dagger Spray+1","Sweeping Beam+1","Cleave+1"],"picked":"SKIP","floor":29},{"not_picked":["Turbo","Good Instincts","Body Slam+1"],"picked":"SKIP","floor":30},{"not_picked":["Deflect","Auto Shields"],"picked":"Sucker Punch+1","floor":31},{"not_picked":["Fission","Multi-Cast"],"picked":"Meteor Strike+1","floor":33},{"not_picked":["Flechettes+1","Body Slam+1"],"picked":"Quick Slash+1","floor":35},{"not_picked":["Panacea","Chrysalis"],"picked":"Metamorphosis","floor":37},{"not_picked":["Deadly Poison","Fusion","Conserve Battery"],"picked":"SKIP","floor":38},{"not_picked":["Dodge and Roll","Tactician"],"picked":"Clothesline+1","floor":39},{"not_picked":["Heavy Blade+1","Trip","Twin Strike+1"],"picked":"SKIP","floor":40},{"not_picked":["Sword Boomerang+1","Immolate+1"],"picked":"Compile Driver+1","floor":42},{"not_picked":["Searing Blow+1","Coolheaded"],"picked":"Shrug It Off+1","floor":46},{"not_picked":["Scrape+1","Turbo+1","Flame Barrier"],"picked":"Disarm","floor":47},{"not_picked":["Outmaneuver+1","Buffer","Warcry"],"picked":"Well Laid Plans+1","floor":48}],"player_experience":988320,"relics_obtained":[{"floor":6,"key":"Lantern"},{"floor":7,"key":"Molten Egg 2"},{"floor":8,"key":"Anchor"},{"floor":9,"key":"Potion Belt"},{"floor":12,"key":"Art of War"},{"floor":14,"key":"Torii"},{"floor":23,"key":"Oddly Smooth Stone"},{"floor":26,"key":"Happy Flower"},{"floor":27,"key":"Peace Pipe"},{"floor":31,"key":"Juzu Bracelet"},{"floor":36,"key":"Smiling Mask"},{"floor":40,"key":"Matryoshka"},{"floor":42,"key":"Pantograph"},{"floor":43,"key":"Blue Candle"},{"floor":43,"key":"Pocketwatch"},{"floor":46,"key":"Question Card"},{"floor":48,"key":"Bird Faced Urn"}],"event_choices":[{"cards_removed":["Defend_B"],"damage_healed":0,"gold_gain":0,"player_choice":"Card Removal","damage_taken":0,"max_hp_gain":0,"max_hp_loss":0,"event_name":"The Cleric","floor":4,"gold_loss":50},{"damage_healed":0,"gold_gain":0,"player_choice":"Searched \u00272\u0027 times","damage_taken":0,"max_hp_gain":0,"max_hp_loss":0,"event_name":"Dead Adventurer","floor":7,"gold_loss":0},{"cards_removed":["Strike_B"],"damage_healed":0,"gold_gain":0,"player_choice":"Purged","damage_taken":0,"max_hp_gain":0,"max_hp_loss":0,"event_name":"Purifier","floor":10,"gold_loss":0},{"damage_healed":0,"gold_gain":0,"player_choice":"Bet on Murderer","damage_taken":0,"max_hp_gain":0,"max_hp_loss":0,"event_name":"The Joust","floor":19,"gold_loss":50},{"damage_healed":0,"gold_gain":0,"cards_transformed":["Strike_B"],"player_choice":"Transformed","damage_taken":0,"max_hp_gain":0,"max_hp_loss":0,"event_name":"Transmorgrifier","floor":21,"gold_loss":0,"cards_obtained":["Stack"]},{"damage_healed":0,"gold_gain":0,"player_choice":"Memory 1","damage_taken":0,"max_hp_gain":0,"max_hp_loss":0,"event_name":"SensoryStone","floor":37,"gold_loss":0},{"damage_healed":0,"gold_gain":0,"player_choice":"Got Potions","damage_taken":0,"max_hp_gain":0,"max_hp_loss":0,"event_name":"Lab","floor":45,"gold_loss":0}],"is_beta":false,"boss_relics":[{"not_picked":["White Beast Statue","Coffee Dripper"],"picked":"Fusion Hammer"},{"not_picked":["FrozenCore","Eternal Feather"],"picked":"Philosopher\u0027s Stone"}],"items_purged_floors":[],"is_endless":false,"potions_floor_spawned":[2,3,7,12,25,28,31,35,39,40,48],"ascension_level":1}