{"path_per_floor":["M","?","M","M","M","R","E","M","T","?","M","$","E","M","R","B",null,"M","$","M","M","?","E","R","M","T","E","M","M","?","E","R","B",null,"M","?","$","M","M","E","$","R","T","M","R","E","M","E","R","B"],"character_chosen":"THE_SILENT","items_purchased":["Dagger Spray","Infinite Blades","Shuriken","Acrobatics","Infinite Blades","Boot","Bag of Marbles"],"gold_per_floor":[114,114,129,144,159,159,189,204,204,204,223,99,137,156,156,281,281,300,24,43,62,62,100,100,119,119,187,206,225,225,263,263,388,388,407,407,186,205,224,262,62,62,62,81,81,119,138,176,176,176],"floor_reached":51,"campfire_rested":2,"playtime":2496,"item_purchase_floors":[12,12,19,19,37,37,41],"current_hp_per_floor":[70,70,68,68,68,68,59,50,50,50,46,46,24,14,60,36,60,56,56,56,49,49,45,45,45,45,38,38,38,38,29,55,53,55,55,55,55,55,52,50,50,50,50,50,50,45,45,45,45,52],"items_purged":["Regret"],"gold":176,"score":1061,"play_id":"5bc63be7-58de-4d15-9ac9-ae0cdbe41df7","local_time":"20180606212212","daily_mods":["Allstar","Binary","Night Terrors"],"is_prod":false,"is_daily":true,"chose_seed":false,"is_ascension_mode":false,"campfire_upgraded":5,"win_rate":0,"timestamp":1528276932,"campfire_choices":[{"data":"Apotheosis","floor":6,"key":"SMITH"},{"floor":15,"key":"REST"},{"data":"After Image","floor":24,"key":"SMITH"},{"floor":32,"key":"REST"},{"data":"A Thousand Cuts","floor":42,"key":"SMITH"},{"data":"Adrenaline","floor":45,"key":"SMITH"},{"data":"Burst","floor":49,"key":"SMITH"}],"path_taken":["M","?","M","M","?","R","E","M","T","?","?","?","E","M","R","BOSS","M","?","M","M","?","E","R","M","T","E","M","M","?","E","R","BOSS","M","?","$","M","M","E","$","R","T","M","R","E","M","E","R","BOSS"],"build_version":"2018-05-31","seed_source_timestamp":0,"purchased_purges":1,"victory":true,"master_deck":["Defend_G","Defend_G","Defend_G","Defend_G","Defend_G","Strike_G","Strike_G","Survivor","Neutralize","Secret Technique","Apotheosis+1","Magnetism","Good Instincts","Blind","Dagger Spray","Regret","Quick Slash+1","Malaise","Heel Hook","Burst+1","Noxious Fumes","Acrobatics","Dagger Spray","Infinite Blades","Adrenaline+1","Bane","After Image+1","Clumsy","Injury","Blade Dance","Acrobatics","Quick Slash+1","Deflect","Adrenaline+1","Die Die Die","Sucker Punch","Acrobatics","A Thousand Cuts+1","Prepared+1","Skewer+1","Flying Knee+1","Escape Plan+1","Infinite Blades","Calculated Gamble","Dagger Throw","Backflip+1","Sucker Punch+1","Heel Hook+1","Deflect","Prepared+1"],"max_hp_per_floor":[70,70,70,70,70,70,70,70,70,65,65,65,65,65,60,60,60,60,60,60,60,60,60,60,60,60,60,60,60,60,60,55,55,55,55,55,55,55,55,55,55,55,55,55,55,55,55,55,55,55],"relics":["Ring of the Snake","Pantograph","Happy Flower","Letter Opener","Golden Idol","Whetstone","Calling Bell","Lantern","Paper Crane","Dead Branch","Shuriken","Omamori","Smiling Mask","Tiny Chest","Mercury Hourglass","Astrolabe","Boot","Bag of Preparation","Bag of Marbles","Gremlin Horn","Tingsha","Toolbox"],"card_choices":[{"not_picked":["Dodge and Roll"],"picked":"Dagger Spray","floor":1},{"not_picked":["Flying Knee"],"picked":"Quick Slash","floor":3},{"not_picked":["Well Laid Plans"],"picked":"Malaise","floor":4},{"not_picked":["Outmaneuver"],"picked":"Heel Hook","floor":5},{"not_picked":["Deadly Poison"],"picked":"Burst","floor":7},{"not_picked":["Acrobatics"],"picked":"Noxious Fumes","floor":8},{"not_picked":["Slice"],"picked":"Acrobatics","floor":11},{"not_picked":["Flying Knee"],"picked":"Adrenaline","floor":13},{"not_picked":["Flechettes"],"picked":"Bane","floor":14},{"not_picked":["Glass Knife"],"picked":"After Image","floor":16},{"not_picked":["Concentrate"],"picked":"Blade Dance","floor":18},{"not_picked":["Flying Knee"],"picked":"Quick Slash+1","floor":20},{"not_picked":["Dodge and Roll"],"picked":"Deflect","floor":21},{"not_picked":["Acrobatics+1"],"picked":"Die Die Die","floor":23},{"not_picked":["Prepared"],"picked":"Sucker Punch","floor":25},{"not_picked":["Endless Agony","Outmaneuver"],"picked":"SKIP","floor":27},{"not_picked":["Catalyst"],"picked":"Bouncing Flask","floor":28},{"not_picked":["Deadly Poison"],"picked":"Acrobatics","floor":29},{"not_picked":["Outmaneuver","Masterful Stab"],"picked":"SKIP","floor":31},{"not_picked":["Phantasmal Killer"],"picked":"A Thousand Cuts","floor":33},{"not_picked":["Flechettes"],"picked":"Escape Plan+1","floor":35},{"not_picked":["Riddle With Holes"],"picked":"Calculated Gamble","floor":38},{"not_picked":["Slice"],"picked":"Dagger Throw","floor":39},{"not_picked":["Bane"],"picked":"Backflip+1","floor":40},{"not_picked":["Reflex"],"picked":"Sucker Punch+1","floor":44},{"not_picked":["Underhanded Strike"],"picked":"Heel Hook+1","floor":46},{"not_picked":["Grand Finale"],"picked":"Deflect","floor":47},{"not_picked":["Flying Knee+1"],"picked":"Prepared+1","floor":48}],"player_experience":247439,"potions_floor_usage":[13,16,16,27,27,33,46,46,50,50],"damage_taken":[{"damage":0,"enemies":"2 Louse","floor":1,"turns":3},{"damage":2,"enemies":"Small Slimes","floor":3,"turns":4},{"damage":0,"enemies":"Cultist","floor":4,"turns":4},{"damage":0,"enemies":"Exordium Wildlife","floor":5,"turns":3},{"damage":9,"enemies":"3 Sentries","floor":7,"turns":6},{"damage":9,"enemies":"Large Slime","floor":8,"turns":6},{"damage":4,"enemies":"Red Slaver","floor":11,"turns":3},{"damage":22,"enemies":"Gremlin Nob","floor":13,"turns":6},{"damage":10,"enemies":"Gremlin Gang","floor":14,"turns":2},{"damage":24,"enemies":"Hexaghost","floor":16,"turns":6},{"damage":4,"enemies":"Shell Parasite","floor":18,"turns":5},{"damage":0,"enemies":"2 Thieves","floor":20,"turns":2},{"damage":7,"enemies":"Cultist and Chosen","floor":21,"turns":3},{"damage":4,"enemies":"Gremlin Leader","floor":23,"turns":4},{"damage":0,"enemies":"Centurion and Healer","floor":25,"turns":4},{"damage":7,"enemies":"Book of Stabbing","floor":27,"turns":5},{"damage":0,"enemies":"Slaver and Parasite","floor":28,"turns":2},{"damage":0,"enemies":"Snake Plant","floor":29,"turns":3},{"damage":9,"enemies":"Slavers","floor":31,"turns":2},{"damage":2,"enemies":"Champ","floor":33,"turns":9},{"damage":0,"enemies":"3 Darklings","floor":35,"turns":2},{"damage":0,"enemies":"Orb Walker","floor":38,"turns":1},{"damage":3,"enemies":"3 Darklings","floor":39,"turns":3},{"damage":2,"enemies":"Giant Head","floor":40,"turns":6},{"damage":0,"enemies":"Sphere and 2 Shapes","floor":44,"turns":1},{"damage":5,"enemies":"2 Orb Walkers","floor":46,"turns":3},{"damage":0,"enemies":"Maw","floor":47,"turns":1},{"damage":0,"enemies":"Nemesis","floor":48,"turns":3},{"damage":3,"enemies":"Donu and Deca","floor":50,"turns":3}],"relics_obtained":[{"floor":7,"key":"Happy Flower"},{"floor":9,"key":"Letter Opener"},{"floor":13,"key":"Whetstone"},{"floor":17,"key":"Lantern"},{"floor":17,"key":"Paper Crane"},{"floor":17,"key":"Dead Branch"},{"floor":23,"key":"Omamori"},{"floor":26,"key":"Smiling Mask"},{"floor":27,"key":"Tiny Chest"},{"floor":31,"key":"Mercury Hourglass"},{"floor":40,"key":"Bag of Preparation"},{"floor":43,"key":"Gremlin Horn"},{"floor":46,"key":"Tingsha"},{"floor":48,"key":"Toolbox"}],"event_choices":[{"event_name":"Big Fish","player_choice":"Box","floor":2,"damage_taken":0},{"event_name":"Golden Idol","player_choice":"Lose Max HP","floor":10,"damage_taken":0},{"event_name":"Duplicator","player_choice":"One dupe","floor":22,"damage_taken":0},{"event_name":"Accursed Blacksmith","player_choice":"Forge","floor":30,"damage_taken":0}],"boss_relics":[{"not_picked":["Eternal Feather","Black Star"],"picked":"Calling Bell"},{"not_picked":["Lizard Tail","Runic Pyramid"],"picked":"Astrolabe"}],"items_purged_floors":[41],"potions_floor_spawned":[4,5,13,14,23,28,31,33,38,44,47],"seed_played":"-7143404662059475798","ascension_level":0,"potions_obtained":[{"floor":4,"key":"Ancient Potion"},{"floor":5,"key":"GhostInAJar"},{"floor":13,"key":"Poison Potion"},{"floor":14,"key":"Poison Potion"},{"floor":23,"key":"LiquidBronze"},{"floor":28,"key":"GamblersBrew"},{"floor":31,"key":"GhostInAJar"},{"floor":33,"key":"Regen Potion"},{"floor":38,"key":"Swift Potion"},{"floor":44,"key":"GhostInAJar"},{"floor":47,"key":"GamblersBrew"}],"is_trial":false}