{"gold_per_floor":[118,24,34,34,109,137,151,171,216,216,10,10,28,47,47,143,143,156,156,171,189,199,199],"floor_reached":23,"playtime":1451,"items_purged":[],"score":234,"play_id":"8a2e8b11-6e37-43ef-9d2b-548dfefae948","local_time":"20190222091403","is_ascension_mode":true,"campfire_choices":[{"floor":10,"key":"REST"},{"data":"Cloak And Dagger","floor":12,"key":"SMITH"},{"data":"Burst","floor":15,"key":"SMITH"}],"neow_cost":"NONE","seed_source_timestamp":702863664198797,"circlet_count":0,"master_deck":["Survivor","Neutralize","Underhanded Strike","Cloak And Dagger+1","Acrobatics","Burst+1","Cloak And Dagger","Deflect","Slice","Backstab","Backflip","Backstab","Accuracy","Storm of Steel","Deadly Poison","Deflect","Footwork","Dagger Spray","Poisoned Stab","Envenom","Sucker Punch","Tools of the Trade","Malaise","Unload","Slice","Distraction","Blade Dance+1","Tactician"],"relics":["WristBlade","Mummified Hand","Potion Belt","Pandora\u0027s Box"],"potions_floor_usage":[6,16,16,16,22,23,23],"damage_taken":[{"damage":4,"enemies":"Jaw Worm","floor":1,"turns":5},{"damage":0,"enemies":"2 Louse","floor":3,"turns":3},{"damage":32,"enemies":"Gremlin Nob","floor":6,"turns":4},{"damage":0,"enemies":"Cultist","floor":7,"turns":3},{"damage":2,"enemies":"Large Slime","floor":8,"turns":5},{"damage":0,"enemies":"Red Slaver","floor":13,"turns":4},{"damage":0,"enemies":"Gremlin Gang","floor":14,"turns":3},{"damage":26,"enemies":"Slime Boss","floor":16,"turns":9},{"damage":1,"enemies":"Chosen","floor":18,"turns":4},{"damage":14,"enemies":"Shell Parasite","floor":20,"turns":3},{"damage":8,"enemies":"Centurion and Healer","floor":21,"turns":5},{"damage":4,"enemies":"Snake Plant","floor":22,"turns":4},{"damage":57,"enemies":"Gremlin Leader","floor":23,"turns":6}],"seed_played":"4933024422231393597","potions_obtained":[{"floor":1,"key":"SkillPotion"},{"floor":7,"key":"Explosive Potion"},{"floor":14,"key":"AttackPotion"},{"floor":16,"key":"Block Potion"},{"floor":18,"key":"SteroidPotion"}],"is_trial":false,"path_per_floor":["M","$","M","?","?","E","M","M","T","R","$","R","M","M","R","B",null,"M","?","M","M","M","E"],"character_chosen":"THE_SILENT","items_purchased":["Cloak And Dagger","Acrobatics","Backstab","Regen Potion","Backflip","Fire Potion"],"campfire_rested":1,"item_purchase_floors":[2,2,11,11,11,11],"current_hp_per_floor":[66,66,66,52,41,9,9,7,7,28,28,28,28,28,28,2,70,69,70,56,48,44,0],"gold":199,"neow_bonus":"BOSS_RELIC","is_prod":false,"is_daily":false,"chose_seed":false,"campfire_upgraded":2,"win_rate":0,"timestamp":1550794443,"path_taken":["M","$","M","?","?","E","M","M","T","R","?","R","?","M","R","BOSS","M","?","M","?","M","E"],"build_version":"2019-01-23","purchased_purges":0,"victory":false,"max_hp_per_floor":[70,70,70,70,70,70,70,70,70,70,70,70,70,70,70,70,70,70,70,70,70,70,70],"card_choices":[{"not_picked":["Crippling Poison","Dodge and Roll"],"picked":"Underhanded Strike","floor":1},{"not_picked":["Skewer","Flying Knee"],"picked":"Burst","floor":3},{"not_picked":["Flying Knee","Dagger Spray"],"picked":"Cloak And Dagger","floor":6},{"not_picked":["Bane","Outmaneuver"],"picked":"Deflect","floor":7},{"not_picked":["Acrobatics","Deadly Poison"],"picked":"Slice","floor":8},{"not_picked":["Setup","Escape Plan"],"picked":"Backstab","floor":13},{"not_picked":["Predator","Poisoned Stab"],"picked":"Accuracy","floor":14},{"not_picked":["Grand Finale","Wraith Form v2"],"picked":"Storm of Steel","floor":16},{"not_picked":["Deadly Poison","Sucker Punch"],"picked":"Slice","floor":18},{"not_picked":["Dagger Throw","Deadly Poison"],"picked":"Distraction","floor":20},{"not_picked":["Underhanded Strike","Deadly Poison+1"],"picked":"Blade Dance+1","floor":21},{"not_picked":["Doppelganger","Setup"],"picked":"Tactician","floor":22}],"player_experience":134149,"relics_obtained":[{"floor":6,"key":"Mummified Hand"},{"floor":9,"key":"Potion Belt"}],"event_choices":[{"damage_healed":0,"gold_gain":0,"player_choice":"Entered Light","damage_taken":14,"max_hp_gain":0,"max_hp_loss":0,"event_name":"Shining Light","floor":4,"gold_loss":0,"cards_upgraded":["Strike_G","Strike_G"]},{"damage_healed":0,"gold_gain":75,"player_choice":"Gather Gold","damage_taken":11,"max_hp_gain":0,"max_hp_loss":0,"event_name":"World of Goop","floor":5,"gold_loss":0},{"damage_healed":1,"gold_gain":0,"player_choice":"Full Heal","damage_taken":0,"max_hp_gain":0,"max_hp_loss":0,"event_name":"Wheel of Change","floor":19,"gold_loss":0}],"is_beta":false,"boss_relics":[{"not_picked":["White Beast Statue","Calling Bell"],"picked":"Pandora\u0027s Box"}],"items_purged_floors":[],"is_endless":false,"potions_floor_spawned":[1,7,14,16,18],"killed_by":"Gremlin Leader","ascension_level":4}