{"gold_per_floor":[117,135,135,135,153,153,172,152,203,203,219,259,282,11,11,142,142,156,156,79,0,0,0],"floor_reached":23,"playtime":1636,"items_purged":[],"score":189,"play_id":"45c8c68c-1158-42af-a442-86f632cbeaa6","local_time":"20180715030138","is_ascension_mode":false,"campfire_choices":[{"floor":6,"key":"REST"},{"data":"Doppelganger","floor":10,"key":"SMITH"},{"floor":15,"key":"REST"}],"neow_cost":"","seed_source_timestamp":52760258579880,"circlet_count":0,"master_deck":["Defend_G","Defend_G","Defend_G","Defend_G","Defend_G","Strike_G","Strike_G","Strike_G","Strike_G","Strike_G","Survivor","Neutralize","Sucker Punch","Well Laid Plans+1","Doppelganger+1","Quick Slash","Dagger Throw","Finisher","Bouncing Flask","Catalyst","Venomology","Pain","Injury","Injury","Poisoned Stab+1","J.A.X."],"relics":["Ring of the Snake","Bloody Idol","Potion Belt","Vajra","Strange Spoon","Calling Bell","Bronze Scales","Meat on the Bone","The Specimen"],"potions_floor_usage":[11,12,16,18,23,23],"damage_taken":[{"damage":0,"enemies":"Jaw Worm","floor":1,"turns":4},{"damage":8,"enemies":"Cultist","floor":2,"turns":7},{"damage":0,"enemies":"2 Louse","floor":5,"turns":4},{"damage":6,"enemies":"2 Fungi Beasts","floor":7,"turns":3},{"damage":5,"enemies":"3 Louse","floor":11,"turns":5},{"damage":14,"enemies":"Lagavulin","floor":12,"turns":9},{"damage":2,"enemies":"Looter","floor":13,"turns":3},{"damage":31,"enemies":"The Guardian","floor":16,"turns":9},{"damage":12,"enemies":"2 Thieves","floor":18,"turns":4},{"damage":59,"enemies":"Book of Stabbing","floor":23,"turns":5}],"seed_played":"7427328949942603540","potions_obtained":[{"floor":2,"key":"Dexterity Potion"},{"floor":7,"key":"Swift Potion"},{"floor":8,"key":"Weak Potion"},{"floor":16,"key":"FearPotion"},{"floor":18,"key":"Block Potion"}],"is_trial":false,"path_per_floor":["M","M","?","?","M","R","M","?","T","R","M","E","M","$","R","B",null,"M","?","?","?","?"],"character_chosen":"THE_SILENT","items_purchased":["Catalyst","Strange Spoon"],"campfire_rested":2,"item_purchase_floors":[14,14],"current_hp_per_floor":[70,62,62,45,45,66,60,60,60,60,55,41,39,39,60,29,70,58,58,58,58,58,0],"gold":0,"neow_bonus":"","is_prod":false,"is_daily":false,"chose_seed":false,"campfire_upgraded":1,"win_rate":0.0,"timestamp":1531638098,"path_taken":["M","M","?","?","M","R","M","?","T","R","M","E","M","$","R","BOSS","M","?","?","?","?","E"],"build_version":"2018-07-12","purchased_purges":0,"victory":false,"max_hp_per_floor":[70,70,70,70,70,70,70,70,70,70,70,70,70,70,70,70,70,70,70,70,70,70,70],"card_choices":[{"not_picked":["Deadly Poison","Backflip"],"picked":"Sucker Punch","floor":1},{"not_picked":["Dodge and Roll","Poisoned Stab"],"picked":"Well Laid Plans","floor":2},{"not_picked":["Calculated Gamble","Poisoned Stab"],"picked":"Doppelganger","floor":5},{"not_picked":["PiercingWail","Deadly Poison"],"picked":"Quick Slash","floor":7},{"not_picked":["Endless Agony","Dodge and Roll"],"picked":"Dagger Throw","floor":11},{"not_picked":["Acrobatics","Backflip"],"picked":"Finisher","floor":12},{"not_picked":["Backflip","Malaise"],"picked":"Bouncing Flask","floor":13},{"not_picked":["Unload","Glass Knife"],"picked":"Venomology","floor":16},{"not_picked":["Dagger Spray","Blade Dance"],"picked":"Poisoned Stab+1","floor":18}],"player_experience":147116,"relics_obtained":[{"floor":9,"key":"Potion Belt"},{"floor":12,"key":"Vajra"},{"floor":17,"key":"Bronze Scales"},{"floor":17,"key":"Meat on the Bone"},{"floor":17,"key":"The Specimen"}],"event_choices":[{"event_name":"Upgrade Shrine","player_choice":"Upgraded","floor":3,"damage_taken":0},{"event_name":"Golden Idol","player_choice":"Take Damage","floor":4,"damage_taken":0},{"event_name":"The Woman in Blue","player_choice":"Bought 1 Potion","floor":8,"damage_taken":0},{"event_name":"Forgotten Altar","player_choice":"Gave Idol","floor":19,"damage_taken":0},{"event_name":"Drug Dealer","player_choice":"Got JAXXED","floor":20,"damage_taken":0},{"event_name":"Masked Bandits","player_choice":"Paid Bandits 79 gold","floor":21,"damage_taken":0},{"event_name":"Cursed Tome","player_choice":"Ignored","floor":22,"damage_taken":0}],"boss_relics":[{"not_picked":["Astrolabe","Sozu"],"picked":"Calling Bell"}],"items_purged_floors":[],"is_endless":false,"potions_floor_spawned":[2,7,16,18],"killed_by":"Book of Stabbing","ascension_level":0}