{"gold_per_floor":[111,36,36,55,55,82,82,114,114,144,159,159,177,511,511,614,614,627,902,29,47,47],"floor_reached":22,"playtime":1065,"items_purged":["Decay","Regret"],"score":341,"play_id":"b906b84a-7fce-4e79-bb08-d5e71df00e98","local_time":"20190223212420","is_ascension_mode":true,"campfire_choices":[{"floor":7,"key":"REST"},{"data":"Defragment","floor":12,"key":"SMITH"},{"data":"Zap","floor":15,"key":"SMITH"}],"neow_cost":"CURSE","seed_source_timestamp":158562945018815,"circlet_count":0,"master_deck":["Strike_B","Strike_B","Strike_B","Strike_B","Defend_B","Defend_B","Defend_B","Defend_B","Zap+1","Dualcast","Defragment+1","Ball Lightning","Leap+1","Chill+1","Loop","Compile Driver","Force Field+1","Go for the Eyes","Reboot+1","BootSequence+1","Cold Snap","Self Repair","Skim+1"],"relics":["Cracked Core","Unceasing Top","Toxic Egg 2","CultistMask","Gambling Chip","Sundial","Ornamental Fan","Letter Opener","Old Coin","Runic Pyramid","Runic Capacitor","Ice Cream","Anchor"],"potions_floor_usage":[10,11,14],"damage_taken":[{"damage":2,"enemies":"Cultist","floor":1,"turns":3},{"damage":4,"enemies":"Small Slimes","floor":4,"turns":4},{"damage":35,"enemies":"Lagavulin","floor":6,"turns":5},{"damage":10,"enemies":"Gremlin Nob","floor":8,"turns":3},{"damage":6,"enemies":"Lagavulin","floor":10,"turns":5},{"damage":0,"enemies":"Jaw Worm","floor":11,"turns":3},{"damage":0,"enemies":"Lots of Slimes","floor":13,"turns":3},{"damage":7,"enemies":"3 Sentries","floor":14,"turns":6},{"damage":0,"enemies":"The Guardian","floor":16,"turns":10},{"damage":0,"enemies":"Spheric Guardian","floor":18,"turns":4},{"damage":0,"enemies":"Shell Parasite","floor":21,"turns":5},{"damage":2,"enemies":"Centurion and Healer","floor":22,"turns":3}],"seed_played":"-3057102976271580271","potions_obtained":[{"floor":8,"key":"Dexterity Potion"},{"floor":10,"key":"FearPotion"},{"floor":11,"key":"LiquidBronze"}],"is_trial":false,"path_per_floor":["M","$","T","M","?","E","R","E","T","E","M","R","M","E","R","B",null,"M","?","$","M","M"],"character_chosen":"DEFECT","items_purchased":["Runic Capacitor","Ice Cream","Anchor","Cold Snap","Self Repair"],"campfire_rested":1,"item_purchase_floors":[20,20,20,20,20],"current_hp_per_floor":[66,66,66,62,62,27,49,39,39,33,33,33,33,26,26,26,63,63,63,63,70,68],"gold":47,"neow_bonus":"ONE_RARE_RELIC","is_prod":false,"is_daily":false,"chose_seed":false,"campfire_upgraded":2,"win_rate":0,"timestamp":1550985860,"path_taken":["M","?","?","M","?","E","R","E","T","E","?","R","M","E","R","BOSS","M","?","$","?","?"],"build_version":"2019-01-23","purchased_purges":2,"victory":false,"max_hp_per_floor":[75,75,75,75,75,75,75,75,75,75,75,75,75,75,75,75,75,75,75,75,75,75],"card_choices":[{"not_picked":["Beam Cell","Compile Driver"],"picked":"Defragment","floor":1},{"not_picked":["Beam Cell","Stack+1"],"picked":"Ball Lightning","floor":4},{"not_picked":["Go for the Eyes","Reprogram+1"],"picked":"Leap+1","floor":6},{"not_picked":["Fusion+1","Recycle+1"],"picked":"Chill+1","floor":8},{"not_picked":["Streamline","Reprogram+1"],"picked":"Loop","floor":10},{"not_picked":["Fission+1","Barrage"],"picked":"Compile Driver","floor":11},{"not_picked":["Static Discharge","Gash"],"picked":"Force Field+1","floor":13},{"not_picked":["Steam+1","Chaos+1"],"picked":"Go for the Eyes","floor":14},{"not_picked":["Amplify+1","Creative AI"],"picked":"Reboot+1","floor":16},{"not_picked":["Sweeping Beam","Steam+1"],"picked":"BootSequence+1","floor":18},{"not_picked":["Leap+1","FTL"],"picked":"Skim+1","floor":21}],"player_experience":419407,"relics_obtained":[{"floor":3,"key":"Toxic Egg 2"},{"floor":6,"key":"Gambling Chip"},{"floor":8,"key":"Sundial"},{"floor":9,"key":"Ornamental Fan"},{"floor":10,"key":"Letter Opener"},{"floor":14,"key":"Old Coin"}],"event_choices":[{"damage_healed":0,"gold_gain":0,"player_choice":"Trade","damage_taken":0,"relics_obtained":["CultistMask"],"max_hp_gain":0,"max_hp_loss":0,"event_name":"FaceTrader","floor":5,"gold_loss":0},{"damage_healed":0,"gold_gain":275,"player_choice":"Desecrate","damage_taken":0,"max_hp_gain":0,"max_hp_loss":0,"event_name":"Golden Shrine","floor":19,"gold_loss":0,"cards_obtained":["Regret"]}],"is_beta":false,"boss_relics":[{"not_picked":["Cursed Key","Fusion Hammer"],"picked":"Runic Pyramid"}],"items_purged_floors":[2,20],"is_endless":false,"potions_floor_spawned":[8,10,11],"killed_by":"Centurion and Healer","ascension_level":6}