{"gold_per_floor":[364,376,389,403,415,415,428,446,471,32,32,73,56,56,56,187,187,202,202,127,13,38,38,63,63,63,77,53,76,76,99,99,223,223,246,246],"floor_reached":36,"playtime":4928,"items_purged":[],"score":445,"play_id":"1e502a01-7659-493d-9c46-0507dcfab47c","local_time":"20180723135131","is_ascension_mode":false,"campfire_choices":[{"floor":6.0,"key":"REST"},{"floor":15.0,"key":"REST"},{"data":"Burst","floor":23.0,"key":"SMITH"},{"data":"Well Laid Plans","floor":25.0,"key":"SMITH"},{"floor":30.0,"key":"REST"},{"floor":32.0,"key":"REST"}],"neow_cost":"CURSE","seed_source_timestamp":0,"circlet_count":0,"master_deck":["Defend_G","Defend_G","Defend_G","Defend_G","Defend_G","Strike_G","Strike_G","Strike_G","Strike_G","Strike_G","Survivor","Neutralize","Expertise","Cloak And Dagger","Burst+1","Noxious Fumes","Cloak And Dagger","Deadly Poison","Tools of the Trade","Purity","Well Laid Plans+1","Injury","Venomology","Dodge and Roll","Corpse Explosion","Dagger Spray+1","Ghostly","Ghostly","Ghostly","Ghostly","Ghostly","Swift Strike+1","Prepared","Outmaneuver","Dodge and Roll","Injury","Adrenaline","Bane+1","Well Laid Plans+1","Leg Sweep","Storm of Steel","Calculated Gamble+1"],"special_seed":0,"relics":["Ring of the Snake","Blood Vial","Kunai","Golden Idol","Molten Egg 2","Cursed Key","Bottled Tornado","HoveringKite"],"potions_floor_usage":[35],"damage_taken":[{"damage":2.0,"enemies":"Small Slimes","floor":1.0,"turns":4.0},{"damage":14.0,"enemies":"Jaw Worm","floor":2.0,"turns":6.0},{"damage":10.0,"enemies":"Cultist","floor":3.0,"turns":7.0},{"damage":13.0,"enemies":"2 Fungi Beasts","floor":4.0,"turns":7.0},{"damage":11.0,"enemies":"Large Slime","floor":5.0,"turns":7.0},{"damage":1.0,"enemies":"Blue Slaver","floor":7.0,"turns":4.0},{"damage":8.0,"enemies":"2 Fungi Beasts","floor":8.0,"turns":6.0},{"damage":23.0,"enemies":"Lagavulin","floor":12.0,"turns":8.0},{"damage":9.0,"enemies":"Exordium Thugs","floor":13.0,"turns":4.0},{"damage":47.0,"enemies":"The Guardian","floor":16.0,"turns":14.0},{"damage":32.0,"enemies":"2 Thieves","floor":18.0,"turns":4.0},{"damage":4.0,"enemies":"3 Byrds","floor":22.0,"turns":4.0},{"damage":0.0,"enemies":"Snake Plant","floor":24.0,"turns":7.0},{"damage":4.0,"enemies":"Centurion and Healer","floor":27.0,"turns":6.0},{"damage":23.0,"enemies":"Snecko","floor":29.0,"turns":6.0},{"damage":3.0,"enemies":"Snake Plant","floor":31.0,"turns":7.0},{"damage":19.0,"enemies":"Automaton","floor":33.0,"turns":13.0},{"damage":13,"enemies":"Orb Walker","floor":35,"turns":6},{"damage":31,"enemies":"3 Shapes","floor":36,"turns":3}],"seed_played":"1180370182626903452","potions_obtained":[{"floor":3.0,"key":"SpeedPotion"},{"floor":5.0,"key":"Poison Potion"},{"floor":7.0,"key":"Weak Potion"},{"floor":8.0,"key":"LiquidBronze"},{"floor":12.0,"key":"Dexterity Potion"},{"floor":18.0,"key":"Explosive Potion"},{"floor":27.0,"key":"FearPotion"},{"floor":29.0,"key":"AttackPotion"}],"is_trial":false,"path_per_floor":["M","M","M","M","M","R","M","M","T","$","?","E","M","?","R","B",null,"M","?","?","$","M","R","M","R","T","M","$","M","R","M","R","B",null,"M"],"character_chosen":"THE_SILENT","items_purchased":["Purity","Kunai","Well Laid Plans","Swift Strike+1","Prepared","Bane+1"],"campfire_rested":4,"item_purchase_floors":[10,10,10,21,21,28],"current_hp_per_floor":[68,54,44,31,20,41,40,32,32,32,32,11,4,27,48,18,70,38,35,35,35,31,31,33,33,33,35,35,12,22,21,31,14,35,22,0],"gold":246,"neow_bonus":"TWO_FIFTY_GOLD","is_prod":false,"is_daily":false,"chose_seed":false,"campfire_upgraded":2,"win_rate":0,"timestamp":1532368291,"path_taken":["M","M","M","M","M","R","M","M","T","$","?","E","?","?","R","BOSS","M","?","?","$","M","R","M","R","T","M","$","M","R","M","R","BOSS","M","M"],"build_version":"2018-07-19v2","purchased_purges":0,"victory":false,"max_hp_per_floor":[70,70,70,70,70,70,70,70,70,70,70,70,70,70,70,70,70,70,35,35,35,35,35,35,35,35,35,35,35,35,35,35,35,35,35,35],"card_choices":[{"not_picked":["Prepared","Slice"],"picked":"Expertise","floor":1.0},{"not_picked":["Expertise","Sucker Punch"],"picked":"Cloak And Dagger","floor":2.0},{"not_picked":["PiercingWail","Deadly Poison"],"picked":"Burst","floor":3.0},{"not_picked":["Bane","All Out Attack"],"picked":"Noxious Fumes","floor":4.0},{"not_picked":["Masterful Stab","Outmaneuver"],"picked":"Cloak And Dagger","floor":5.0},{"not_picked":["Dodge and Roll","Acrobatics"],"picked":"Deadly Poison","floor":7.0},{"not_picked":["Deflect","PiercingWail"],"picked":"Tools of the Trade","floor":8.0},{"not_picked":["Dagger Throw","Backflip"],"picked":"Venomology","floor":12.0},{"not_picked":["Prepared","Slice+1"],"picked":"Dodge and Roll","floor":13.0},{"not_picked":["Glass Knife+1","Phantasmal Killer"],"picked":"Corpse Explosion","floor":16.0},{"not_picked":["Riddle With Holes+1","Deflect"],"picked":"Dagger Spray+1","floor":18.0},{"not_picked":["Slice+1","Prepared"],"picked":"Outmaneuver","floor":22.0},{"not_picked":["Acrobatics","Leg Sweep"],"picked":"Dodge and Roll","floor":24.0},{"not_picked":["Eviscerate+1","Reflex"],"picked":"Adrenaline","floor":27.0},{"not_picked":["Quick Slash+1","Deflect"],"picked":"Well Laid Plans+1","floor":29.0},{"not_picked":["Flying Knee+1","Dagger Spray+1"],"picked":"Leg Sweep","floor":31.0},{"not_picked":["Venomology","Unload+1"],"picked":"Storm of Steel","floor":33.0},{"not_picked":["Sucker Punch+1","Heel Hook+1"],"picked":"Calculated Gamble+1","floor":35}],"player_experience":234298,"relics_obtained":[{"floor":9.0,"key":"Blood Vial"},{"floor":12.0,"key":"Molten Egg 2"},{"floor":26.0,"key":"Bottled Tornado"}],"event_choices":[{"event_name":"Golden Idol","player_choice":"Take Wound","floor":11.0,"damage_taken":0.0},{"event_name":"Big Fish","player_choice":"Banana","floor":14.0,"damage_taken":0.0},{"event_name":"Ghosts","player_choice":"Became a Ghost","floor":19.0,"damage_taken":0.0},{"event_name":"Beggar","player_choice":"Gave Gold","floor":20.0,"damage_taken":0.0}],"is_beta":false,"boss_relics":[{"not_picked":["Black Star","Snecko Eye"],"picked":"Cursed Key"},{"not_picked":["Coffee Dripper","Orrery"],"picked":"HoveringKite"}],"items_purged_floors":[],"is_endless":false,"potions_floor_spawned":[3,5,7,8,12,18,27,29],"killed_by":"3 Shapes","ascension_level":0}