{"gold_per_floor":[116,116,116,132,132,167,167,3,3,18,18,49,64,74,74,153,153,169,169,23,23,23,48,48,74,74,74,94,19,0,0],"floor_reached":31,"playtime":1560,"items_purged":[],"score":568,"play_id":"92f494c7-9c7f-4bf7-abce-e7a8b4bbcfec","local_time":"20190222232918","is_ascension_mode":true,"campfire_choices":[{"data":"Armaments","floor":7,"key":"SMITH"},{"data":"Bash","floor":11,"key":"SMITH"},{"data":"Hemokinesis","floor":15,"key":"SMITH"},{"floor":24,"key":"REST"},{"data":"1","floor":27,"key":"LIFT"}],"neow_cost":"NONE","seed_source_timestamp":19743260550877,"circlet_count":0,"master_deck":["AscendersBane","Strike_R","Strike_R","Defend_R","Defend_R","Defend_R","Defend_R","Bash+1","Twin Strike","Hemokinesis+1","Armaments+1","Double Tap","Flame Barrier","Rampage","Limit Break","Iron Wave","Offering","Shrug It Off","Decay","Flame Barrier","Disarm"],"relics":["Burning Blood","NeowsBlessing","Pantograph","Pen Nib","Torii","Girya","Runic Pyramid","Enchiridion","Gremlin Horn","Oddly Smooth Stone","Bird Faced Urn"],"potions_floor_usage":[5,12,16,18,23],"damage_taken":[{"damage":0,"enemies":"Jaw Worm","floor":1,"turns":1},{"damage":0,"enemies":"2 Louse","floor":4,"turns":2},{"damage":0,"enemies":"3 Sentries","floor":6,"turns":2},{"damage":2,"enemies":"Cultist","floor":10,"turns":2},{"damage":28,"enemies":"Lagavulin","floor":12,"turns":5},{"damage":10,"enemies":"2 Fungi Beasts","floor":13,"turns":4},{"damage":1,"enemies":"Looter","floor":14,"turns":3},{"damage":72,"enemies":"Hexaghost","floor":16,"turns":11},{"damage":26,"enemies":"Shell Parasite","floor":18,"turns":5},{"damage":35,"enemies":"Book of Stabbing","floor":23,"turns":4},{"damage":18,"enemies":"3 Byrds","floor":28,"turns":4},{"damage":24,"enemies":"Slavers","floor":31,"turns":5}],"seed_played":"-6815243885545298395","potions_obtained":[{"floor":5,"key":"Dexterity Potion"},{"floor":5,"key":"Fruit Juice"},{"floor":10,"key":"Ancient Potion"},{"floor":12,"key":"Regen Potion"},{"floor":13,"key":"PowerPotion"},{"floor":16,"key":"Fire Potion"},{"floor":28,"key":"Dexterity Potion"}],"is_trial":false,"path_per_floor":["M","?","?","M","?","E","R","$","T","M","R","E","M","M","R","B",null,"M","?","$","?","?","E","R","T","T","R","M","?","?","E"],"character_chosen":"IRONCLAD","items_purchased":["Pen Nib","Offering","Shrug It Off"],"campfire_rested":1,"item_purchase_floors":[8,20,20],"current_hp_per_floor":[74,74,67,73,78,80,80,80,80,80,80,58,54,59,59,14,64,58,58,58,37,37,8,32,32,32,32,22,22,22,0],"gold":0,"neow_bonus":"THREE_ENEMY_KILL","is_prod":false,"is_daily":false,"chose_seed":false,"campfire_upgraded":3,"win_rate":0,"timestamp":1550831358,"path_taken":["M","?","?","M","?","E","R","$","T","M","R","E","M","M","R","BOSS","M","?","$","?","?","E","R","?","T","R","?","?","?","E"],"build_version":"2019-01-23","purchased_purges":0,"victory":false,"max_hp_per_floor":[75,75,75,75,80,80,80,80,80,80,80,80,80,80,80,80,80,80,80,80,80,80,80,80,80,80,80,80,80,80,80],"card_choices":[{"not_picked":["Clash","Body Slam"],"picked":"Twin Strike","floor":1},{"not_picked":["Sever Soul","Reckless Charge"],"picked":"Hemokinesis","floor":4},{"not_picked":["Intimidate","Perfected Strike"],"picked":"Armaments","floor":6},{"not_picked":["Perfected Strike","Headbutt"],"picked":"Double Tap","floor":10},{"not_picked":["Anger","Dual Wield"],"picked":"Flame Barrier","floor":12},{"not_picked":["Power Through","Wild Strike"],"picked":"Rampage","floor":13},{"not_picked":["Anger","Blood for Blood","Evolve"],"picked":"SKIP","floor":14},{"not_picked":["Impervious","Reaper"],"picked":"Limit Break","floor":16},{"not_picked":["Twin Strike","Pummel"],"picked":"Iron Wave","floor":18},{"not_picked":["Iron Wave","Perfected Strike"],"picked":"Flame Barrier","floor":23},{"not_picked":["Seeing Red","Anger+1"],"picked":"Disarm","floor":28}],"player_experience":412801,"relics_obtained":[{"floor":6,"key":"Pantograph"},{"floor":9,"key":"Torii"},{"floor":12,"key":"Girya"},{"floor":21,"key":"Enchiridion"},{"floor":23,"key":"Gremlin Horn"},{"floor":25,"key":"Oddly Smooth Stone"},{"floor":26,"key":"Bird Faced Urn"}],"event_choices":[{"cards_removed":["Strike_R"],"damage_healed":0,"gold_gain":0,"player_choice":"Forget","damage_taken":0,"max_hp_gain":0,"max_hp_loss":0,"event_name":"Living Wall","floor":2,"gold_loss":0},{"cards_removed":["Strike_R"],"damage_healed":0,"gold_gain":0,"player_choice":"Card Removal","damage_taken":7,"max_hp_gain":0,"max_hp_loss":0,"event_name":"Golden Wing","floor":3,"gold_loss":0},{"damage_healed":0,"gold_gain":0,"player_choice":"Got Potions","damage_taken":0,"max_hp_gain":0,"max_hp_loss":0,"event_name":"Lab","floor":5,"gold_loss":0},{"damage_healed":0,"gold_gain":0,"player_choice":"Ignored","damage_taken":0,"max_hp_gain":0,"max_hp_loss":0,"event_name":"Vampires","floor":19,"gold_loss":0},{"damage_healed":0,"gold_gain":0,"player_choice":"Obtained Book","damage_taken":21,"max_hp_gain":0,"max_hp_loss":0,"event_name":"Cursed Tome","floor":21,"gold_loss":0},{"damage_healed":0,"gold_gain":0,"player_choice":"Smashed Altar","damage_taken":0,"max_hp_gain":0,"max_hp_loss":0,"event_name":"Forgotten Altar","floor":22,"gold_loss":0,"cards_obtained":["Decay"]},{"cards_removed":["Strike_R"],"damage_healed":0,"gold_gain":0,"player_choice":"Gave Gold","damage_taken":0,"max_hp_gain":0,"max_hp_loss":0,"event_name":"Beggar","floor":29,"gold_loss":75},{"damage_healed":0,"gold_gain":0,"player_choice":"Paid Fearfully","damage_taken":0,"max_hp_gain":0,"max_hp_loss":0,"event_name":"Masked Bandits","floor":30,"gold_loss":19}],"is_beta":false,"boss_relics":[{"not_picked":["Runic Cube","Calling Bell"],"picked":"Runic Pyramid"}],"items_purged_floors":[],"is_endless":false,"potions_floor_spawned":[10,12,13,16,28],"killed_by":"Slavers","ascension_level":20}