{"gold_per_floor":[113,113,188,188,202,202,234,29,29,29,62,77,96,96,96,193,193,209,209,220,250,263,297,297,308,332,26,37,48,66,17,17,112,112,132,148,165,165,165,165,194,194,194,212,227,227,227,21,21,21],"floor_reached":50,"playtime":3468,"items_purged":["Strike_G","Strike_G"],"score":605,"play_id":"c3e3d03b-2d1f-4ec3-8d33-799fac2ac905","local_time":"20180923023616","is_ascension_mode":true,"campfire_choices":[{"data":"Blade Dance","floor":6.0,"key":"SMITH"},{"data":"Neutralize","floor":15.0,"key":"SMITH"},{"data":"Burst","floor":24,"key":"SMITH"},{"floor":32,"key":"REST"},{"data":"Adrenaline","floor":40,"key":"SMITH"},{"data":"Skewer","floor":42,"key":"SMITH"},{"floor":49,"key":"REST"}],"neow_cost":"NONE","seed_source_timestamp":0,"circlet_count":0,"master_deck":["Defend_G","Defend_G","Defend_G","Defend_G","Defend_G","Strike_G","Survivor","Neutralize+1","Blade Dance+1","Skewer+1","Slice","Discovery+1","Burst+1","Blade Dance","PiercingWail","Adrenaline+1","Caltrops","J.A.X.","Infinite Blades","Infinite Blades","Acrobatics","Heel Hook","Outmaneuver","Slice","Quick Slash","PiercingWail+1","Heel Hook+1","Outmaneuver+1","Panache","Backflip"],"special_seed":0,"relics":["Ring of the Snake","NeowsBlessing","Ornamental Fan","Boot","Snake Skull","Pear","Question Card","WristBlade","Tiny Chest","Meat on the Bone","Bag of Preparation","Chemical X","Busted Crown","Anchor","Blue Candle"],"potions_floor_usage":[23,28,28,30,33,41,50,50,50,50,50,50],"damage_taken":[{"damage":0.0,"enemies":"2 Louse","floor":1.0,"turns":1.0},{"damage":0.0,"enemies":"Jaw Worm","floor":5.0,"turns":1.0},{"damage":0.0,"enemies":"Gremlin Nob","floor":7.0,"turns":1.0},{"damage":19.0,"enemies":"Lagavulin","floor":11.0,"turns":8.0},{"damage":0.0,"enemies":"Small Slimes","floor":12.0,"turns":3.0},{"damage":0.0,"enemies":"Blue Slaver","floor":13.0,"turns":2.0},{"damage":25.0,"enemies":"Slime Boss","floor":16.0,"turns":14.0},{"damage":1,"enemies":"Shell Parasite","floor":18,"turns":5},{"damage":6,"enemies":"3 Byrds","floor":20,"turns":3},{"damage":4,"enemies":"3 Cultists","floor":22,"turns":5},{"damage":21,"enemies":"Slavers","floor":23,"turns":4},{"damage":3,"enemies":"Chosen and Byrds","floor":25,"turns":4},{"damage":6,"enemies":"Shelled Parasite and Fungi","floor":28,"turns":4},{"damage":5,"enemies":"Snake Plant","floor":29,"turns":3},{"damage":38,"enemies":"Cultist and Chosen","floor":30,"turns":5},{"damage":37,"enemies":"Champ","floor":33,"turns":8},{"damage":3,"enemies":"Orb Walker","floor":35,"turns":2},{"damage":3,"enemies":"3 Darklings","floor":36,"turns":2},{"damage":8,"enemies":"Maw","floor":37,"turns":6},{"damage":3,"enemies":"Giant Head","floor":41,"turns":5},{"damage":13,"enemies":"Spire Growth","floor":44,"turns":2},{"damage":39,"enemies":"Transient","floor":45,"turns":5},{"damage":49,"enemies":"Time Eater","floor":50,"turns":6}],"seed_played":"108474600485756912","potions_obtained":[{"floor":1.0,"key":"Fire Potion"},{"floor":11.0,"key":"Regen Potion"},{"floor":16.0,"key":"Explosive Potion"},{"floor":22,"key":"FearPotion"},{"floor":25,"key":"SkillPotion"},{"floor":28,"key":"Poison Potion"},{"floor":33,"key":"FearPotion"},{"floor":35,"key":"EssenceOfSteel"},{"floor":37,"key":"Regen Potion"},{"floor":45,"key":"FearPotion"},{"floor":46,"key":"EntropicBrew"}],"is_trial":false,"path_per_floor":["M","?","?","T","M","R","E","$","T","?","E","M","M","T","R","B",null,"M","?","M","?","M","E","R","M","T","$","M","M","M","$","R","B",null,"M","M","M","?","?","R","E","R","T","M","M","?","?","$","R"],"character_chosen":"THE_SILENT","items_purchased":["Slice","Discovery","Chemical X","Strength Potion","Panache","Backflip"],"campfire_rested":2,"item_purchase_floors":[8,8,27,31,48,48],"current_hp_per_floor":[70,63,52,52,52,52,52,52,52,52,43,43,43,43,43,33,80,79,79,73,73,69,48,48,45,45,45,51,46,20,20,44,19,80,77,74,66,66,66,66,63,63,63,50,23,23,23,23,47,0],"gold":21,"neow_bonus":"THREE_ENEMY_KILL","is_prod":false,"is_daily":false,"chose_seed":false,"campfire_upgraded":5,"win_rate":0,"timestamp":1537684576,"path_taken":["M","?","?","?","?","R","E","?","T","?","E","M","M","?","R","BOSS","M","?","?","?","M","E","R","M","T","?","M","M","M","$","R","BOSS","M","M","M","?","?","R","E","R","T","M","M","?","?","$","R","BOSS"],"build_version":"2018-09-20","purchased_purges":2,"victory":false,"max_hp_per_floor":[70,70,70,70,70,70,70,70,70,70,80,80,80,80,80,80,80,80,80,80,80,80,80,80,80,80,80,80,80,80,80,80,80,80,80,80,80,80,80,80,80,80,80,80,80,80,80,80,80,80],"card_choices":[{"not_picked":["PiercingWail","Acrobatics"],"picked":"Blade Dance","floor":1.0},{"not_picked":["Eviscerate","Underhanded Strike","Deflect"],"picked":"SKIP","floor":5.0},{"not_picked":["Prepared","Eviscerate"],"picked":"Skewer","floor":7.0},{"not_picked":["Storm of Steel","Slice"],"picked":"Burst","floor":11.0},{"not_picked":["Dagger Throw","Reflex"],"picked":"Blade Dance","floor":12.0},{"not_picked":["Flechettes","Bane"],"picked":"PiercingWail","floor":13.0},{"not_picked":["Burst","Die Die Die","Malaise"],"picked":"Adrenaline","floor":16.0},{"not_picked":["Deadly Poison+1","Quick Slash","Endless Agony"],"picked":"Caltrops","floor":18},{"not_picked":["Footwork","Prepared","Sucker Punch","Dodge and Roll+1"],"picked":"SKIP","floor":20},{"not_picked":["Noxious Fumes","Choke","Dodge and Roll"],"picked":"Infinite Blades","floor":22},{"not_picked":["Leg Sweep","Wraith Form v2","Deadly Poison"],"picked":"Infinite Blades","floor":23},{"not_picked":["Catalyst","Skewer","Poisoned Stab+1"],"picked":"Acrobatics","floor":25},{"not_picked":["Deadly Poison","Noxious Fumes+1","Choke+1"],"picked":"Heel Hook","floor":28},{"not_picked":["Finisher+1","Endless Agony","Deflect"],"picked":"Outmaneuver","floor":29},{"not_picked":["Expertise+1","Dagger Spray","Quick Slash"],"picked":"Slice","floor":30},{"not_picked":["Dodge and Roll+1"],"picked":"Quick Slash","floor":35},{"not_picked":["Bouncing Flask"],"picked":"PiercingWail+1","floor":36},{"not_picked":["Poisoned Stab","Backflip+1"],"picked":"SKIP","floor":37},{"not_picked":["PiercingWail"],"picked":"Heel Hook+1","floor":41},{"not_picked":["Storm of Steel","Outmaneuver+1"],"picked":"SKIP","floor":44},{"not_picked":["Storm of Steel"],"picked":"Outmaneuver+1","floor":44},{"not_picked":["Infinite Blades","Dodge and Roll"],"picked":"SKIP","floor":45}],"player_experience":625518,"relics_obtained":[{"floor":4.0,"key":"Ornamental Fan"},{"floor":7.0,"key":"Boot"},{"floor":9.0,"key":"Snake Skull"},{"floor":11.0,"key":"Pear"},{"floor":14.0,"key":"Question Card"},{"floor":23,"key":"Meat on the Bone"},{"floor":26,"key":"Bag of Preparation"},{"floor":41,"key":"Anchor"},{"floor":43,"key":"Blue Candle"}],"event_choices":[{"event_name":"Golden Wing","player_choice":"Card Removal","floor":2.0,"damage_taken":0.0},{"event_name":"World of Goop","player_choice":"Gather Gold","floor":3.0,"damage_taken":0.0},{"event_name":"Accursed Blacksmith","player_choice":"Forge","floor":10.0,"damage_taken":0.0},{"event_name":"Drug Dealer","player_choice":"Got JAX","floor":19,"damage_taken":0},{"event_name":"The Mausoleum","player_choice":"Yes","floor":21,"damage_taken":0},{"event_name":"Tomb of Lord Red Mask","player_choice":"Ignored","floor":38,"damage_taken":0},{"event_name":"Purifier","player_choice":"One Purge","floor":39,"damage_taken":0},{"event_name":"The Lab","player_choice":"Got Potions","floor":46,"damage_taken":0},{"event_name":"FaceTrader","player_choice":"Leave","floor":47,"damage_taken":0}],"is_beta":false,"boss_relics":[{"not_picked":["Cursed Key","Runic Dome"],"picked":"WristBlade"},{"not_picked":["Snecko Eye","Velvet Choker"],"picked":"Busted Crown"}],"items_purged_floors":[8,27],"is_endless":false,"potions_floor_spawned":[1,11,16,22,25,28,33,35,37,45],"killed_by":"Time Eater","ascension_level":1}