{"path_per_floor":["M","M","M","$","?","E","R","$","T","R","E","?","R","M","R"],"character_chosen":"DEFECT","items_purchased":["Steam Power","Streamline"],"gold_per_floor":[119,135,148,16,16,47,47,47,47,47,72,72,372,392,392,392],"floor_reached":16,"campfire_rested":0,"playtime":339,"item_purchase_floors":[4,4],"current_hp_per_floor":[69,69,68,68,68,46,46,46,46,46,44,44,44,42,42,0],"items_purged":[],"gold":392,"score":108,"play_id":"edb55a14-41e9-4e0f-a192-640b7c2bc9ba","local_time":"20180621034637","is_prod":false,"is_daily":false,"chose_seed":false,"is_ascension_mode":false,"campfire_upgraded":2,"win_rate":0,"timestamp":1529509597,"campfire_choices":[{"data":"Genetic Algorithm","floor":7,"key":"SMITH"},{"data":"Zap","floor":10,"key":"SMITH"},{"floor":13,"key":"DIG"},{"floor":15,"key":"DIG"}],"path_taken":["M","M","M","$","?","E","R","?","T","R","E","?","R","M","R","BOSS"],"build_version":"2018-06-19v2","seed_source_timestamp":38408979695819,"purchased_purges":0,"circlet_count":0,"victory":false,"master_deck":["Strike_B","Strike_B","Strike_B","Defend_B","Defend_B","Zap+1","Dualcast","Decay","Genetic Algorithm+1","Auto Shields","Steam","Glacier","Sweeping Beam","Steam Power","Streamline","Self Repair","Gash","Leap","Regret","Sweeping Beam"],"max_hp_per_floor":[75,75,75,75,75,75,75,75,75,75,75,75,75,75,75,75],"relics":["Cracked Core","Bottled Lightning","Letter Opener","Shovel","Vajra","Old Coin","Ancient Tea Set"],"card_choices":[{"not_picked":["Compile Driver","Sunder"],"picked":"Steam","floor":1},{"not_picked":["Leap","Double Energy"],"picked":"Glacier","floor":2},{"not_picked":["Double Energy","Undo"],"picked":"Sweeping Beam","floor":3},{"not_picked":["Beam Cell","Ball Lightning"],"picked":"Gash","floor":6},{"not_picked":["Self Repair","Rainbow"],"picked":"Leap","floor":11},{"not_picked":["Static Discharge","Hello World"],"picked":"Sweeping Beam","floor":14}],"player_experience":310902,"potions_floor_usage":[6,6,11],"damage_taken":[{"damage":6,"enemies":"2 Louse","floor":1,"turns":3},{"damage":0,"enemies":"Cultist","floor":2,"turns":4},{"damage":1,"enemies":"Small Slimes","floor":3,"turns":3},{"damage":32,"enemies":"Gremlin Nob","floor":6,"turns":6},{"damage":9,"enemies":"Lagavulin","floor":11,"turns":5},{"damage":9,"enemies":"Exordium Thugs","floor":14,"turns":3},{"damage":42,"enemies":"Hexaghost","floor":16,"turns":9}],"relics_obtained":[{"floor":6,"key":"Bottled Lightning"},{"floor":9,"key":"Letter Opener"},{"floor":11,"key":"Shovel"},{"floor":13,"key":"Old Coin"},{"floor":15,"key":"Ancient Tea Set"}],"event_choices":[{"event_name":"Transmorgrifier","player_choice":"Transform","floor":5,"damage_taken":0},{"event_name":"Big Fish","player_choice":"Box","floor":12,"damage_taken":0}],"boss_relics":[],"items_purged_floors":[],"is_endless":true,"potions_floor_spawned":[1,3,6],"seed_played":"3590808640639782244","killed_by":"Hexaghost","ascension_level":0,"potions_obtained":[{"floor":1,"key":"FocusPotion"},{"floor":3,"key":"Regen Potion"},{"floor":6,"key":"FearPotion"}],"is_trial":false}