{"gold_per_floor":[116,116,134,152,152,179,179,213,213,14,48,13,24,39,39,138,138,158,169,84,96,111,136,156,156,156,15,32,64,64,89,89,190,190,200,215,228,228,32,63,75,75,129,129,156,27,27,57,57,57,57,57,23,58,58],"floor_reached":55,"playtime":2782,"items_purged":["Strike_G","Regret","Strike_G"],"score":1511,"play_id":"570bc22c-ba93-4f8f-9aad-2e224e1ec338","local_time":"20181125175331","is_ascension_mode":true,"campfire_choices":[{"data":"Backflip","floor":7,"key":"SMITH"},{"floor":15,"key":"REST"},{"data":"Malaise","floor":30,"key":"SMITH"},{"data":"Terror","floor":32,"key":"SMITH"},{"floor":42,"key":"REST"},{"floor":49,"key":"RECALL"},{"data":"Blade Dance","floor":52,"key":"SMITH"}],"neow_cost":"NONE","seed_source_timestamp":3177038277150,"circlet_count":0,"master_deck":["Defend_G","Defend_G","Defend_G","Defend_G","Strike_G+1","Strike_G","Neutralize","Blade Dance+1","Neutralize","Dagger Throw","Backflip+1","Dodge and Roll","After Image+1","Caltrops+1","Backflip","Expertise","Footwork+1","Dagger Spray","Terror+1","After Image+1","Dagger Spray","Dagger Throw+1","Quick Slash+1","Dagger Throw","Corpse Explosion","Blade Dance+1","Blade Dance","Caltrops+1","Backstab","Footwork+1","Slice","Noxious Fumes+1","Escape Plan","Malaise+1","Envenom+1","Dagger Throw+1","Noxious Fumes+1","Accuracy+1","Footwork+1","Deflect","Parasite","Madness","Madness","Acrobatics","Well Laid Plans+1","Deflect","Footwork+1"],"relics":["Ring of the Snake","NeowsBlessing","Potion Belt","Frozen Egg 2","Prayer Wheel","Ice Cream","Cursed Key","Unceasing Top","Happy Flower","Thread and Needle","Darkstone Periapt","Bag of Preparation","Busted Crown","Incense Burner","Whetstone","Gremlin Horn","Pantograph","Calipers"],"potions_floor_usage":[6,6,16,23,23,29,31,31,31,40,50,50,50],"damage_taken":[{"damage":0,"enemies":"Cultist","floor":1,"turns":1},{"damage":0,"enemies":"Jaw Worm","floor":3,"turns":1},{"damage":0,"enemies":"2 Louse","floor":4,"turns":1},{"damage":2,"enemies":"Gremlin Nob","floor":6,"turns":4},{"damage":22,"enemies":"3 Sentries","floor":8,"turns":12},{"damage":12,"enemies":"Lagavulin","floor":11,"turns":9},{"damage":8,"enemies":"Large Slime","floor":13,"turns":7},{"damage":2,"enemies":"Exordium Thugs","floor":14,"turns":6},{"damage":16,"enemies":"Slime Boss","floor":16,"turns":11},{"damage":1,"enemies":"Shell Parasite","floor":18,"turns":6},{"damage":0,"enemies":"Chosen","floor":19,"turns":5},{"damage":4,"enemies":"Centurion and Healer","floor":21,"turns":8},{"damage":13,"enemies":"3 Cultists","floor":22,"turns":5},{"damage":3,"enemies":"Slavers","floor":23,"turns":4},{"damage":5,"enemies":"Snake Plant","floor":24,"turns":5},{"damage":0,"enemies":"Snecko","floor":28,"turns":5},{"damage":0,"enemies":"Book of Stabbing","floor":29,"turns":5},{"damage":20,"enemies":"Slavers","floor":31,"turns":3},{"damage":6,"enemies":"Automaton","floor":33,"turns":12},{"damage":5,"enemies":"3 Shapes","floor":35,"turns":6},{"damage":2,"enemies":"3 Darklings","floor":36,"turns":3},{"damage":6,"enemies":"4 Shapes","floor":37,"turns":4},{"damage":0,"enemies":"Nemesis","floor":40,"turns":7},{"damage":16,"enemies":"Jaw Worm Horde","floor":41,"turns":4},{"damage":0,"enemies":"Giant Head","floor":45,"turns":7},{"damage":0,"enemies":"Nemesis","floor":48,"turns":7},{"damage":0,"enemies":"Time Eater","floor":50,"turns":10},{"damage":48,"enemies":"Shield and Spear","floor":54,"turns":7},{"damage":53,"enemies":"The Heart","floor":55,"turns":3}],"seed_played":"-8647464028603292343","potions_obtained":[{"floor":3,"key":"GhostInAJar"},{"floor":4,"key":"Fire Potion"},{"floor":13,"key":"Fire Potion"},{"floor":14,"key":"GhostInAJar"},{"floor":16,"key":"SneckoOil"},{"floor":18,"key":"PowerPotion"},{"floor":23,"key":"Swift Potion"},{"floor":24,"key":"AttackPotion"},{"floor":28,"key":"Regen Potion"},{"floor":33,"key":"FearPotion"},{"floor":36,"key":"GamblersBrew"},{"floor":40,"key":"Strength Potion"},{"floor":48,"key":"AttackPotion"},{"floor":54,"key":"Explosive Potion"}],"is_trial":false,"path_per_floor":["M","?","M","M","?","E","R","E","T","$","E","?","M","M","R","B",null,"M","M","?","M","M","E","M","?","T","$","M","E","R","E","R","B",null,"M","M","M","?","$","E","M","R","T","?","E","$","?","E","R","B",null,"R","$","E","B"],"character_chosen":"THE_SILENT","items_purchased":["Caltrops+1","Backflip","Noxious Fumes+1","Accuracy+1","Well Laid Plans+1","Deflect","Footwork+1"],"campfire_rested":2,"item_purchase_floors":[10,10,27,39,46,46,53],"current_hp_per_floor":[63,63,63,63,51,49,49,27,27,27,15,32,24,22,43,27,59,58,58,58,54,41,38,33,33,33,33,33,48,48,28,28,22,58,53,51,45,45,45,45,29,50,56,46,46,46,46,46,46,71,75,75,75,27,0],"gold":58,"neow_bonus":"THREE_ENEMY_KILL","is_prod":false,"is_daily":false,"chose_seed":false,"campfire_upgraded":4,"win_rate":0,"timestamp":1543121611,"path_taken":["M","?","?","M","?","E","R","E","T","$","E","?","M","M","R","BOSS","M","M","?","M","M","E","M","?","T","$","?","E","R","E","R","BOSS","M","M","M","?","$","E","?","R","T","?","E","$","?","E","R","BOSS","R","$","E","BOSS"],"build_version":"2018-11-15","purchased_purges":3,"victory":false,"max_hp_per_floor":[70,70,70,70,70,70,70,70,70,70,70,70,70,70,70,70,70,70,70,70,70,70,70,70,70,70,70,70,70,70,70,70,70,70,70,70,70,70,70,70,70,70,76,76,76,76,76,76,76,76,76,76,76,76,76],"card_choices":[{"not_picked":["Sucker Punch","Escape Plan"],"picked":"Blade Dance","floor":1},{"not_picked":["Underhanded Strike","Blur"],"picked":"Dagger Throw","floor":3},{"not_picked":["Cloak And Dagger","Finisher"],"picked":"Backflip","floor":4},{"not_picked":["PiercingWail","Bane"],"picked":"Dodge and Roll","floor":6},{"not_picked":["Cloak And Dagger","Deflect"],"picked":"After Image+1","floor":8},{"not_picked":["Dagger Throw","Slice"],"picked":"Expertise","floor":11},{"not_picked":["Expertise","Acrobatics"],"picked":"Footwork+1","floor":13},{"not_picked":["Deadly Poison","Flying Knee"],"picked":"Dagger Spray","floor":13},{"not_picked":["Slice","Blade Dance"],"picked":"Terror","floor":14},{"not_picked":["Finisher","Setup","Crippling Poison"],"picked":"SKIP","floor":14},{"not_picked":["Storm of Steel","Adrenaline"],"picked":"After Image+1","floor":16},{"not_picked":["Dodge and Roll+1","Leg Sweep"],"picked":"Dagger Spray","floor":18},{"not_picked":["Acrobatics","Expertise+1"],"picked":"Dagger Throw+1","floor":18},{"not_picked":["Flying Knee","Backflip"],"picked":"Quick Slash","floor":19},{"not_picked":["Backflip","Heel Hook"],"picked":"Dagger Throw","floor":19},{"not_picked":["Deadly Poison","Dagger Spray+1"],"picked":"Corpse Explosion","floor":21},{"not_picked":["Skewer","Outmaneuver"],"picked":"Blade Dance+1","floor":21},{"not_picked":["Dagger Throw+1","PiercingWail"],"picked":"Blade Dance","floor":22},{"not_picked":["Crippling Poison","Dodge and Roll","Expertise"],"picked":"SKIP","floor":22},{"not_picked":["Calculated Gamble","Backflip+1"],"picked":"Caltrops+1","floor":23},{"not_picked":["Concentrate","Tactician"],"picked":"Backstab","floor":24},{"not_picked":["Dagger Throw","Tactician"],"picked":"Footwork+1","floor":24},{"not_picked":["Wraith Form v2+1","Cloak And Dagger"],"picked":"Escape Plan","floor":28},{"not_picked":["Underhanded Strike","Riddle With Holes+1","Slice"],"picked":"SKIP","floor":28},{"not_picked":["Predator","Cloak And Dagger"],"picked":"Malaise","floor":29},{"not_picked":["Deadly Poison","Choke","Terror+1"],"picked":"SKIP","floor":31},{"not_picked":["A Thousand Cuts+1","Malaise"],"picked":"Envenom+1","floor":33},{"not_picked":[],"picked":"Dagger Throw+1","floor":35},{"not_picked":["Underhanded Strike"],"picked":"SKIP","floor":35},{"not_picked":["All Out Attack"],"picked":"SKIP","floor":36},{"not_picked":["Riddle With Holes"],"picked":"SKIP","floor":36},{"not_picked":["Dagger Spray+1"],"picked":"SKIP","floor":37},{"not_picked":["Infinite Blades+1"],"picked":"SKIP","floor":37},{"not_picked":[],"picked":"Footwork+1","floor":40},{"not_picked":[],"picked":"Deflect","floor":41},{"not_picked":["Predator"],"picked":"SKIP","floor":41},{"not_picked":[],"picked":"Acrobatics","floor":45},{"not_picked":["Flying Knee+1"],"picked":"SKIP","floor":48},{"not_picked":["Deadly Poison"],"picked":"SKIP","floor":54}],"player_experience":383817,"relics_obtained":[{"floor":6,"key":"Frozen Egg 2"},{"floor":8,"key":"Prayer Wheel"},{"floor":11,"key":"Ice Cream"},{"floor":23,"key":"Happy Flower"},{"floor":26,"key":"Thread and Needle"},{"floor":29,"key":"Darkstone Periapt"},{"floor":31,"key":"Bag of Preparation"},{"floor":40,"key":"Incense Burner"},{"floor":43,"key":"Whetstone"},{"floor":45,"key":"Gremlin Horn"},{"floor":48,"key":"Pantograph"},{"floor":54,"key":"Calipers"}],"event_choices":[{"damage_healed":0,"gold_gain":0,"player_choice":"1 cards matched","damage_taken":0,"max_hp_gain":0,"max_hp_loss":0,"event_name":"Match and Keep!","floor":2,"gold_loss":0,"cards_obtained":["Neutralize"]},{"damage_healed":0,"gold_gain":0,"player_choice":"Success","damage_taken":12,"relics_obtained":["Potion Belt"],"max_hp_gain":0,"max_hp_loss":0,"event_name":"Scrap Ooze","floor":5,"gold_loss":0},{"damage_healed":17,"gold_gain":0,"player_choice":"Healed","damage_taken":0,"max_hp_gain":0,"max_hp_loss":0,"event_name":"The Cleric","floor":12,"gold_loss":35},{"damage_healed":0,"gold_gain":0,"player_choice":"Obtained Relic","damage_taken":0,"relics_obtained":["Unceasing Top"],"max_hp_gain":0,"max_hp_loss":0,"event_name":"Addict","floor":20,"gold_loss":85},{"damage_healed":0,"gold_gain":0,"cards_transformed":["Defend_G"],"player_choice":"Transformed","damage_taken":0,"max_hp_gain":0,"max_hp_loss":0,"event_name":"Transmorgrifier","floor":25,"gold_loss":0,"cards_obtained":["Slice"]},{"damage_healed":0,"gold_gain":0,"cards_transformed":["Strike_G"],"player_choice":"Transformed","damage_taken":0,"max_hp_gain":0,"max_hp_loss":0,"event_name":"Transmorgrifier","floor":38,"gold_loss":0,"cards_obtained":["Noxious Fumes"]},{"damage_healed":0,"gold_gain":0,"player_choice":"Embrace Madness","damage_taken":10,"max_hp_gain":0,"max_hp_loss":0,"event_name":"Winding Halls","floor":44,"gold_loss":0,"cards_obtained":["Madness","Madness"]},{"cards_removed":["Survivor"],"damage_healed":0,"gold_gain":0,"player_choice":"Removed Skill","damage_taken":0,"max_hp_gain":0,"max_hp_loss":0,"event_name":"Falling","floor":47,"gold_loss":0}],"is_beta":false,"boss_relics":[{"not_picked":["Coffee Dripper","Runic Dome"],"picked":"Cursed Key"},{"not_picked":["Runic Pyramid","Empty Cage"],"picked":"Busted Crown"}],"items_purged_floors":[10,27,39],"is_endless":false,"potions_floor_spawned":[3,4,13,14,16,18,23,24,28,33,36,40,48,54],"killed_by":"The Heart","ascension_level":9}