{"path_per_floor":["M","?","?","?","?","R","E","M","T","M","M","$","M","?","R"],"character_chosen":"IRONCLAD","items_purchased":["Infernal Blade"],"gold_per_floor":[117,117,77,77,77,77,117,132,156,174,193,51,75,75,75,75],"floor_reached":16,"campfire_rested":0,"playtime":933,"item_purchase_floors":[12],"current_hp_per_floor":[72,72,72,72,72,72,46,56,56,54,54,54,54,47,47,0],"items_purged":["Defend_R"],"gold":75,"score":99,"play_id":"9c63a2bc-f52f-460b-b3a9-7ba9157f46b3","local_time":"20180612141029","is_prod":false,"is_daily":false,"chose_seed":false,"is_ascension_mode":false,"campfire_upgraded":2,"win_rate":0.0,"timestamp":1528827029,"campfire_choices":[{"data":"Uppercut","floor":6.0,"key":"SMITH"},{"data":"Infernal Blade","floor":15,"key":"SMITH"}],"path_taken":["M","?","?","?","?","R","E","M","T","M","M","$","?","?","R","BOSS"],"build_version":"2018-06-07v3","seed_source_timestamp":0,"purchased_purges":1,"victory":false,"master_deck":["Strike_R+1","Strike_R","Defend_R","Defend_R","Bash+1","Infernal Blade+1","Infernal Blade","Uppercut+1","Bludgeon","Fire Breathing","Warcry","Infernal Blade","Headbutt"],"max_hp_per_floor":[72,72,72,72,72,72,72,72,72,75,75,75,75,75,75,80],"relics":["Burning Blood","Golden Idol","Spirit Poop","Boot","Whetstone"],"card_choices":[{"not_picked":["Perfected Strike","Heavy Blade","Metallicize"],"picked":"SKIP","floor":1.0},{"not_picked":["Second Wind","Uppercut"],"picked":"Bludgeon","floor":7},{"not_picked":["Clothesline","Cleave"],"picked":"Fire Breathing","floor":8},{"not_picked":["Battle Trance","Clothesline","Wild Strike"],"picked":"SKIP","floor":10},{"not_picked":["Shockwave","Wild Strike"],"picked":"Warcry","floor":11},{"not_picked":["Flame Barrier","Carnage"],"picked":"Headbutt","floor":13}],"player_experience":25441,"potions_floor_usage":[11,11,16,16],"damage_taken":[{"damage":0.0,"enemies":"2 Louse","floor":1.0,"turns":2.0},{"damage":32.0,"enemies":"3 Sentries","floor":7.0,"turns":6.0},{"damage":0,"enemies":"Cultist","floor":8,"turns":2},{"damage":11,"enemies":"Jaw Worm","floor":10,"turns":4},{"damage":6,"enemies":"Exordium Thugs","floor":11,"turns":3},{"damage":6,"enemies":"Exordium Wildlife","floor":13,"turns":3},{"damage":54,"enemies":"The Guardian","floor":16,"turns":7}],"relics_obtained":[{"floor":7,"key":"Boot"},{"floor":9,"key":"Whetstone"}],"event_choices":[{"event_name":"Transmorgrifier","player_choice":"Transform","floor":2.0,"damage_taken":0.0},{"event_name":"The Woman in Blue","player_choice":"Bought 3 Potions","floor":3.0,"damage_taken":0.0},{"event_name":"Golden Idol","player_choice":"Take Wound","floor":4.0,"damage_taken":0.0},{"event_name":"Bonfire Elementals","player_choice":"CURSE","floor":5.0,"damage_taken":0.0},{"event_name":"Golden Wing","player_choice":"Card Removal","floor":14,"damage_taken":0}],"boss_relics":[],"items_purged_floors":[12],"potions_floor_spawned":[7,8,13],"seed_played":"-1740110904049713249","killed_by":"The Guardian","ascension_level":0,"potions_obtained":[{"floor":3.0,"key":"SteroidPotion"},{"floor":3.0,"key":"SteroidPotion"},{"floor":3.0,"key":"Energy Potion"},{"floor":7,"key":"Energy Potion"},{"floor":8,"key":"Energy Potion"},{"floor":13,"key":"Fruit Juice"}],"is_trial":false}