{"gold_per_floor":[114,114,45,60,60,98,117,155,155,193,64,102,2,21,21,146,146,165,13,32,51,51,89,89,127,177,177,215,215,253,272,272,397,397,416,37,56,75,94,132,132,170,170,208,19,352,382,382,382,382],"floor_reached":51,"playtime":2897,"items_purged":[],"score":1469,"play_id":"acf4e7c7-98fb-41fc-a248-e9a7f07f31a0","local_time":"20180707065539","daily_mods":["Insanity","Cursed Run","Elite Swarm"],"is_ascension_mode":false,"campfire_choices":[{"data":"Seek","floor":15,"key":"SMITH"},{"floor":29,"key":"REST"},{"floor":32,"key":"REST"},{"floor":49,"key":"REST"}],"neow_cost":"","seed_source_timestamp":0,"circlet_count":0,"master_deck":["Thunder Strike","Double Energy","Dualcast","Creative AI","Multi-Cast","Redo","Stack","Scrape","Loop","Consume","Conserve Battery","Hologram","Auto Shields","Creative AI","Heatsinks","Gash","Machine Learning","Amplify","Rebound","Compile Driver","Beam Cell","Reboot","Echo Form","Biased Cognition","Sweeping Beam","Aggregate","Doom and Gloom","Lockon","FTL","Beam Cell","Defragment","Storm","Chaos","Seek+1","Gash","Meteor Strike","Recycle","Go for the Eyes","Leap","Hologram","Multi-Cast","Auto Shields","Double Energy","White Noise","Aggregate","Double Energy","Stack","Machine Learning","Sweeping Beam","Gash","Rebound","Gash","FTL","Thunder Strike","Regret","All For One","Gash","White Noise","Reboot","Gash","Coolheaded","Reinforced Body","Writhe","Amplify","Tempest","FTL","Loop","Steam+1","Gash","Buffer","All For One","Doubt","Buffer","Loop","Echo Form","Heatsinks+1","Reprogram+1","Regret","Core Surge","Compile Driver+1","BootSequence","Gash","Thinking Ahead","Capacitor","Beam Cell+1","Hologram+1","Amplify","Mind Blast","Trip","Madness","Biased Cognition","Parasite","Buffer","Mind Blast","Hello World","Coolheaded","Electrodynamics","Steam Power","Steam Power","Decay"],"special_seed":17718,"relics":["Cursed Key","Darkstone Periapt","Du-Vu Doll","GremlinMask","Bottled Tornado","Bag of Preparation","Smiling Mask","Lantern","Bottled Flame","Runic Dome","Unceasing Top","Happy Flower","Matryoshka","Dream Catcher","Oddly Smooth Stone","Enchiridion","Torii","Mercury Hourglass","Fusion Hammer","Mango","Mummified Hand","Bag of Marbles","Gremlin Horn","Boot","Dodecahedron"],"potions_floor_usage":[8,16,16,23,33,50,50],"damage_taken":[{"damage":12,"enemies":"Cultist","floor":1,"turns":4},{"damage":19,"enemies":"Small Slimes","floor":4,"turns":5},{"damage":1,"enemies":"Gremlin Nob","floor":6,"turns":3},{"damage":7,"enemies":"Jaw Worm","floor":7,"turns":4},{"damage":0,"enemies":"3 Sentries","floor":8,"turns":4},{"damage":2,"enemies":"Gremlin Nob","floor":10,"turns":3},{"damage":13,"enemies":"3 Sentries","floor":12,"turns":4},{"damage":6,"enemies":"Exordium Wildlife","floor":14,"turns":2},{"damage":1,"enemies":"Slime Boss","floor":16,"turns":6},{"damage":4,"enemies":"Spheric Guardian","floor":18,"turns":3},{"damage":3,"enemies":"Shell Parasite","floor":20,"turns":3},{"damage":0,"enemies":"Sentry and Sphere","floor":21,"turns":2},{"damage":15,"enemies":"Slavers","floor":23,"turns":5},{"damage":35,"enemies":"Gremlin Leader","floor":25,"turns":4},{"damage":19,"enemies":"Book of Stabbing","floor":28,"turns":4},{"damage":12,"enemies":"Gremlin Leader","floor":30,"turns":4},{"damage":6,"enemies":"Centurion and Healer","floor":31,"turns":5},{"damage":3,"enemies":"Collector","floor":33,"turns":5},{"damage":10,"enemies":"Orb Walker","floor":35,"turns":2},{"damage":10,"enemies":"3 Darklings","floor":37,"turns":3},{"damage":13,"enemies":"Maw","floor":38,"turns":5},{"damage":0,"enemies":"4 Shapes","floor":39,"turns":5},{"damage":8,"enemies":"Nemesis","floor":40,"turns":3},{"damage":0,"enemies":"Giant Head","floor":42,"turns":2},{"damage":0,"enemies":"2 Orb Walkers","floor":44,"turns":1},{"damage":4,"enemies":"Giant Head","floor":47,"turns":4},{"damage":0,"enemies":"Awakened One","floor":50,"turns":3}],"seed_played":"-7177677508004505436","potions_obtained":[{"floor":6,"key":"Block Potion"},{"floor":12,"key":"Fruit Juice"},{"floor":14,"key":"Dexterity Potion"},{"floor":16,"key":"Ancient Potion"},{"floor":18,"key":"EssenceOfSteel"},{"floor":30,"key":"Poison Potion"},{"floor":31,"key":"FairyPotion"},{"floor":33,"key":"Energy Potion"},{"floor":38,"key":"Block Potion"},{"floor":42,"key":"EssenceOfSteel"}],"is_trial":false,"path_per_floor":["M","?","$","M","?","E","M","E","T","E","$","E","$","M","R","B",null,"M","$","M","M","?","E","?","E","T","?","E","R","E","M","R","B",null,"M","$","M","M","M","E","?","E","T","E","$","?","E","?","R","B"],"character_chosen":"DEFECT","items_purchased":["Gash","Rebound","Gash","White Noise","Gash","Coolheaded","FTL","Loop","BootSequence","Gash","Thinking Ahead","Capacitor","Mind Blast","Hello World","Coolheaded"],"campfire_rested":3,"item_purchase_floors":[3,3,11,11,13,13,19,19,36,36,36,36,45,45,45],"current_hp_per_floor":[63,63,63,44,44,43,43,43,49,47,47,34,34,28,28,38,86,82,82,79,79,79,78,78,43,49,33,14,41,29,23,50,60,98,88,88,78,65,79,85,75,75,81,81,81,81,77,77,112,118],"gold":382,"neow_bonus":"","is_prod":false,"is_daily":true,"chose_seed":false,"campfire_upgraded":1,"win_rate":0,"timestamp":1530903339,"path_taken":["M","?","?","M","?","E","M","E","T","E","$","E","?","?","R","BOSS","M","$","M","M","?","E","?","E","T","?","E","R","E","M","R","BOSS","M","$","M","M","M","E","?","E","T","E","?","?","E","?","R","BOSS"],"build_version":"2018-07-05","purchased_purges":0,"victory":true,"max_hp_per_floor":[75,75,75,75,69,69,69,69,75,75,75,75,75,75,75,86,86,86,86,86,86,86,86,86,86,92,92,92,92,92,92,92,98,98,98,98,98,98,98,112,112,112,118,118,118,118,118,118,118,124],"card_choices":[{"not_picked":["Ball Lightning","Streamline"],"picked":"Sweeping Beam","floor":1},{"not_picked":["Leap","Defragment"],"picked":"Gash","floor":4},{"not_picked":["Thunder Strike","Meteor Strike","Fission"],"picked":"SKIP","floor":6},{"not_picked":["Sweeping Beam","Turbo"],"picked":"FTL","floor":7},{"not_picked":["Fission","Meteor Strike"],"picked":"Thunder Strike","floor":8},{"not_picked":["Machine Learning","Thunder Strike"],"picked":"All For One","floor":10},{"not_picked":["Rainbow","Thunder Strike"],"picked":"Reboot","floor":12},{"not_picked":["Steam","Leap"],"picked":"Reinforced Body","floor":14},{"not_picked":["Fission","Hyperbeam"],"picked":"Amplify","floor":16},{"not_picked":["FTL","Turbo"],"picked":"Tempest","floor":18},{"not_picked":["Lockon","Chaos"],"picked":"Steam+1","floor":20},{"not_picked":["Reinforced Body","Compile Driver"],"picked":"Gash","floor":21},{"not_picked":["Hyperbeam","Multi-Cast"],"picked":"Buffer","floor":23},{"not_picked":["Meteor Strike","Creative AI"],"picked":"All For One","floor":25},{"not_picked":["Hyperbeam","Rainbow"],"picked":"Buffer","floor":28},{"not_picked":["Chaos","Rip and Tear"],"picked":"Loop","floor":29},{"not_picked":["Machine Learning","Core Surge"],"picked":"Echo Form","floor":30},{"not_picked":["White Noise","Go for the Eyes"],"picked":"Heatsinks+1","floor":31},{"not_picked":["Conserve Battery+1","Fusion"],"picked":"Reprogram+1","floor":32},{"not_picked":["Creative AI","Rainbow"],"picked":"Core Surge","floor":33},{"not_picked":["Go for the Eyes+1","Steam"],"picked":"Compile Driver+1","floor":35},{"not_picked":["Scrape","Blizzard"],"picked":"Beam Cell+1","floor":37},{"not_picked":["Streamline","Barrage+1","Turbo"],"picked":"SKIP","floor":38},{"not_picked":["Steam","Doom and Gloom"],"picked":"Hologram+1","floor":39},{"not_picked":["Core Surge","Creative AI"],"picked":"Amplify","floor":40},{"not_picked":["Good Instincts","Swift Strike"],"picked":"Mind Blast","floor":41},{"not_picked":["Enlightenment","Magnetism"],"picked":"Trip","floor":41},{"not_picked":["Finesse","Blind"],"picked":"Madness","floor":41},{"not_picked":["Machine Learning","Reboot"],"picked":"Biased Cognition","floor":42},{"not_picked":["Creative AI","Thunder Strike"],"picked":"Buffer","floor":44},{"not_picked":["Meteor Strike","Hyperbeam"],"picked":"Electrodynamics","floor":47},{"not_picked":["Leap+1","Cold Snap"],"picked":"Steam Power","floor":49}],"player_experience":277772,"relics_obtained":[{"floor":6,"key":"Bottled Tornado"},{"floor":8,"key":"Bag of Preparation"},{"floor":9,"key":"Smiling Mask"},{"floor":10,"key":"Lantern"},{"floor":12,"key":"Bottled Flame"},{"floor":23,"key":"Happy Flower"},{"floor":25,"key":"Matryoshka"},{"floor":26,"key":"Dream Catcher"},{"floor":26,"key":"Oddly Smooth Stone"},{"floor":27,"key":"Enchiridion"},{"floor":28,"key":"Torii"},{"floor":30,"key":"Mercury Hourglass"},{"floor":40,"key":"Mango"},{"floor":42,"key":"Mummified Hand"},{"floor":43,"key":"Bag of Marbles"},{"floor":43,"key":"Gremlin Horn"},{"floor":44,"key":"Boot"},{"floor":47,"key":"Dodecahedron"}],"event_choices":[{"event_name":"FaceTrader","player_choice":"Trade","floor":2,"damage_taken":0},{"event_name":"Golden Idol","player_choice":"Lose Max HP","floor":5,"damage_taken":0},{"event_name":"The Mausoleum","player_choice":"Yes","floor":22,"damage_taken":0},{"event_name":"Back to Basics","player_choice":"Elegance","floor":24,"damage_taken":0},{"event_name":"Cursed Tome","player_choice":"Obtained Book","floor":27,"damage_taken":0},{"event_name":"SensoryStone","player_choice":"Memory 3","floor":41,"damage_taken":0},{"event_name":"The Moai Head","player_choice":"Gave Idol","floor":46,"damage_taken":0},{"event_name":"Transmorgrifier","player_choice":"Transform","floor":48,"damage_taken":0}],"boss_relics":[{"not_picked":["Pandora\u0027s Box","Empty Cage"],"picked":"Runic Dome"},{"not_picked":["Philosopher\u0027s Stone","Nuclear Battery"],"picked":"Fusion Hammer"}],"items_purged_floors":[],"is_endless":false,"potions_floor_spawned":[6,12,14,16,18,30,31,33,38,40,42],"ascension_level":0}