{"gold_per_floor":[110,128,140,140,157,157,192,192,192,49,62,81,81,106,106,106],"floor_reached":16,"playtime":840,"items_purged":[],"score":118,"play_id":"b5807757-116f-47ba-91bf-0459483385ff","local_time":"20180922224750","is_ascension_mode":true,"campfire_choices":[{"data":"Underhanded Strike","floor":6,"key":"SMITH"},{"data":"Distraction","floor":8,"key":"SMITH"},{"floor":15,"key":"REST"}],"neow_cost":"","seed_source_timestamp":0,"circlet_count":0,"master_deck":["Defend_G","Defend_G","Defend_G","Defend_G","Defend_G","Strike_G","Strike_G","Strike_G","Strike_G","Strike_G","Survivor","Neutralize","Underhanded Strike+1","Terror","PiercingWail","Acrobatics","Distraction+1","Outmaneuver","Dodge and Roll"],"special_seed":0,"relics":["Ring of the Snake","Dodecahedron","Shuriken","Frozen Egg 2","Lantern","Omamori"],"potions_floor_usage":[7,16],"damage_taken":[{"damage":2,"enemies":"2 Louse","floor":1,"turns":3},{"damage":2,"enemies":"Jaw Worm","floor":2,"turns":6},{"damage":0,"enemies":"Small Slimes","floor":3,"turns":3},{"damage":1,"enemies":"3 Louse","floor":5,"turns":3},{"damage":14,"enemies":"3 Sentries","floor":7,"turns":8},{"damage":0,"enemies":"Looter","floor":11,"turns":3},{"damage":2,"enemies":"Exordium Thugs","floor":12,"turns":4},{"damage":20,"enemies":"Lagavulin","floor":14,"turns":6},{"damage":35,"enemies":"Slime Boss","floor":16,"turns":11}],"seed_played":"3297914839466286201","potions_obtained":[{"floor":2,"key":"LiquidBronze"},{"floor":3,"key":"PowerPotion"},{"floor":12,"key":"GamblersBrew"}],"is_trial":false,"path_per_floor":["M","M","M","?","M","R","E","R","T","$","M","M","?","E","R"],"character_chosen":"THE_SILENT","items_purchased":["Lantern"],"campfire_rested":1,"item_purchase_floors":[10],"current_hp_per_floor":[68,66,66,59,58,58,44,44,44,44,44,42,42,22,43,8],"gold":106,"neow_bonus":"","is_prod":false,"is_daily":false,"chose_seed":false,"campfire_upgraded":2,"win_rate":0,"timestamp":1537670870,"path_taken":["M","M","M","?","M","R","E","R","T","?","M","M","?","E","R","BOSS"],"build_version":"2018-09-20","purchased_purges":0,"victory":false,"max_hp_per_floor":[70,70,70,70,70,70,70,70,70,70,70,70,70,70,70,70],"card_choices":[{"not_picked":["Cloak And Dagger","Dodge and Roll"],"picked":"Underhanded Strike","floor":1},{"not_picked":["Flying Knee","Expertise"],"picked":"Terror","floor":2},{"not_picked":["Dagger Spray","Finisher"],"picked":"PiercingWail","floor":3},{"not_picked":["Flying Knee","Sucker Punch"],"picked":"Acrobatics","floor":5},{"not_picked":["Underhanded Strike","After Image"],"picked":"Distraction","floor":7},{"not_picked":["Footwork+1","Poisoned Stab"],"picked":"Outmaneuver","floor":11},{"not_picked":["Outmaneuver","Poisoned Stab"],"picked":"Dodge and Roll","floor":12},{"not_picked":["Blur","Prepared","Catalyst"],"picked":"SKIP","floor":14}],"player_experience":621554,"relics_obtained":[{"floor":7,"key":"Shuriken"},{"floor":9,"key":"Frozen Egg 2"},{"floor":14,"key":"Omamori"}],"event_choices":[{"event_name":"Scrap Ooze","player_choice":"success","floor":4,"damage_taken":7},{"event_name":"Liars Game","player_choice":"disagreed","floor":13,"damage_taken":0}],"is_beta":false,"boss_relics":[],"items_purged_floors":[],"is_endless":false,"potions_floor_spawned":[2,3,12],"killed_by":"Slime Boss","ascension_level":1}