{"gold_per_floor":[114,127,139,156,168,198,228,228,253,270,284,284,284,9,9,113,113,133,153,153,153],"floor_reached":21,"playtime":2418,"items_purged":["Strike_G"],"score":183,"play_id":"6d922cbb-e2ed-4136-b4aa-923ddd3b9bf4","local_time":"20180630004907","is_ascension_mode":false,"campfire_choices":[{"floor":8.0,"key":"REST"},{"floor":13.0,"key":"REST"},{"data":"Neutralize","floor":15.0,"key":"SMITH"}],"neow_cost":"","seed_source_timestamp":0,"circlet_count":0,"master_deck":["Defend_G","Defend_G","Defend_G","Defend_G","Defend_G","Strike_G","Strike_G","Survivor","Neutralize+1","Heel Hook","Expertise","All Out Attack","Underhanded Strike","Doppelganger","Flying Knee","Purity","Adrenaline","Footwork","Dagger Throw"],"special_seed":0,"relics":["Ring of the Snake","Mummified Hand","Singing Bowl","Black Star"],"potions_floor_usage":[],"damage_taken":[{"damage":7.0,"enemies":"Cultist","floor":1.0,"turns":6.0},{"damage":0.0,"enemies":"Small Slimes","floor":2.0,"turns":4.0},{"damage":0.0,"enemies":"2 Louse","floor":3.0,"turns":3.0},{"damage":5.0,"enemies":"Exordium Thugs","floor":4.0,"turns":2.0},{"damage":16.0,"enemies":"Blue Slaver","floor":5.0,"turns":4.0},{"damage":20.0,"enemies":"3 Sentries","floor":6.0,"turns":7.0},{"damage":0.0,"enemies":"2 Fungi Beasts","floor":10.0,"turns":5.0},{"damage":6.0,"enemies":"Exordium Thugs","floor":11.0,"turns":4.0},{"damage":54.0,"enemies":"The Guardian","floor":16.0,"turns":16.0},{"damage":14,"enemies":"Shell Parasite","floor":18,"turns":9},{"damage":23,"enemies":"Chosen","floor":19,"turns":7},{"damage":42,"enemies":"Centurion and Healer","floor":21,"turns":10}],"seed_played":"-3412062623882856386","potions_obtained":[{"floor":1.0,"key":"SpeedPotion"},{"floor":3.0,"key":"AttackPotion"},{"floor":6.0,"key":"Swift Potion"},{"floor":10.0,"key":"Block Potion"}],"is_trial":false,"path_per_floor":["M","M","M","M","M","E","?","R","T","M","M","?","R","$","R","B",null,"M","M","?"],"character_chosen":"THE_SILENT","items_purchased":["SteroidPotion","Flying Knee","Purity"],"campfire_rested":2,"item_purchase_floors":[],"current_hp_per_floor":[63,63,63,58,42,22,22,43,43,45,41,34,56,56,56,2,74,60,37,37,0],"gold":153,"neow_bonus":"","is_prod":false,"is_daily":false,"chose_seed":false,"campfire_upgraded":1,"win_rate":0.0,"timestamp":1530334147,"path_taken":["M","M","M","M","M","E","?","R","T","M","M","?","R","$","R","BOSS","M","M","?","M"],"build_version":"2018-06-28","purchased_purges":1,"victory":false,"max_hp_per_floor":[70,70,70,70,70,70,70,70,70,72,74,74,74,74,74,74,74,74,74,74,74],"card_choices":[{"not_picked":["Acrobatics","Calculated Gamble"],"picked":"Heel Hook","floor":1.0},{"not_picked":["Caltrops","Outmaneuver"],"picked":"Expertise","floor":2.0},{"not_picked":["Dodge and Roll","Blade Dance"],"picked":"All Out Attack","floor":3.0},{"not_picked":["Dodge and Roll","Sucker Punch","Backflip"],"picked":"SKIP","floor":4.0},{"not_picked":["Backflip","Slice"],"picked":"Underhanded Strike","floor":5.0},{"not_picked":["Flying Knee","Blur"],"picked":"Doppelganger","floor":6.0},{"not_picked":["Dodge and Roll","All Out Attack","Leg Sweep"],"picked":"Singing Bowl","floor":10.0},{"not_picked":["Quick Slash","Acrobatics","Poisoned Stab"],"picked":"Singing Bowl","floor":11.0},{"not_picked":["Tools of the Trade","Bullet Time"],"picked":"Adrenaline","floor":16.0},{"not_picked":["PiercingWail+1","Poisoned Stab+1"],"picked":"Footwork","floor":18},{"not_picked":["Outmaneuver+1","PiercingWail"],"picked":"Dagger Throw","floor":19}],"player_experience":67046,"relics_obtained":[{"floor":6.0,"key":"Mummified Hand"},{"floor":9.0,"key":"Singing Bowl"}],"event_choices":[{"event_name":"Dead Adventurer","player_choice":"Searched \u00271\u0027 times","floor":7.0,"damage_taken":0.0},{"event_name":"Golden Wing","player_choice":"Card Removal","floor":12.0,"damage_taken":0.0},{"event_name":"Vampires","player_choice":"Ignored","floor":20,"damage_taken":0}],"boss_relics":[{"not_picked":["Lizard Tail","Eternal Feather"],"picked":"Black Star"}],"items_purged_floors":[],"is_endless":false,"potions_floor_spawned":[1,3,6,10],"killed_by":"Centurion and Healer","ascension_level":0}