{"gold_per_floor":[116,66,96,114,45,70,70,70,70,113,136,136,136,169,169,300,300,316,56,0,0,0,0],"floor_reached":23,"playtime":2588,"items_purged":[],"score":296,"play_id":"09f5156f-358f-42e1-8d40-e33f27120faf","local_time":"20190224202923","is_ascension_mode":true,"campfire_choices":[{"data":"Dualcast","floor":12,"key":"SMITH"},{"data":"Self Repair","floor":13,"key":"SMITH"},{"floor":15,"key":"REST"}],"neow_cost":"NONE","seed_source_timestamp":184279075107435,"circlet_count":0,"master_deck":["Strike_B","Defend_B","Defend_B+1","Defend_B","Defend_B","Zap+1","Dualcast+1","Rebound","Self Repair+1","Conserve Battery","Coolheaded","All For One","Hologram","Echo Form","Ball Lightning+1","Consume","Hyperbeam"],"relics":["Cracked Core","NeowsBlessing","Tiny Chest","Bottled Tornado","Golden Idol","WingedGreaves","DataDisk","War Paint","Boot","Runic Pyramid","Meat on the Bone"],"potions_floor_usage":[16,23],"damage_taken":[{"damage":0,"enemies":"Cultist","floor":1,"turns":1},{"damage":0,"enemies":"Jaw Worm","floor":4,"turns":1},{"damage":0,"enemies":"3 Sentries","floor":6,"turns":1},{"damage":28,"enemies":"Lagavulin","floor":10,"turns":6},{"damage":5,"enemies":"Small Slimes","floor":11,"turns":3},{"damage":23,"enemies":"3 Sentries","floor":14,"turns":6},{"damage":14,"enemies":"The Guardian","floor":16,"turns":12},{"damage":14,"enemies":"2 Thieves","floor":18,"turns":4},{"damage":63,"enemies":"Book of Stabbing","floor":23,"turns":5}],"seed_played":"-5674020632615125597","potions_obtained":[{"floor":11,"key":"GamblersBrew"},{"floor":14,"key":"FearPotion"},{"floor":16,"key":"FocusPotion"}],"is_trial":false,"path_per_floor":["M","?","?","M","$","E","?","T","T","E","M","R","R","E","R","B",null,"M","$","?","?","$","E"],"character_chosen":"DEFECT","items_purchased":["Self Repair","Meat on the Bone"],"campfire_rested":1,"item_purchase_floors":[5,19],"current_hp_per_floor":[68,68,61,61,61,61,43,43,43,22,24,24,24,11,33,29,64,60,60,60,60,60,0],"gold":0,"neow_bonus":"THREE_ENEMY_KILL","is_prod":false,"is_daily":false,"chose_seed":false,"campfire_upgraded":2,"win_rate":0,"timestamp":1551068963,"path_taken":["M","?","?","M","$","E","?","?","T","E","?","R","R","E","R","BOSS","M","$","?","?","?","E"],"build_version":"2019-01-23","purchased_purges":0,"victory":false,"max_hp_per_floor":[75,75,75,75,75,75,75,75,75,75,75,75,75,75,75,75,75,75,75,75,75,75,75],"card_choices":[{"not_picked":["Turbo","Stack"],"picked":"Rebound","floor":1},{"not_picked":["Beam Cell","Barrage","Steam Power"],"picked":"SKIP","floor":4},{"not_picked":["Stack","Steam"],"picked":"Conserve Battery","floor":6},{"not_picked":["Turbo","Ball Lightning"],"picked":"Coolheaded","floor":10},{"not_picked":["Cold Snap","Redo"],"picked":"All For One","floor":11},{"not_picked":["Darkness","Conserve Battery"],"picked":"Hologram","floor":14},{"not_picked":["Meteor Strike","Creative AI"],"picked":"Echo Form","floor":16},{"not_picked":["Conserve Battery","Melter+1"],"picked":"Ball Lightning+1","floor":18}],"player_experience":426264,"relics_obtained":[{"floor":6,"key":"Bottled Tornado"},{"floor":8,"key":"WingedGreaves"},{"floor":9,"key":"DataDisk"},{"floor":10,"key":"War Paint"},{"floor":14,"key":"Boot"}],"event_choices":[{"cards_removed":["Strike_B"],"damage_healed":0,"gold_gain":0,"player_choice":"Card Removal","damage_taken":0,"max_hp_gain":0,"max_hp_loss":0,"event_name":"The Cleric","floor":2,"gold_loss":50},{"damage_healed":0,"gold_gain":0,"player_choice":"Success","damage_taken":7,"relics_obtained":["Tiny Chest"],"max_hp_gain":0,"max_hp_loss":0,"event_name":"Scrap Ooze","floor":3,"gold_loss":0},{"damage_healed":0,"gold_gain":0,"player_choice":"Take Damage","damage_taken":18,"relics_obtained":["Golden Idol"],"max_hp_gain":0,"max_hp_loss":0,"event_name":"Golden Idol","floor":7,"gold_loss":0},{"damage_healed":0,"gold_gain":0,"player_choice":"Paid Fearfully","damage_taken":0,"max_hp_gain":0,"max_hp_loss":0,"event_name":"Masked Bandits","floor":20,"gold_loss":56},{"damage_healed":0,"gold_gain":0,"cards_transformed":["Strike_B","Strike_B"],"player_choice":"Became Test Subject","damage_taken":0,"max_hp_gain":0,"max_hp_loss":0,"event_name":"Drug Dealer","floor":21,"gold_loss":0,"cards_obtained":["Consume","Hyperbeam"]}],"is_beta":false,"boss_relics":[{"not_picked":["Pandora\u0027s Box","Snecko Eye"],"picked":"Runic Pyramid"}],"items_purged_floors":[],"is_endless":false,"potions_floor_spawned":[11,14,16],"killed_by":"Book of Stabbing","ascension_level":6}