{"gold_per_floor":[19,33,33,33,46,46,59,79,103,129,143,143,174,193,193,268,268,282,294,173,189,207,207,225,225,225,251,251,35,110,124,124,198,198,214,57,0,0,11,11,11,11,65,82,102,102,102,102,102,102],"floor_reached":51,"playtime":2458,"items_purged":["Strike_R","Strike_R"],"score":1129,"play_id":"aa11122f-b1cf-4fe4-be75-521380ba8b57","local_time":"20190125200843","is_ascension_mode":true,"campfire_choices":[{"data":"Carnage","floor":6,"key":"SMITH"},{"data":"Inflame","floor":12,"key":"SMITH"},{"data":"Clothesline","floor":15,"key":"SMITH"},{"data":"Flame Barrier","floor":23,"key":"SMITH"},{"data":"True Grit","floor":25,"key":"SMITH"},{"data":"Feel No Pain","floor":28,"key":"SMITH"},{"data":"Spot Weakness","floor":32,"key":"SMITH"},{"floor":40,"key":"REST"},{"floor":49,"key":"REST"}],"neow_cost":"NO_GOLD","seed_source_timestamp":6183329344513,"circlet_count":0,"master_deck":["AscendersBane","Defend_R+1","Defend_R+1","Defend_R+1","Defend_R+1","Bash+1","Anger+1","True Grit+1","Carnage+1","Inflame+1","Headbutt+1","Feel No Pain+1","Shrug It Off+1","Clothesline+1","True Grit+1","Offering+1","Sword Boomerang+1","Shockwave+1","Shrug It Off+1","Flame Barrier+1","True Grit+1","Cleave+1","Disarm+1","Spot Weakness+1","Pummel+1","Double Tap+1"],"relics":["Burning Blood","Omamori","Oddly Smooth Stone","Strawberry","Sozu","Thread and Needle","Ginger","Fusion Hammer","Vajra","Red Mask","Ancient Tea Set","Mark of the Bloom"],"potions_floor_usage":[10,13,16,27],"damage_taken":[{"damage":1,"enemies":"2 Louse","floor":1,"turns":4},{"damage":4,"enemies":"Jaw Worm","floor":2,"turns":5},{"damage":1,"enemies":"Cultist","floor":5,"turns":4},{"damage":24,"enemies":"Exordium Thugs","floor":7,"turns":6},{"damage":0,"enemies":"Exordium Wildlife","floor":8,"turns":3},{"damage":16,"enemies":"3 Sentries","floor":10,"turns":7},{"damage":0,"enemies":"3 Louse","floor":11,"turns":4},{"damage":11,"enemies":"Lagavulin","floor":13,"turns":5},{"damage":24,"enemies":"Exordium Thugs","floor":14,"turns":4},{"damage":19,"enemies":"The Guardian","floor":16,"turns":11},{"damage":6,"enemies":"Shell Parasite","floor":18,"turns":4},{"damage":11,"enemies":"Spheric Guardian","floor":19,"turns":4},{"damage":9,"enemies":"Centurion and Healer","floor":21,"turns":7},{"damage":14,"enemies":"Shelled Parasite and Fungi","floor":22,"turns":5},{"damage":5,"enemies":"Snecko","floor":24,"turns":5},{"damage":6,"enemies":"Book of Stabbing","floor":27,"turns":5},{"damage":0,"enemies":"Centurion and Healer","floor":31,"turns":6},{"damage":55,"enemies":"Collector","floor":33,"turns":8},{"damage":37,"enemies":"3 Darklings","floor":35,"turns":6},{"damage":6,"enemies":"Orb Walker","floor":39,"turns":3},{"damage":35,"enemies":"Maw","floor":44,"turns":7},{"damage":6,"enemies":"Jaw Worm Horde","floor":45,"turns":3},{"damage":19,"enemies":"Time Eater","floor":50,"turns":8}],"seed_played":"8330873525588342873","potions_obtained":[{"floor":5,"key":"Regen Potion"},{"floor":8,"key":"PowerPotion"},{"floor":10,"key":"Block Potion"},{"floor":14,"key":"SkillPotion"}],"is_trial":false,"path_per_floor":["M","M","?","?","M","R","M","M","T","E","M","R","E","M","R","B",null,"M","M","$","M","M","R","M","R","T","E","R","$","?","M","R","B",null,"M","$","?","?","M","R","$","?","T","M","M","?","?","?","R","B",null],"character_chosen":"IRONCLAD","items_purchased":["Shrug It Off","Disarm","Spot Weakness","Vajra"],"campfire_rested":2,"item_purchase_floors":[20,29,29,36],"current_hp_per_floor":[77,79,79,79,80,80,62,68,68,58,64,64,80,62,62,49,78,78,73,73,70,62,62,63,63,63,63,63,63,55,61,61,12,68,37,37,37,76,76,76,76,76,76,47,47,47,47,47,47,28],"gold":102,"neow_bonus":"REMOVE_TWO","is_prod":false,"is_daily":false,"chose_seed":false,"campfire_upgraded":7,"win_rate":0,"timestamp":1548400123,"path_taken":["M","M","?","?","M","R","M","M","T","E","M","R","E","M","R","BOSS","M","M","?","M","M","R","M","R","T","E","R","$","?","?","R","BOSS","M","$","?","?","?","R","$","?","T","?","M","?","?","?","R","BOSS"],"build_version":"2019-01-23","purchased_purges":2,"victory":true,"max_hp_per_floor":[80,80,80,80,80,80,80,80,80,80,80,80,87,87,87,87,87,87,87,87,87,87,87,87,87,87,87,87,87,87,87,87,87,87,87,87,87,76,76,76,76,76,76,76,76,76,76,76,76,76],"card_choices":[{"not_picked":["Flex","Shockwave"],"picked":"Anger","floor":1},{"not_picked":["Warcry","Armaments"],"picked":"True Grit","floor":2},{"not_picked":["Armaments","Cleave"],"picked":"Carnage","floor":5},{"not_picked":["Entrench","Warcry"],"picked":"Inflame","floor":7},{"not_picked":["Clothesline","Ghostly Armor"],"picked":"Headbutt","floor":8},{"not_picked":["Reckless Charge","Warcry"],"picked":"Feel No Pain","floor":10},{"not_picked":["Blood for Blood","Bloodletting"],"picked":"Shrug It Off","floor":11},{"not_picked":["Evolve","Shrug It Off"],"picked":"Clothesline","floor":13},{"not_picked":["Iron Wave","Rampage"],"picked":"True Grit","floor":14},{"not_picked":["Impervious","Dark Embrace"],"picked":"Offering","floor":16},{"not_picked":["Thunderclap","Flex"],"picked":"Sword Boomerang","floor":18},{"not_picked":["Infernal Blade","Seeing Red"],"picked":"Shockwave","floor":19},{"not_picked":["Clothesline","Flex"],"picked":"Flame Barrier","floor":21},{"not_picked":["Flex","Entrench+1","Headbutt"],"picked":"SKIP","floor":22},{"not_picked":["Body Slam+1","Anger"],"picked":"True Grit+1","floor":24},{"not_picked":["Body Slam","Cleave","Sentinel"],"picked":"SKIP","floor":27},{"not_picked":["Body Slam","Sentinel"],"picked":"Cleave","floor":27},{"not_picked":["Clash","Perfected Strike"],"picked":"Pummel","floor":31},{"not_picked":["Juggernaut","Bludgeon"],"picked":"Double Tap","floor":33},{"not_picked":["Warcry","Cleave","Perfected Strike"],"picked":"SKIP","floor":35},{"not_picked":["Warcry","Rampage","Infernal Blade"],"picked":"SKIP","floor":39},{"not_picked":["Sword Boomerang","Headbutt","Body Slam"],"picked":"SKIP","floor":44},{"not_picked":["Sword Boomerang","Headbutt","Body Slam"],"picked":"SKIP","floor":44},{"not_picked":["Iron Wave","Twin Strike+1","Sword Boomerang"],"picked":"SKIP","floor":45}],"player_experience":40911,"relics_obtained":[{"floor":9,"key":"Omamori"},{"floor":10,"key":"Oddly Smooth Stone"},{"floor":13,"key":"Strawberry"},{"floor":26,"key":"Thread and Needle"},{"floor":27,"key":"Ginger"},{"floor":43,"key":"Ancient Tea Set"}],"event_choices":[{"damage_healed":0,"gold_gain":0,"player_choice":"Grow","damage_taken":0,"max_hp_gain":0,"max_hp_loss":0,"event_name":"Living Wall","floor":3,"gold_loss":0,"cards_upgraded":["Bash"]},{"cards_removed":["Strike_R"],"damage_healed":0,"gold_gain":0,"player_choice":"Purged","damage_taken":0,"max_hp_gain":0,"max_hp_loss":0,"event_name":"Purifier","floor":4,"gold_loss":0},{"damage_healed":0,"gold_gain":75,"player_choice":"Touch","damage_taken":8,"max_hp_gain":0,"max_hp_loss":0,"event_name":"FaceTrader","floor":30,"gold_loss":0},{"damage_healed":0,"gold_gain":0,"player_choice":"Paid","damage_taken":0,"relics_obtained":["Red Mask"],"max_hp_gain":0,"max_hp_loss":0,"event_name":"Tomb of Lord Red Mask","floor":37,"gold_loss":57},{"damage_healed":76,"gold_gain":0,"player_choice":"Heal","damage_taken":0,"max_hp_gain":0,"max_hp_loss":11,"event_name":"The Moai Head","floor":38,"gold_loss":0},{"damage_healed":0,"gold_gain":0,"player_choice":"Forge","damage_taken":0,"max_hp_gain":0,"max_hp_loss":0,"event_name":"Accursed Blacksmith","floor":42,"gold_loss":0,"cards_upgraded":["Double Tap"]},{"damage_healed":0,"gold_gain":0,"player_choice":"Ignored","damage_taken":0,"max_hp_gain":0,"max_hp_loss":0,"event_name":"Mysterious Sphere","floor":46,"gold_loss":0},{"damage_healed":0,"gold_gain":0,"player_choice":"Upgrade","damage_taken":0,"relics_obtained":["Mark of the Bloom"],"max_hp_gain":0,"max_hp_loss":0,"event_name":"MindBloom","floor":47,"gold_loss":0,"cards_upgraded":["Defend_R","Defend_R","Defend_R","Defend_R","Anger","Headbutt","Shrug It Off","True Grit","Offering","Sword Boomerang","Shockwave","Shrug It Off","Cleave","Disarm","Pummel"]},{"damage_healed":19,"gold_gain":0,"player_choice":"Writhe","damage_taken":0,"max_hp_gain":0,"max_hp_loss":0,"event_name":"Winding Halls","floor":48,"gold_loss":0,"cards_obtained":["Writhe"]}],"is_beta":false,"boss_relics":[{"not_picked":["Mark of Pain","Snecko Eye"],"picked":"Sozu"},{"not_picked":["Calling Bell","Runic Cube"],"picked":"Fusion Hammer"}],"items_purged_floors":[20,29],"is_endless":false,"potions_floor_spawned":[5,8,10,11,14,19,21,22,33,35,39],"ascension_level":13}