{"gold_per_floor":[111,123,123,133,147,147,167,194,194,194,194,210,228,239,239,314,314,334,346,346,0,0,0,32,32,113,113,63,74,93,143,143,222,222,236,236,236,15,33,33,53,53],"floor_reached":42,"playtime":2211,"items_purged":["Strike_G","Strike_G","Writhe"],"score":915,"play_id":"bb124c5f-e869-4c22-95eb-cbf3deb0019f","local_time":"20190301230320","is_ascension_mode":true,"campfire_choices":[{"data":"Neutralize","floor":6.0,"key":"SMITH"},{"data":"Caltrops","floor":11.0,"key":"SMITH"},{"data":"Deadly Poison","floor":15.0,"key":"SMITH"},{"floor":23.0,"key":"REST"},{"floor":25.0,"key":"REST"},{"floor":32.0,"key":"REST"},{"floor":40.0,"key":"REST"}],"neow_cost":"NONE","seed_source_timestamp":0,"circlet_count":0,"master_deck":["AscendersBane","Defend_G","Defend_G","Defend_G","Defend_G","Defend_G","Strike_G","Strike_G","Strike_G","Survivor","Neutralize+1","Catalyst","Sucker Punch","Slice","Caltrops+1","Catalyst","Crippling Poison","Deadly Poison+1","Backstab","Wraith Form v2","PiercingWail","Well Laid Plans","Apotheosis","Bouncing Flask","Backflip","Night Terror","Writhe","Clumsy","Backflip+1","Impatience","Noxious Fumes+1"],"special_seed":0,"relics":["Ring of the Snake","Bag of Marbles","Question Card","Velvet Choker","Membership Card","Darkstone Periapt","Paper Crane","Molten Egg 2","Calling Bell","FossilizedHelix","Centennial Puzzle","Shuriken","Frozen Egg 2"],"potions_floor_usage":[42],"damage_taken":[{"damage":0.0,"enemies":"Cultist","floor":1.0,"turns":4.0},{"damage":7.0,"enemies":"Small Slimes","floor":2.0,"turns":4.0},{"damage":0.0,"enemies":"2 Louse","floor":4.0,"turns":3.0},{"damage":19.0,"enemies":"Large Slime","floor":5.0,"turns":6.0},{"damage":0.0,"enemies":"Blue Slaver","floor":7.0,"turns":5.0},{"damage":20.0,"enemies":"Lagavulin","floor":8.0,"turns":6.0},{"damage":2.0,"enemies":"2 Fungi Beasts","floor":12.0,"turns":5.0},{"damage":5.0,"enemies":"Red Slaver","floor":13.0,"turns":4.0},{"damage":14.0,"enemies":"Large Slime","floor":14.0,"turns":6.0},{"damage":10.0,"enemies":"Hexaghost","floor":16.0,"turns":8.0},{"damage":18.0,"enemies":"Shell Parasite","floor":18.0,"turns":4.0},{"damage":8.0,"enemies":"Chosen","floor":19.0,"turns":5.0},{"damage":36.0,"enemies":"Slavers","floor":24.0,"turns":7.0},{"damage":0.0,"enemies":"Snake Plant","floor":29.0,"turns":4.0},{"damage":5.0,"enemies":"Centurion and Healer","floor":30.0,"turns":6.0},{"damage":36.0,"enemies":"Champ","floor":33.0,"turns":8.0},{"damage":14.0,"enemies":"3 Darklings","floor":35.0,"turns":8.0},{"damage":9.0,"enemies":"3 Shapes","floor":39.0,"turns":5.0},{"damage":35,"enemies":"Jaw Worm Horde","floor":41,"turns":7},{"damage":60,"enemies":"Reptomancer","floor":42,"turns":3}],"seed_played":"-4956583360139224470","potions_obtained":[{"floor":2.0,"key":"Poison Potion"},{"floor":4.0,"key":"Regen Potion"},{"floor":8.0,"key":"Ancient Potion"},{"floor":12.0,"key":"Block Potion"},{"floor":16.0,"key":"LiquidBronze"},{"floor":24.0,"key":"EssenceOfSteel"},{"floor":33.0,"key":"Fire Potion"}],"is_trial":false,"path_per_floor":["M","M","?","M","M","R","M","E","T","?","R","M","M","M","R","B",null,"M","M","?","$","?","R","E","R","T","T","$","M","M","?","R","B",null,"M","?","?","$","M","R","M","E"],"character_chosen":"THE_SILENT","items_purchased":["Membership Card","Apotheosis","Frozen Egg 2","Noxious Fumes+1"],"campfire_rested":4,"item_purchase_floors":[21,21,38,38],"current_hp_per_floor":[59,52,52,52,33,33,33,28,28,33,33,31,26,12,12,2,54,36,28,28,28,28,49,13,34,34,34,34,34,29,29,50,14,75,61,61,61,61,52,78,43,0],"gold":53,"neow_bonus":"RANDOM_COMMON_RELIC","is_prod":false,"is_daily":false,"chose_seed":false,"campfire_upgraded":3,"win_rate":0,"timestamp":1551434600,"path_taken":["M","M","?","M","M","R","M","E","T","?","R","M","M","M","R","BOSS","M","M","?","$","?","R","E","R","T","?","$","M","M","?","R","BOSS","M","?","?","$","?","R","M","E"],"build_version":"2019-01-23","purchased_purges":3,"victory":false,"max_hp_per_floor":[66,66,66,66,66,66,66,66,66,71,71,71,71,71,71,71,71,71,71,71,71,71,71,71,71,71,71,71,71,71,71,71,71,89,89,89,89,89,89,89,89,89],"card_choices":[{"not_picked":["Deadly Poison","Flying Knee"],"picked":"Catalyst","floor":1.0},{"not_picked":["Tools of the Trade","Prepared"],"picked":"Sucker Punch","floor":2.0},{"not_picked":["Underhanded Strike","Distraction"],"picked":"Slice","floor":4.0},{"not_picked":["Slice","Bane"],"picked":"Caltrops","floor":5.0},{"not_picked":["Accuracy","Deflect","Bane"],"picked":"SKIP","floor":7.0},{"not_picked":["Flying Knee","Tactician"],"picked":"Catalyst","floor":8.0},{"not_picked":["Predator","Bane","Outmaneuver"],"picked":"Crippling Poison","floor":12.0},{"not_picked":["Quick Slash","Dagger Throw","All Out Attack"],"picked":"Deadly Poison","floor":13.0},{"not_picked":["Sucker Punch","Quick Slash","Flying Knee"],"picked":"Backstab","floor":14.0},{"not_picked":["Envenom","Tools of the Trade","Unload"],"picked":"Wraith Form v2","floor":16.0},{"not_picked":["Quick Slash","Outmaneuver","Dagger Throw"],"picked":"PiercingWail","floor":18.0},{"not_picked":["Calculated Gamble","Poisoned Stab","Dagger Throw"],"picked":"Well Laid Plans","floor":19.0},{"not_picked":["Sucker Punch","Predator","Heel Hook"],"picked":"Bouncing Flask","floor":24.0},{"not_picked":["Acrobatics","Dodge and Roll","Outmaneuver"],"picked":"Backflip","floor":29.0},{"not_picked":["Endless Agony+1","Accuracy","Cloak And Dagger","Underhanded Strike+1"],"picked":"SKIP","floor":30.0},{"not_picked":["Die Die Die+1","Grand Finale+1","Glass Knife+1"],"picked":"Night Terror","floor":33.0},{"not_picked":["Poisoned Stab+1","Bane+1","Outmaneuver"],"picked":"Backflip+1","floor":35.0},{"not_picked":["Thinking Ahead","Forethought","Deep Breath"],"picked":"Impatience","floor":37.0},{"not_picked":["Flying Knee+1","Deflect+1","Predator+1","Dodge and Roll"],"picked":"SKIP","floor":39.0},{"not_picked":["Flying Knee+1","Backflip","Choke+1","Finisher+1"],"picked":"SKIP","floor":41}],"player_experience":542542,"relics_obtained":[{"floor":8.0,"key":"Question Card"},{"floor":24.0,"key":"Darkstone Periapt"},{"floor":26.0,"key":"Paper Crane"},{"floor":27.0,"key":"Molten Egg 2"},{"floor":34.0,"key":"FossilizedHelix"},{"floor":34.0,"key":"Centennial Puzzle"},{"floor":34.0,"key":"Shuriken"}],"event_choices":[{"damage_healed":0.0,"max_hp_gain":0.0,"max_hp_loss":0.0,"gold_gain":0.0,"event_name":"Liars Game","player_choice":"Ignored","floor":3.0,"gold_loss":0.0,"damage_taken":0.0},{"damage_healed":0.0,"max_hp_gain":5.0,"max_hp_loss":0.0,"gold_gain":0.0,"event_name":"Big Fish","player_choice":"Donut","floor":10.0,"gold_loss":0.0,"damage_taken":0.0},{"damage_healed":0.0,"max_hp_gain":0.0,"max_hp_loss":0.0,"gold_gain":0.0,"event_name":"The Mausoleum","player_choice":"Ignored","floor":20.0,"gold_loss":0.0,"damage_taken":0.0},{"damage_healed":0.0,"max_hp_gain":0.0,"max_hp_loss":0.0,"gold_gain":0.0,"event_name":"Beggar","player_choice":"Ignored","floor":22.0,"gold_loss":0.0,"damage_taken":0.0},{"damage_healed":0.0,"max_hp_gain":0.0,"max_hp_loss":0.0,"gold_gain":50.0,"event_name":"Golden Shrine","player_choice":"Pray","floor":31.0,"gold_loss":0.0,"damage_taken":0.0},{"damage_healed":0.0,"max_hp_gain":0.0,"max_hp_loss":0.0,"gold_gain":0.0,"event_name":"Mysterious Sphere","player_choice":"Ignored","floor":36.0,"gold_loss":0.0,"damage_taken":0.0},{"damage_healed":0.0,"max_hp_gain":0.0,"max_hp_loss":0.0,"gold_gain":0.0,"event_name":"SensoryStone","player_choice":"Memory 1","floor":37.0,"gold_loss":0.0,"damage_taken":0.0}],"is_beta":false,"boss_relics":[{"not_picked":["Lizard Tail","Black Star"],"picked":"Velvet Choker"},{"not_picked":["Ring of the Serpent","Pandora\u0027s Box"],"picked":"Calling Bell"}],"items_purged_floors":[21,28,38],"is_endless":false,"potions_floor_spawned":[2,4,5,8,12,16,24,33],"killed_by":"Reptomancer","ascension_level":20}