{"gold_per_floor":[109,70,89,89,104,104,32,32,57,57,57,73,91,117,117,195,195,211,226,226,99,119,119,129,129,129,158,257,287,287,76,76,153,153,164,176,176,176,126,159,178,207,207,221,239,239,239,120,120,120],"floor_reached":51,"playtime":5077,"items_purged":["Strike_G","Doubt","Strike_G","Shame"],"score":1391,"play_id":"d2393b95-4027-4611-a87e-4b014284c73b","local_time":"20190208225934","is_ascension_mode":true,"campfire_choices":[{"data":"Crippling Poison","floor":6,"key":"SMITH"},{"data":"Neutralize","floor":8,"key":"SMITH"},{"data":"Deadly Poison","floor":10,"key":"SMITH"},{"data":"Deadly Poison","floor":15,"key":"SMITH"},{"data":"Tools of the Trade","floor":23,"key":"SMITH"},{"floor":25,"key":"REST"},{"data":"Catalyst","floor":32,"key":"SMITH"},{"data":"Leg Sweep","floor":47,"key":"SMITH"},{"floor":49,"key":"REST"}],"neow_cost":"NONE","seed_source_timestamp":16074729566713,"circlet_count":0,"master_deck":["AscendersBane","Defend_G","Defend_G","Defend_G","Defend_G","Defend_G","Strike_G+1","Survivor","Neutralize+1","All Out Attack","Predator","Crippling Poison+1","Deadly Poison+1","Dash+1","Deadly Poison+1","PiercingWail","Tools of the Trade+1","Dash+1","Necronomicurse","Escape Plan+1","Leg Sweep+1","Footwork+1","Catalyst+1","Doppelganger","Corpse Explosion","Panacea","Master of Strategy","Catalyst+1","Cloak And Dagger+1","Footwork+1","Noxious Fumes+1"],"relics":["Ring of the Snake","Regal Pillow","Smiling Mask","PreservedInsect","Cursed Key","Necronomicon","Frozen Egg 2","Incense Burner","Lantern","Black Star","Centennial Puzzle","Darkstone Periapt","Whetstone","Strawberry","Ancient Tea Set"],"potions_floor_usage":[14,16,24],"damage_taken":[{"damage":0,"enemies":"Small Slimes","floor":1,"turns":5},{"damage":0,"enemies":"Cultist","floor":3,"turns":3},{"damage":0,"enemies":"2 Louse","floor":5,"turns":3},{"damage":0,"enemies":"Blue Slaver","floor":12,"turns":4},{"damage":3,"enemies":"Looter","floor":13,"turns":3},{"damage":0,"enemies":"Gremlin Nob","floor":14,"turns":3},{"damage":7,"enemies":"The Guardian","floor":16,"turns":9},{"damage":0,"enemies":"Shell Parasite","floor":18,"turns":4},{"damage":11,"enemies":"Spheric Guardian","floor":19,"turns":5},{"damage":0,"enemies":"Snake Plant","floor":22,"turns":3},{"damage":3,"enemies":"Snecko","floor":24,"turns":4},{"damage":0,"enemies":"Slavers","floor":27,"turns":4},{"damage":0,"enemies":"Gremlin Leader","floor":29,"turns":5},{"damage":6,"enemies":"Champ","floor":33,"turns":13},{"damage":1,"enemies":"3 Darklings","floor":35,"turns":3},{"damage":0,"enemies":"3 Shapes","floor":36,"turns":4},{"damage":2,"enemies":"Nemesis","floor":40,"turns":7},{"damage":1,"enemies":"3 Darklings","floor":41,"turns":5},{"damage":0,"enemies":"Giant Head","floor":42,"turns":5},{"damage":23,"enemies":"Spire Growth","floor":44,"turns":4},{"damage":4,"enemies":"4 Shapes","floor":45,"turns":4},{"damage":7,"enemies":"Donu and Deca","floor":50,"turns":6}],"seed_played":"4741239761509350811","potions_obtained":[{"floor":1,"key":"Explosive Potion"},{"floor":12,"key":"Energy Potion"},{"floor":18,"key":"Swift Potion"},{"floor":22,"key":"SkillPotion"},{"floor":27,"key":"SteroidPotion"},{"floor":40,"key":"LiquidBronze"}],"is_trial":false,"path_per_floor":["M","$","M","?","M","R","$","R","T","R","?","M","M","E","R","B",null,"M","M","?","$","M","R","M","R","T","E","?","E","?","$","R","B",null,"M","M","?","?","$","E","M","E","T","M","M","?","R","$","R","B",null],"character_chosen":"THE_SILENT","items_purchased":["Predator","Dash","GhostInAJar","Doppelganger","Noxious Fumes+1"],"campfire_rested":2,"item_purchase_floors":[2,7,21,31,48],"current_hp_per_floor":[59,59,59,59,59,59,59,59,59,59,52,52,49,49,49,42,60,60,49,33,33,33,33,30,64,64,64,64,64,64,64,64,58,64,63,63,53,53,53,51,50,57,63,40,36,36,36,36,74,67],"gold":120,"neow_bonus":"RANDOM_COMMON_RELIC","is_prod":false,"is_daily":false,"chose_seed":false,"campfire_upgraded":7,"win_rate":0,"timestamp":1549619974,"path_taken":["M","$","M","?","M","R","?","R","T","R","?","M","M","E","R","BOSS","M","M","?","$","M","R","M","R","T","E","?","E","?","$","R","BOSS","M","M","?","?","$","E","M","E","T","M","?","?","R","$","R","BOSS"],"build_version":"2019-01-23","purchased_purges":4,"victory":true,"max_hp_per_floor":[66,66,66,66,66,66,66,66,66,66,66,66,66,66,66,66,66,66,66,66,66,66,66,66,66,66,66,66,66,66,66,66,66,66,66,66,66,66,66,66,66,73,79,79,79,79,79,79,79,79],"card_choices":[{"not_picked":["Flechettes","Heel Hook"],"picked":"All Out Attack","floor":1},{"not_picked":["Dagger Throw","Flechettes"],"picked":"Crippling Poison","floor":3},{"not_picked":["Quick Slash","Setup"],"picked":"Deadly Poison","floor":5},{"not_picked":["Dagger Spray","Dagger Throw","Underhanded Strike"],"picked":"SKIP","floor":12},{"not_picked":["Deflect","A Thousand Cuts"],"picked":"Deadly Poison","floor":13},{"not_picked":["Dash","Cloak And Dagger"],"picked":"PiercingWail","floor":14},{"not_picked":["Storm of Steel","Venomology"],"picked":"Tools of the Trade","floor":16},{"not_picked":["Quick Slash","Bane"],"picked":"Dash+1","floor":18},{"not_picked":["Quick Slash","Choke","Bane"],"picked":"SKIP","floor":19},{"not_picked":["Finisher","Endless Agony"],"picked":"Escape Plan+1","floor":22},{"not_picked":["Infinite Blades","Noxious Fumes"],"picked":"Leg Sweep","floor":24},{"not_picked":["Underhanded Strike","Heel Hook"],"picked":"Footwork+1","floor":27},{"not_picked":["Dagger Throw+1","Deadly Poison+1","Poisoned Stab"],"picked":"SKIP","floor":29},{"not_picked":["A Thousand Cuts+1","Bullet Time"],"picked":"Corpse Explosion","floor":33},{"not_picked":["Deadly Poison","Quick Slash","Bane"],"picked":"SKIP","floor":35},{"not_picked":["Leg Sweep","Masterful Stab","Deadly Poison"],"picked":"SKIP","floor":36},{"not_picked":["Mayhem+1","Mind Blast"],"picked":"Panacea","floor":37},{"not_picked":["Dramatic Entrance","Mind Blast"],"picked":"Master of Strategy","floor":37},{"not_picked":["Endless Agony","Acrobatics","Heel Hook"],"picked":"SKIP","floor":40},{"not_picked":["Skewer","Deadly Poison","Deflect"],"picked":"SKIP","floor":41},{"not_picked":["Reflex+1","Acrobatics"],"picked":"Cloak And Dagger+1","floor":42},{"not_picked":["Flying Knee","Poisoned Stab+1","Prepared"],"picked":"SKIP","floor":44},{"not_picked":["Bouncing Flask","Accuracy+1"],"picked":"Footwork+1","floor":45}],"player_experience":196543,"relics_obtained":[{"floor":9,"key":"Smiling Mask"},{"floor":14,"key":"PreservedInsect"},{"floor":20,"key":"Necronomicon"},{"floor":26,"key":"Frozen Egg 2"},{"floor":27,"key":"Incense Burner"},{"floor":29,"key":"Lantern"},{"floor":40,"key":"Centennial Puzzle"},{"floor":40,"key":"Darkstone Periapt"},{"floor":42,"key":"Whetstone"},{"floor":42,"key":"Strawberry"},{"floor":43,"key":"Ancient Tea Set"}],"event_choices":[{"cards_removed":["Strike_G"],"damage_healed":0,"gold_gain":0,"player_choice":"Offered Basic","damage_taken":0,"max_hp_gain":0,"max_hp_loss":0,"event_name":"Bonfire Elementals","floor":4,"gold_loss":0},{"cards_removed":["Strike_G"],"damage_healed":0,"gold_gain":0,"player_choice":"Card Removal","damage_taken":7,"max_hp_gain":0,"max_hp_loss":0,"event_name":"Golden Wing","floor":11,"gold_loss":0},{"damage_healed":0,"gold_gain":0,"player_choice":"Obtained Book","damage_taken":16,"max_hp_gain":0,"max_hp_loss":0,"event_name":"Cursed Tome","floor":20,"gold_loss":0},{"damage_healed":0,"gold_gain":99,"player_choice":"Stole From Cult","damage_taken":0,"max_hp_gain":0,"max_hp_loss":0,"event_name":"Nest","floor":28,"gold_loss":0},{"damage_healed":0,"gold_gain":0,"player_choice":"Read","damage_taken":0,"max_hp_gain":0,"max_hp_loss":0,"event_name":"The Library","floor":30,"gold_loss":0,"cards_obtained":["Catalyst"]},{"damage_healed":0,"gold_gain":0,"player_choice":"Memory 3","damage_taken":10,"max_hp_gain":0,"max_hp_loss":0,"event_name":"SensoryStone","floor":37,"gold_loss":0},{"damage_healed":0,"gold_gain":0,"player_choice":"Copied","damage_taken":0,"max_hp_gain":0,"max_hp_loss":0,"event_name":"Duplicator","floor":38,"gold_loss":0,"cards_obtained":["Catalyst"]},{"damage_healed":0,"gold_gain":0,"player_choice":"Ignored","damage_taken":0,"max_hp_gain":0,"max_hp_loss":0,"event_name":"Mysterious Sphere","floor":46,"gold_loss":0}],"is_beta":false,"boss_relics":[{"not_picked":["Ectoplasm","Eternal Feather"],"picked":"Cursed Key"},{"not_picked":["Coffee Dripper","Tiny House"],"picked":"Black Star"}],"items_purged_floors":[21,31,39,48],"is_endless":false,"potions_floor_spawned":[1,12,18,22,27,40],"ascension_level":14}