{"gold_per_floor":[215,228,238,257,277,303,303,333,333,350,350,350,384,15,15,110,110,110,35,35,35,35,35,35,35,35,35,35,35,35,35,35,35,35,35,35,35,35,35,35,35,35,35,35,35,35,35,35,35,35],"floor_reached":51,"playtime":6967,"items_purged":["Strike_G"],"score":1113,"play_id":"b22405d9-2df0-4167-b844-26dfb253f27c","local_time":"20190201203943","is_ascension_mode":true,"campfire_choices":[{"data":"Dagger Spray","floor":7,"key":"SMITH"},{"data":"Neutralize","floor":11,"key":"SMITH"},{"data":"Footwork","floor":15,"key":"SMITH"},{"data":"Tactician","floor":24,"key":"SMITH"},{"data":"Noxious Fumes","floor":28,"key":"SMITH"},{"data":"Acrobatics","floor":30,"key":"SMITH"},{"floor":32,"key":"REST"},{"data":"Tactician","floor":40,"key":"SMITH"},{"floor":49,"key":"REST"}],"neow_cost":"NONE","seed_source_timestamp":15406026666457,"circlet_count":0,"master_deck":["AscendersBane","Defend_G","Defend_G","Defend_G+1","Defend_G","Defend_G+1","Strike_G","Survivor","Neutralize+1","Dagger Spray+1","All Out Attack","Poisoned Stab","PiercingWail","Caltrops","Footwork+1","Bullet Time","Acrobatics+1","Dash","Tactician+1","Concentrate+1","Noxious Fumes+1","Leg Sweep","Night Terror+1","Catalyst+1","Deadly Poison+1","Backflip+1","Tactician+1","Malaise","Dagger Throw","PiercingWail+1","Acrobatics","Acrobatics"],"relics":["Ring of the Snake","Meat on the Bone","War Paint","Matryoshka","Happy Flower","Tough Bandages","Ectoplasm","Pocketwatch","Vajra","Singing Bowl","Potion Belt","Astrolabe","Shovel","MawBank","Dream Catcher","Bottled Flame"],"potions_floor_usage":[5,6,13,18,23,23,38,50,50],"damage_taken":[{"damage":1,"enemies":"Cultist","floor":1,"turns":5},{"damage":2,"enemies":"Jaw Worm","floor":2,"turns":7},{"damage":1,"enemies":"Small Slimes","floor":3,"turns":3},{"damage":4,"enemies":"Looter","floor":4,"turns":5},{"damage":0,"enemies":"Gremlin Gang","floor":5,"turns":1},{"damage":17,"enemies":"3 Sentries","floor":6,"turns":5},{"damage":21,"enemies":"Gremlin Nob","floor":8,"turns":4},{"damage":5,"enemies":"Red Slaver","floor":10,"turns":4},{"damage":21,"enemies":"Lagavulin","floor":13,"turns":6},{"damage":1,"enemies":"Hexaghost","floor":16,"turns":12},{"damage":4,"enemies":"Spheric Guardian","floor":18,"turns":6},{"damage":0,"enemies":"Chosen","floor":22,"turns":6},{"damage":21,"enemies":"Slavers","floor":23,"turns":7},{"damage":0,"enemies":"Snecko","floor":25,"turns":5},{"damage":3,"enemies":"Book of Stabbing","floor":27,"turns":8},{"damage":0,"enemies":"Shelled Parasite and Fungi","floor":31,"turns":5},{"damage":10,"enemies":"Collector","floor":33,"turns":11},{"damage":7,"enemies":"3 Shapes","floor":35,"turns":6},{"damage":0,"enemies":"3 Darklings","floor":37,"turns":4},{"damage":0,"enemies":"Spire Growth","floor":38,"turns":2},{"damage":26,"enemies":"Giant Head","floor":41,"turns":9},{"damage":0,"enemies":"Transient","floor":42,"turns":5},{"damage":11,"enemies":"Nemesis","floor":44,"turns":7},{"damage":3,"enemies":"Sphere and 2 Shapes","floor":45,"turns":8},{"damage":34,"enemies":"Jaw Worm Horde","floor":48,"turns":6},{"damage":33,"enemies":"Time Eater","floor":50,"turns":17}],"seed_played":"-5077193981464014176","potions_obtained":[{"floor":3,"key":"Regen Potion"},{"floor":4,"key":"Explosive Potion"},{"floor":10,"key":"EssenceOfSteel"},{"floor":12,"key":"FearPotion"},{"floor":12,"key":"Weak Potion"},{"floor":13,"key":"SpeedPotion"},{"floor":16,"key":"EssenceOfSteel"},{"floor":18,"key":"Strength Potion"},{"floor":22,"key":"SmokeBomb"},{"floor":41,"key":"Ancient Potion"},{"floor":42,"key":"PowerPotion"},{"floor":48,"key":"AttackPotion"}],"is_trial":false,"path_per_floor":["M","M","M","M","M","E","R","E","T","M","R","?","E","$","R","B",null,"M","$","?","$","M","E","R","M","T","E","R","?","R","M","R","B",null,"M","?","M","M","$","R","E","M","T","E","M","?","$","M","R","B",null],"character_chosen":"THE_SILENT","items_purchased":["Tough Bandages","Footwork"],"campfire_rested":2,"item_purchase_floors":[14,14],"current_hp_per_floor":[62,60,59,55,55,52,52,43,43,38,38,38,29,29,29,40,63,59,59,52,52,52,43,43,43,43,40,40,40,40,40,61,51,65,60,60,60,60,60,60,46,46,46,47,46,46,46,24,46,25],"gold":35,"neow_bonus":"HUNDRED_GOLD","is_prod":false,"is_daily":false,"chose_seed":false,"campfire_upgraded":7,"win_rate":0,"timestamp":1549006783,"path_taken":["M","?","M","?","M","E","R","E","T","M","R","?","E","$","R","BOSS","M","$","?","?","M","E","R","M","T","E","R","?","R","M","R","BOSS","M","?","M","?","?","R","E","M","T","E","M","?","?","?","R","BOSS"],"build_version":"2019-01-23","purchased_purges":1,"victory":true,"max_hp_per_floor":[70,70,70,70,70,70,70,70,70,70,70,70,70,70,70,70,70,70,70,70,70,70,70,70,70,70,70,70,70,70,70,70,70,70,72,72,72,72,72,72,72,72,72,72,74,74,74,74,74,74],"card_choices":[{"not_picked":["Dagger Throw","Poisoned Stab"],"picked":"Dagger Spray","floor":1},{"not_picked":["Bane","Prepared"],"picked":"All Out Attack","floor":2},{"not_picked":["Bane","Flechettes","Blade Dance"],"picked":"SKIP","floor":3},{"not_picked":["All Out Attack","Dodge and Roll","Choke"],"picked":"SKIP","floor":4},{"not_picked":["Slice","Outmaneuver","Backflip"],"picked":"SKIP","floor":5},{"not_picked":["Heel Hook","Infinite Blades"],"picked":"Poisoned Stab","floor":6},{"not_picked":["Setup","Underhanded Strike","Slice"],"picked":"SKIP","floor":8},{"not_picked":["Doppelganger","Acrobatics"],"picked":"PiercingWail","floor":10},{"not_picked":["Prepared","Masterful Stab"],"picked":"Caltrops","floor":13},{"not_picked":["Venomology","A Thousand Cuts"],"picked":"Bullet Time","floor":16},{"not_picked":["Deflect+1","Terror"],"picked":"Acrobatics","floor":18},{"not_picked":["Accuracy+1","Deflect+1"],"picked":"Dash","floor":22},{"not_picked":["Skewer","Grand Finale"],"picked":"Tactician","floor":23},{"not_picked":["Flying Knee","Heel Hook"],"picked":"Concentrate+1","floor":25},{"not_picked":["Riddle With Holes","Dodge and Roll"],"picked":"Noxious Fumes","floor":27},{"not_picked":["Footwork","Well Laid Plans"],"picked":"Leg Sweep","floor":31},{"not_picked":["Grand Finale","Glass Knife"],"picked":"Night Terror","floor":33},{"not_picked":["Dodge and Roll","Dagger Spray","Slice"],"picked":"Singing Bowl","floor":35},{"not_picked":["Bane+1","Leg Sweep"],"picked":"Tactician","floor":37},{"not_picked":["Skewer","Poisoned Stab+1"],"picked":"Malaise","floor":41},{"not_picked":["Dodge and Roll+1","Sucker Punch"],"picked":"Dagger Throw","floor":42},{"not_picked":["Tactician","Masterful Stab+1"],"picked":"PiercingWail+1","floor":44},{"not_picked":["Dodge and Roll+1","Deadly Poison","Poisoned Stab+1"],"picked":"Singing Bowl","floor":45},{"not_picked":["Terror","Crippling Poison"],"picked":"Acrobatics","floor":48},{"not_picked":["Prepared","Bane+1"],"picked":"Acrobatics","floor":49}],"player_experience":147946,"relics_obtained":[{"floor":6,"key":"Meat on the Bone"},{"floor":8,"key":"War Paint"},{"floor":9,"key":"Matryoshka"},{"floor":13,"key":"Happy Flower"},{"floor":23,"key":"Pocketwatch"},{"floor":26,"key":"Vajra"},{"floor":26,"key":"Singing Bowl"},{"floor":27,"key":"Potion Belt"},{"floor":41,"key":"Shovel"},{"floor":43,"key":"MawBank"},{"floor":43,"key":"Dream Catcher"},{"floor":44,"key":"Bottled Flame"}],"event_choices":[{"damage_healed":0,"gold_gain":0,"player_choice":"Got Potions","damage_taken":0,"max_hp_gain":0,"max_hp_loss":0,"event_name":"Lab","floor":12,"gold_loss":0},{"damage_healed":0,"gold_gain":75,"player_choice":"Touch","damage_taken":7,"max_hp_gain":0,"max_hp_loss":0,"event_name":"FaceTrader","floor":20,"gold_loss":0},{"damage_healed":0,"gold_gain":99,"player_choice":"Stole From Cult","damage_taken":0,"max_hp_gain":0,"max_hp_loss":0,"event_name":"Nest","floor":29,"gold_loss":0},{"damage_healed":0,"gold_gain":0,"player_choice":"Upgraded","damage_taken":0,"max_hp_gain":0,"max_hp_loss":0,"event_name":"Upgrade Shrine","floor":36,"gold_loss":0,"cards_upgraded":["Night Terror"]},{"damage_healed":0,"gold_gain":0,"player_choice":"Ignored","damage_taken":0,"max_hp_gain":0,"max_hp_loss":0,"event_name":"Mysterious Sphere","floor":46,"gold_loss":0}],"is_beta":false,"boss_relics":[{"not_picked":["Fusion Hammer","White Beast Statue"],"picked":"Ectoplasm"},{"not_picked":["Sozu","Snecko Eye"],"picked":"Astrolabe"}],"items_purged_floors":[19],"is_endless":false,"potions_floor_spawned":[3,4,10,13,16,18,22,38,41,42,48],"ascension_level":10}