{"gold_per_floor":[366,40,57,57,57,57,88,6,6,6,6,26,62,76,76,76],"floor_reached":16,"playtime":720,"items_purged":[],"score":216,"play_id":"7aca1259-277f-48e4-945f-b3d57a8e8d7c","local_time":"20190217190745","is_ascension_mode":true,"campfire_choices":[{"data":"Whirlwind","floor":6,"key":"SMITH"},{"data":"True Grit","floor":10,"key":"SMITH"},{"floor":15,"key":"REST"}],"neow_cost":"TEN_PERCENT_HP_LOSS","seed_source_timestamp":29683679356641,"circlet_count":0,"master_deck":["AscendersBane","Strike_R","Strike_R","Strike_R","Strike_R","Strike_R","Defend_R","Defend_R","Defend_R","Defend_R","Bash+1","Whirlwind+1","Sword Boomerang+1","True Grit+1","Headbutt","Reaper","Armaments+1"],"relics":["Burning Blood","Gambling Chip","Golden Idol","Strawberry","Toxic Egg 2","Molten Egg 2"],"potions_floor_usage":[13,13,16],"damage_taken":[{"damage":10,"enemies":"2 Louse","floor":1,"turns":4},{"damage":16,"enemies":"Jaw Worm","floor":3,"turns":5},{"damage":25,"enemies":"3 Sentries","floor":7,"turns":6},{"damage":0,"enemies":"Cultist","floor":12,"turns":2},{"damage":25,"enemies":"Lagavulin","floor":13,"turns":6},{"damage":6,"enemies":"Blue Slaver","floor":14,"turns":4},{"damage":58,"enemies":"Hexaghost","floor":16,"turns":9}],"seed_played":"-4000888018117727958","potions_obtained":[{"floor":1,"key":"Dexterity Potion"},{"floor":13,"key":"GamblersBrew"},{"floor":14,"key":"SteroidPotion"}],"is_trial":false,"path_per_floor":["M","$","M","?","?","R","E","$","T","R","?","M","E","M","R","B"],"character_chosen":"IRONCLAD","items_purchased":["Gambling Chip","Headbutt","Explosive Potion"],"campfire_rested":1,"item_purchase_floors":[2,8,8],"current_hp_per_floor":[64,64,54,54,54,54,42,42,42,42,42,48,29,29,49,0],"gold":76,"neow_bonus":"TWO_FIFTY_GOLD","is_prod":false,"is_daily":false,"chose_seed":false,"campfire_upgraded":2,"win_rate":0,"timestamp":1550383665,"path_taken":["M","$","M","?","?","R","E","$","T","R","?","M","E","M","R","BOSS"],"build_version":"2019-01-23","purchased_purges":0,"victory":false,"max_hp_per_floor":[68,68,68,68,62,62,69,69,69,69,69,69,69,69,69,69],"card_choices":[{"not_picked":["True Grit","Clash"],"picked":"Whirlwind","floor":1},{"not_picked":["Clash","Corruption"],"picked":"Sword Boomerang","floor":3},{"not_picked":["Thunderclap","Cleave"],"picked":"True Grit","floor":7},{"not_picked":["Body Slam","Seeing Red+1"],"picked":"Reaper","floor":12},{"not_picked":["Bloodletting+1","Second Wind+1","Cleave"],"picked":"SKIP","floor":13},{"not_picked":["Sever Soul+1","Thunderclap+1"],"picked":"Armaments+1","floor":14}],"player_experience":301033,"relics_obtained":[{"floor":7,"key":"Strawberry"},{"floor":9,"key":"Toxic Egg 2"},{"floor":13,"key":"Molten Egg 2"}],"event_choices":[{"damage_healed":0,"gold_gain":0,"player_choice":"Grow","damage_taken":0,"max_hp_gain":0,"max_hp_loss":0,"event_name":"Living Wall","floor":4,"gold_loss":0,"cards_upgraded":["Bash"]},{"damage_healed":0,"gold_gain":0,"player_choice":"Lose Max HP","damage_taken":0,"relics_obtained":["Golden Idol"],"max_hp_gain":0,"max_hp_loss":6,"event_name":"Golden Idol","floor":5,"gold_loss":0},{"damage_healed":0,"gold_gain":0,"player_choice":"Forge","damage_taken":0,"max_hp_gain":0,"max_hp_loss":0,"event_name":"Accursed Blacksmith","floor":11,"gold_loss":0,"cards_upgraded":["Sword Boomerang"]}],"is_beta":false,"boss_relics":[],"items_purged_floors":[],"is_endless":false,"potions_floor_spawned":[1,13,14],"killed_by":"Hexaghost","ascension_level":20}