{"gold_per_floor":[109,121,141,153,163,188,188,222,234,64,64,79,79,94,94,190,190,204,227,152,164,164,189,189,189,189,206,206,221,136,166,166,262,312,330,347,347,35,35,35,45,57,82,82,82,96,96,115,115,115],"floor_reached":50,"playtime":6058,"items_purged":["Strike_G"],"score":519,"play_id":"13a8fd29-159c-46c4-ac02-a54629a9956c","local_time":"20190113104515","is_ascension_mode":false,"campfire_choices":[{"data":"Adrenaline","floor":7,"key":"SMITH"},{"floor":11,"key":"REST"},{"data":"Noxious Fumes","floor":13,"key":"SMITH"},{"floor":15,"key":"REST"},{"floor":24,"key":"REST"},{"data":"Adrenaline","floor":25,"key":"SMITH"},{"data":"Tactician","floor":28,"key":"SMITH"},{"floor":32,"key":"REST"},{"data":"Catalyst","floor":40,"key":"SMITH"},{"data":"Tactician","floor":44,"key":"SMITH"},{"floor":49,"key":"REST"}],"neow_cost":"TEN_PERCENT_HP_LOSS","seed_source_timestamp":209058745988251,"circlet_count":0,"master_deck":["Defend_G","Defend_G","Defend_G","Defend_G","Defend_G","Strike_G","Strike_G+1","Strike_G","Survivor","Neutralize","Adrenaline+1","Catalyst+1","Endless Agony","Crippling Poison","Backflip","Deadly Poison","Noxious Fumes+1","PiercingWail","Prepared","Bouncing Flask","Adrenaline+1","Tactician+1","Tactician+1","Writhe","Acrobatics+1","Caltrops+1","Leg Sweep","A Thousand Cuts","Corpse Explosion","Prepared+1","Bouncing Flask+1","Master of Strategy","Escape Plan"],"relics":["Ring of the Snake","Bottled Flame","MawBank","Pear","Sozu","Bag of Preparation","WingedGreaves","Question Card","StoneCalendar","Ice Cream","Orichalcum","Tiny House","Strawberry","Bag of Marbles"],"potions_floor_usage":[6,8,8],"damage_taken":[{"damage":0,"enemies":"Cultist","floor":1,"turns":4},{"damage":0,"enemies":"Jaw Worm","floor":2,"turns":4},{"damage":0,"enemies":"Small Slimes","floor":3,"turns":4},{"damage":8,"enemies":"2 Fungi Beasts","floor":4,"turns":3},{"damage":17,"enemies":"Exordium Thugs","floor":5,"turns":7},{"damage":1,"enemies":"Gremlin Nob","floor":6,"turns":3},{"damage":33,"enemies":"Lagavulin","floor":8,"turns":10},{"damage":5,"enemies":"Blue Slaver","floor":12,"turns":3},{"damage":0,"enemies":"3 Louse","floor":14,"turns":2},{"damage":27,"enemies":"Hexaghost","floor":16,"turns":8},{"damage":10,"enemies":"2 Thieves","floor":18,"turns":4},{"damage":0,"enemies":"Chosen","floor":21,"turns":4},{"damage":33,"enemies":"Slavers","floor":23,"turns":6},{"damage":5,"enemies":"Snecko","floor":27,"turns":5},{"damage":1,"enemies":"Cultist and Chosen","floor":29,"turns":4},{"damage":6,"enemies":"Book of Stabbing","floor":31,"turns":4},{"damage":30,"enemies":"Collector","floor":33,"turns":7},{"damage":14,"enemies":"3 Darklings","floor":35,"turns":3},{"damage":9,"enemies":"3 Shapes","floor":36,"turns":4},{"damage":2,"enemies":"3 Darklings","floor":41,"turns":3},{"damage":4,"enemies":"Maw","floor":42,"turns":4},{"damage":0,"enemies":"Jaw Worm Horde","floor":46,"turns":3},{"damage":28,"enemies":"Sphere and 2 Shapes","floor":48,"turns":4},{"damage":53,"enemies":"Donu and Deca","floor":50,"turns":7}],"seed_played":"6424522270539425051","potions_obtained":[{"floor":3,"key":"Poison Potion"},{"floor":5,"key":"LiquidBronze"},{"floor":6,"key":"Strength Potion"},{"floor":16,"key":"PowerPotion"}],"is_trial":false,"path_per_floor":["M","M","M","M","M","E","R","E","T","$","R","M","R","M","R","B",null,"M","T","?","M","?","E","R","R","T","M","R","M","?","E","R","B",null,"M","M","?","$","$","R","M","M","T","R","?","M","?","M","R","B"],"character_chosen":"THE_SILENT","items_purchased":["Noxious Fumes","PiercingWail","Master of Strategy","Strawberry"],"campfire_rested":5,"item_purchase_floors":[10,10,38,38],"current_hp_per_floor":[63,63,63,55,38,37,37,4,14,14,35,30,30,30,51,24,73,63,63,63,63,63,30,51,51,51,46,46,45,45,39,60,30,78,64,55,55,62,62,62,60,56,56,56,56,56,56,28,52,0],"gold":115,"neow_bonus":"THREE_RARE_CARDS","is_prod":false,"is_daily":false,"chose_seed":false,"campfire_upgraded":6,"win_rate":0.0,"timestamp":1547405115,"path_taken":["M","M","M","M","M","E","R","E","T","$","R","M","R","M","R","BOSS","M","?","?","M","?","E","R","R","T","M","R","M","?","E","R","BOSS","M","M","?","?","$","R","M","M","T","R","?","M","?","M","R","BOSS"],"build_version":"2019-01-10","purchased_purges":1,"victory":false,"max_hp_per_floor":[63,63,63,63,63,63,63,63,73,73,73,73,73,73,73,73,73,73,73,73,73,73,73,73,73,73,73,73,73,73,73,73,73,78,78,78,78,85,85,85,85,85,85,85,81,81,81,81,81,81],"card_choices":[{"not_picked":["Die Die Die","Unload"],"picked":"Adrenaline","floor":0},{"not_picked":["Acrobatics","Blade Dance"],"picked":"Catalyst","floor":1},{"not_picked":["Deflect","Skewer"],"picked":"Endless Agony","floor":2},{"not_picked":["Footwork","Underhanded Strike"],"picked":"Crippling Poison","floor":3},{"not_picked":["Bane","Underhanded Strike","Outmaneuver"],"picked":"SKIP","floor":4},{"not_picked":["Acrobatics","Unload"],"picked":"Backflip","floor":5},{"not_picked":["Quick Slash","Flying Knee","Underhanded Strike"],"picked":"SKIP","floor":6},{"not_picked":["Unload","Flechettes"],"picked":"Deadly Poison","floor":8},{"not_picked":["Underhanded Strike","Dodge and Roll"],"picked":"Prepared","floor":12},{"not_picked":["Prepared","Bane"],"picked":"Bouncing Flask","floor":14},{"not_picked":["Wraith Form v2","Tools of the Trade"],"picked":"Adrenaline","floor":16},{"not_picked":["Choke+1","Dagger Throw"],"picked":"Tactician","floor":18},{"not_picked":["Dagger Spray","Heel Hook+1"],"picked":"Tactician","floor":21},{"not_picked":["Finisher","Night Terror"],"picked":"Acrobatics+1","floor":23},{"not_picked":["Deflect","Dagger Throw","Underhanded Strike+1"],"picked":"Caltrops+1","floor":27},{"not_picked":["Escape Plan","Backflip+1","Caltrops"],"picked":"Leg Sweep","floor":29},{"not_picked":["Sucker Punch","Acrobatics","PiercingWail"],"picked":"A Thousand Cuts","floor":31},{"not_picked":["Venomology","Glass Knife","Die Die Die"],"picked":"Corpse Explosion","floor":33},{"not_picked":["Acrobatics","Calculated Gamble","All Out Attack"],"picked":"Prepared","floor":34},{"not_picked":["Sucker Punch+1","Deadly Poison","Bane"],"picked":"Bouncing Flask+1","floor":35},{"not_picked":["Dagger Throw","Backstab+1","Slice","Blade Dance+1"],"picked":"SKIP","floor":36},{"not_picked":["Deflect","Acrobatics","Distraction"],"picked":"Escape Plan","floor":41},{"not_picked":["Endless Agony+1","Deadly Poison","Slice+1","Blur"],"picked":"SKIP","floor":42},{"not_picked":["Riddle With Holes+1","Reflex+1","Underhanded Strike","Quick Slash"],"picked":"SKIP","floor":46},{"not_picked":["Quick Slash+1","Slice+1","Blur+1","Eviscerate"],"picked":"SKIP","floor":48}],"player_experience":43080,"relics_obtained":[{"floor":6,"key":"Bottled Flame"},{"floor":8,"key":"MawBank"},{"floor":9,"key":"Pear"},{"floor":19,"key":"Bag of Preparation"},{"floor":23,"key":"Question Card"},{"floor":26,"key":"StoneCalendar"},{"floor":31,"key":"Orichalcum"},{"floor":43,"key":"Bag of Marbles"}],"event_choices":[{"cards_removed":["Strike_G"],"damage_healed":0,"gold_gain":0,"player_choice":"Gave Gold","damage_taken":0,"max_hp_gain":0,"max_hp_loss":0,"event_name":"Beggar","floor":20,"gold_loss":75},{"damage_healed":0,"gold_gain":0,"player_choice":"Opened","damage_taken":0,"relics_obtained":["WingedGreaves"],"max_hp_gain":0,"max_hp_loss":0,"event_name":"The Mausoleum","floor":22,"gold_loss":0,"cards_obtained":["Writhe"]},{"damage_healed":0,"gold_gain":0,"player_choice":"Obtained Relic","damage_taken":0,"relics_obtained":["Ice Cream"],"max_hp_gain":0,"max_hp_loss":0,"event_name":"Addict","floor":30,"gold_loss":85},{"damage_healed":0,"gold_gain":0,"player_choice":"Got Potions","damage_taken":0,"max_hp_gain":0,"max_hp_loss":0,"event_name":"Lab","floor":37,"gold_loss":0},{"damage_healed":0,"gold_gain":0,"player_choice":"Max HP","damage_taken":0,"max_hp_gain":0,"max_hp_loss":4,"event_name":"Winding Halls","floor":45,"gold_loss":0},{"damage_healed":0,"gold_gain":0,"player_choice":"Upgraded","damage_taken":0,"max_hp_gain":0,"max_hp_loss":0,"event_name":"Upgrade Shrine","floor":47,"gold_loss":0,"cards_upgraded":["Prepared"]}],"is_beta":false,"boss_relics":[{"not_picked":["Runic Pyramid","Runic Dome"],"picked":"Sozu"},{"not_picked":["Eternal Feather","White Beast Statue"],"picked":"Tiny House"}],"items_purged_floors":[10],"is_endless":false,"potions_floor_spawned":[3,5,6,16,21,23,42,46,48],"killed_by":"Donu and Deca","ascension_level":0}