{"path_per_floor":["M","?","?","?","?","E","R","E","T","M","M","R","E","M","R"],"character_chosen":"DEFECT","items_purchased":[],"gold_per_floor":[117,117,97,172,172,210,210,250,250,274,288,288,324,342,342,342],"floor_reached":16,"campfire_rested":3,"playtime":469,"item_purchase_floors":[],"current_hp_per_floor":[38,38,38,27,27,11,31,18,18,18,18,38,15,15,50,0],"items_purged":[],"gold":342,"score":130,"play_id":"2e352647-d97b-4fb2-94f2-7061e19d2b49","local_time":"20180608023219","is_prod":false,"is_daily":false,"chose_seed":false,"is_ascension_mode":true,"campfire_upgraded":0,"win_rate":0,"timestamp":1528381939,"campfire_choices":[{"floor":7,"key":"REST"},{"floor":12,"key":"REST"},{"floor":15,"key":"REST"}],"path_taken":["M","?","?","?","?","E","R","E","T","M","?","R","E","M","R","BOSS"],"build_version":"2018-05-31","seed_source_timestamp":268237894893306,"purchased_purges":0,"victory":false,"master_deck":["Strike_B","Strike_B","Strike_B","Defend_B","Defend_B","Defend_B","Defend_B","Zap","Dualcast","Biased Cognition","Gash","Coolheaded","Conserve Battery","Defragment","White Noise","Coolheaded","Coolheaded"],"max_hp_per_floor":[75,75,75,75,69,69,69,69,69,69,69,69,69,69,69,69],"relics":["Cracked Core","Golden Idol","Vajra","Bag of Marbles","Centennial Puzzle","Regal Pillow"],"card_choices":[{"not_picked":["Machine Learning","Hyperbeam"],"picked":"Biased Cognition","floor":0},{"not_picked":["Sweeping Beam","Force Field"],"picked":"Gash","floor":1},{"not_picked":["Chill","Rebound"],"picked":"Coolheaded","floor":6},{"not_picked":["Heatsinks","Static Discharge"],"picked":"Conserve Battery","floor":8},{"not_picked":["Genetic Algorithm","Rebound"],"picked":"Defragment","floor":10},{"not_picked":["Hyperbeam","Barrage"],"picked":"White Noise","floor":11},{"not_picked":["Creative AI","Barrage"],"picked":"Coolheaded","floor":13},{"not_picked":["Turbo","Conserve Battery"],"picked":"Coolheaded","floor":14}],"player_experience":252398,"potions_floor_usage":[6,8,13,16],"damage_taken":[{"damage":0,"enemies":"Small Slimes","floor":1,"turns":2},{"damage":16,"enemies":"Lagavulin","floor":6,"turns":5},{"damage":13,"enemies":"Gremlin Nob","floor":8,"turns":3},{"damage":0,"enemies":"Cultist","floor":10,"turns":3},{"damage":0,"enemies":"2 Louse","floor":11,"turns":2},{"damage":23,"enemies":"3 Sentries","floor":13,"turns":9},{"damage":0,"enemies":"2 Fungi Beasts","floor":14,"turns":3},{"damage":53,"enemies":"Slime Boss","floor":16,"turns":14}],"relics_obtained":[{"floor":6,"key":"Vajra"},{"floor":8,"key":"Bag of Marbles"},{"floor":9,"key":"Centennial Puzzle"},{"floor":13,"key":"Regal Pillow"}],"event_choices":[{"event_name":"Purifier","player_choice":"One Purge","floor":2,"damage_taken":0},{"event_name":"The Woman in Blue","player_choice":"Bought 1 Potion","floor":3,"damage_taken":0},{"event_name":"World of Goop","player_choice":"Gather Gold","floor":4,"damage_taken":0},{"event_name":"Golden Idol","player_choice":"Lose Max HP","floor":5,"damage_taken":0}],"boss_relics":[],"items_purged_floors":[],"potions_floor_spawned":[6,8,11],"seed_played":"-9169929873164836252","killed_by":"Slime Boss","ascension_level":2,"potions_obtained":[{"floor":3,"key":"Fire Potion"},{"floor":6,"key":"AttackPotion"},{"floor":8,"key":"Swift Potion"},{"floor":11,"key":"Weak Potion"}],"is_trial":false}