{"gold_per_floor":[117,117,117,30,44,44,379,391,391,419,435,435,435,450,450,527,527,538,538,538,551,22,52,52,102,102,102,102,132,132,142,142,142],"floor_reached":33,"playtime":2724,"items_purged":[],"score":632,"play_id":"930bef30-3ce5-4252-b751-f3c626e9702f","local_time":"20190228183331","is_ascension_mode":true,"campfire_choices":[{"data":"Neutralize","floor":6,"key":"SMITH"},{"data":"Cloak And Dagger","floor":13,"key":"SMITH"},{"data":"Leg Sweep","floor":15,"key":"SMITH"},{"data":"Wraith Form v2","floor":24,"key":"SMITH"},{"data":"After Image","floor":28,"key":"SMITH"},{"floor":30,"key":"REST"},{"data":"Infinite Blades","floor":32,"key":"SMITH"}],"neow_cost":"NONE","seed_source_timestamp":20649222452047,"circlet_count":0,"master_deck":["AscendersBane","Defend_G","Defend_G","Defend_G","Defend_G","Defend_G","Strike_G","Strike_G","Survivor","Neutralize+1","Flying Knee","Dash","Dash","Leg Sweep+1","Dagger Throw","Adrenaline","Cloak And Dagger+1","PiercingWail","Wraith Form v2+1","Bouncing Flask","Acrobatics","After Image+1","PiercingWail","Bouncing Flask","Envenom","Escape Plan","Infinite Blades+1"],"relics":["Ring of the Snake","NeowsBlessing","Old Coin","StoneCalendar","Kunai","Juzu Bracelet","Sozu","FossilizedHelix","Boot","Singing Bowl","Oddly Smooth Stone"],"potions_floor_usage":[14,16],"damage_taken":[{"damage":0,"enemies":"Cultist","floor":1,"turns":1},{"damage":0,"enemies":"Small Slimes","floor":5,"turns":1},{"damage":0,"enemies":"Gremlin Nob","floor":7,"turns":1},{"damage":0,"enemies":"Jaw Worm","floor":8,"turns":3},{"damage":22,"enemies":"3 Sentries","floor":10,"turns":7},{"damage":3,"enemies":"Blue Slaver","floor":11,"turns":4},{"damage":0,"enemies":"Gremlin Gang","floor":14,"turns":5},{"damage":11,"enemies":"Hexaghost","floor":16,"turns":13},{"damage":0,"enemies":"3 Byrds","floor":18,"turns":7},{"damage":1,"enemies":"Shell Parasite","floor":21,"turns":5},{"damage":15,"enemies":"Book of Stabbing","floor":23,"turns":7},{"damage":19,"enemies":"Slavers","floor":29,"turns":7},{"damage":0,"enemies":"Snake Plant","floor":31,"turns":6},{"damage":33,"enemies":"Champ","floor":33,"turns":32}],"seed_played":"5732144145935617532","potions_obtained":[{"floor":1,"key":"Poison Potion"},{"floor":7,"key":"Energy Potion"}],"is_trial":false,"path_per_floor":["M","$","?","$","M","R","E","M","T","E","M","T","R","M","R","B",null,"M","?","?","M","$","E","R","?","T","?","R","E","R","M","R","B"],"character_chosen":"THE_SILENT","items_purchased":["Dash","After Image","PiercingWail","FossilizedHelix"],"campfire_rested":1,"item_purchase_floors":[4,22,22,22],"current_hp_per_floor":[59,59,59,59,59,59,59,59,59,37,34,34,34,34,34,23,55,55,55,55,54,54,39,39,33,33,33,33,14,33,33,33,0],"gold":142,"neow_bonus":"THREE_ENEMY_KILL","is_prod":false,"is_daily":false,"chose_seed":false,"campfire_upgraded":6,"win_rate":0,"timestamp":1551332011,"path_taken":["M","?","?","$","M","R","E","M","T","E","M","?","R","M","R","BOSS","M","?","?","M","$","E","R","?","T","?","R","E","R","M","R","BOSS"],"build_version":"2019-01-23","purchased_purges":0,"victory":false,"max_hp_per_floor":[66,66,66,66,66,66,66,66,66,66,66,66,66,66,66,66,66,66,66,66,66,66,66,66,66,66,66,66,66,66,66,66,66],"card_choices":[{"not_picked":["Flechettes","Escape Plan"],"picked":"Flying Knee","floor":1},{"not_picked":["Blade Dance","Deflect"],"picked":"Dash","floor":5},{"not_picked":["A Thousand Cuts","Quick Slash"],"picked":"Leg Sweep","floor":7},{"not_picked":["Crippling Poison","Sucker Punch"],"picked":"Dagger Throw","floor":8},{"not_picked":["Deflect","Outmaneuver"],"picked":"Adrenaline","floor":10},{"not_picked":["Deadly Poison","Reflex"],"picked":"Cloak And Dagger","floor":11},{"not_picked":["Quick Slash","Poisoned Stab"],"picked":"PiercingWail","floor":14},{"not_picked":["Envenom","Night Terror"],"picked":"Wraith Form v2","floor":16},{"not_picked":["Terror","Leg Sweep"],"picked":"Bouncing Flask","floor":18},{"not_picked":["Dagger Throw","Accuracy"],"picked":"Acrobatics","floor":21},{"not_picked":["Predator","Tactician","Masterful Stab"],"picked":"SKIP","floor":23},{"not_picked":["Acrobatics","Storm of Steel"],"picked":"Escape Plan","floor":29},{"not_picked":["Eviscerate","Caltrops"],"picked":"Infinite Blades","floor":31}],"player_experience":485942,"relics_obtained":[{"floor":7,"key":"Old Coin"},{"floor":9,"key":"StoneCalendar"},{"floor":10,"key":"Kunai"},{"floor":12,"key":"Juzu Bracelet"},{"floor":23,"key":"Boot"},{"floor":26,"key":"Singing Bowl"},{"floor":29,"key":"Oddly Smooth Stone"}],"event_choices":[{"damage_healed":0,"gold_gain":0,"player_choice":"Leave","damage_taken":0,"max_hp_gain":0,"max_hp_loss":0,"event_name":"The Cleric","floor":3,"gold_loss":0},{"cards_removed":["Strike_G"],"damage_healed":0,"gold_gain":0,"player_choice":"Offered Basic","damage_taken":0,"max_hp_gain":0,"max_hp_loss":0,"event_name":"Bonfire Elementals","floor":19,"gold_loss":0},{"damage_healed":0,"gold_gain":0,"player_choice":"Ignored","damage_taken":0,"max_hp_gain":0,"max_hp_loss":0,"event_name":"The Mausoleum","floor":20,"gold_loss":0},{"damage_healed":0,"gold_gain":50,"player_choice":"Touch","damage_taken":6,"max_hp_gain":0,"max_hp_loss":0,"event_name":"FaceTrader","floor":25,"gold_loss":0},{"damage_healed":0,"gold_gain":0,"cards_transformed":["Strike_G","Strike_G"],"player_choice":"Became Test Subject","damage_taken":0,"max_hp_gain":0,"max_hp_loss":0,"event_name":"Drug Dealer","floor":27,"gold_loss":0,"cards_obtained":["Bouncing Flask","Envenom"]}],"is_beta":false,"boss_relics":[{"not_picked":["Snecko Eye","Philosopher\u0027s Stone"],"picked":"Sozu"}],"items_purged_floors":[],"is_endless":false,"potions_floor_spawned":[1,7,23,29],"killed_by":"Champ","ascension_level":20}