{"gold_per_floor":[118,118,138,138,149,149,162,162,162,197,215,215,250,5,5,100,100,120,139,54,54,79,79,110,110,110,153,166,166,210,91,91,184,184,208,46,46,171,171,214,214,547,547,547,582,265,294,344,344,344,344,344,344,36,65,65],"floor_reached":56,"playtime":4583,"items_purged":["Anger","Strike_R+1"],"score":2240,"play_id":"9ee5a189-bd2d-42dc-8789-41dfa0146905","local_time":"20190302134840","is_ascension_mode":true,"campfire_choices":[{"data":"Bash","floor":6.0,"key":"SMITH"},{"data":"Carnage","floor":12.0,"key":"SMITH"},{"data":"Juggernaut","floor":15.0,"key":"SMITH"},{"data":"Immolate","floor":23.0,"key":"SMITH"},{"data":"Spot Weakness","floor":25.0,"key":"SMITH"},{"data":"Heavy Blade","floor":32.0,"key":"SMITH"},{"data":"Limit Break","floor":44.0,"key":"SMITH"},{"floor":49.0,"key":"RECALL"},{"floor":53.0,"key":"REST"}],"neow_cost":"NONE","seed_source_timestamp":0,"circlet_count":0,"master_deck":["AscendersBane","Strike_R+1","Strike_R+1","Strike_R+1","Defend_R+1","Defend_R+1","Defend_R+1","Defend_R+1","Bash+1","Twin Strike","Iron Wave","Carnage+1","Cleave","Juggernaut+1","Limit Break+1","Immolate+1","Spot Weakness+1","Armaments","Headbutt","Heavy Blade+1","Corruption","Dark Embrace","Spot Weakness+1","Shrug It Off","Dark Shackles","Seeing Red","True Grit","Double Tap","Disarm","Clothesline","Flame Barrier"],"special_seed":0,"relics":["Burning Blood","Mummified Hand","Mango","Happy Flower","Centennial Puzzle","Snecko Eye","Dream Catcher","Bag of Marbles","Art of War","Oddly Smooth Stone","MutagenicStrength","Bag of Preparation","Philosopher\u0027s Stone","StoneCalendar","Red Skull","Dodecahedron","Boot","Pen Nib","Juzu Bracelet","Ginger","Bronze Scales","Gremlin Horn"],"potions_floor_usage":[56,56],"damage_taken":[{"damage":3.0,"enemies":"Small Slimes","floor":1.0,"turns":5.0},{"damage":0.0,"enemies":"2 Louse","floor":3.0,"turns":3.0},{"damage":0.0,"enemies":"Cultist","floor":5.0,"turns":3.0},{"damage":16.0,"enemies":"Large Slime","floor":7.0,"turns":5.0},{"damage":14.0,"enemies":"Gremlin Nob","floor":10.0,"turns":4.0},{"damage":11.0,"enemies":"Blue Slaver","floor":11.0,"turns":3.0},{"damage":20.0,"enemies":"Lagavulin","floor":13.0,"turns":7.0},{"damage":8.0,"enemies":"Slime Boss","floor":16.0,"turns":6.0},{"damage":7.0,"enemies":"3 Byrds","floor":18.0,"turns":3.0},{"damage":2.0,"enemies":"Chosen","floor":19.0,"turns":3.0},{"damage":1.0,"enemies":"Centurion and Healer","floor":22.0,"turns":4.0},{"damage":22.0,"enemies":"Slavers","floor":24.0,"turns":3.0},{"damage":2.0,"enemies":"Book of Stabbing","floor":27.0,"turns":3.0},{"damage":0.0,"enemies":"Chosen and Byrds","floor":28.0,"turns":3.0},{"damage":0.0,"enemies":"Slavers","floor":30.0,"turns":1.0},{"damage":19.0,"enemies":"Collector","floor":33.0,"turns":7.0},{"damage":0.0,"enemies":"Orb Walker","floor":35.0,"turns":1.0},{"damage":4.0,"enemies":"Mind Bloom Boss Battle","floor":38.0,"turns":3.0},{"damage":0.0,"enemies":"Nemesis","floor":40.0,"turns":1.0},{"damage":0.0,"enemies":"Reptomancer","floor":45.0,"turns":1.0},{"damage":0.0,"enemies":"Giant Head","floor":47.0,"turns":3.0},{"damage":3.0,"enemies":"2 Orb Walkers","floor":48.0,"turns":2.0},{"damage":51.0,"enemies":"Awakened One","floor":50.0,"turns":5.0},{"damage":28.0,"enemies":"Time Eater","floor":51.0,"turns":4.0},{"damage":3.0,"enemies":"Shield and Spear","floor":55.0,"turns":2.0},{"damage":105,"enemies":"The Heart","floor":56,"turns":5}],"seed_played":"2894994014231078255","potions_obtained":[{"floor":5.0,"key":"GamblersBrew"},{"floor":7.0,"key":"Weak Potion"},{"floor":11.0,"key":"SteroidPotion"},{"floor":16.0,"key":"Energy Potion"},{"floor":24.0,"key":"Weak Potion"},{"floor":27.0,"key":"SkillPotion"},{"floor":38.0,"key":"Ancient Potion"}],"is_trial":false,"path_per_floor":["M","?","M","?","M","R","M","?","T","E","M","R","E","$","R","B",null,"M","M","?","?","M","R","E","R","T","E","M","?","E","$","R","B",null,"M","$","?","?","T","E","?","?","T","R","E","$","E","?","R","B","B",null,"R","$","E","B"],"character_chosen":"IRONCLAD","items_purchased":["Centennial Puzzle","Evolve","Corruption","Shrug It Off","Dark Shackles","SteroidPotion","Double Tap","Pen Nib","Clothesline","Bronze Scales"],"campfire_rested":1,"item_purchase_floors":[14,14,31,36,36,46,46,46,54,54],"current_hp_per_floor":[78,53,59,59,65,65,55,55,55,61,56,56,42,42,42,40,76,75,79,79,79,84,84,68,68,68,72,78,78,84,84,84,71,84,88,88,84,84,84,84,84,84,84,84,84,84,84,84,84,39,17,67,84,84,84,0],"gold":65,"neow_bonus":"TEN_PERCENT_HP_BONUS","is_prod":false,"is_daily":false,"chose_seed":false,"campfire_upgraded":7,"win_rate":0,"timestamp":1551487720,"path_taken":["M","?","M","?","M","R","?","?","T","E","M","R","E","$","R","BOSS","M","M","?","?","M","R","E","R","T","E","M","?","E","?","R","BOSS","M","$","?","?","?","E","?","?","T","R","E","?","E","?","R","BOSS","BOSS","R","$","E","BOSS"],"build_version":"2019-01-23","purchased_purges":2,"victory":false,"max_hp_per_floor":[82,82,82,82,82,82,82,74,74,88,88,88,88,88,88,88,88,88,88,88,88,88,88,88,88,88,88,88,88,88,88,88,88,88,88,88,84,84,84,84,84,84,84,84,84,84,84,84,84,84,84,84,84,84,84,84],"card_choices":[{"not_picked":["Wild Strike","Corruption"],"picked":"Twin Strike","floor":1.0},{"not_picked":["Sword Boomerang","Havoc"],"picked":"Anger","floor":3.0},{"not_picked":["Rage","Headbutt"],"picked":"Iron Wave","floor":5.0},{"not_picked":["Evolve","Combust"],"picked":"Carnage","floor":7.0},{"not_picked":["Inflame","Sever Soul"],"picked":"Cleave","floor":10.0},{"not_picked":["Carnage","Warcry"],"picked":"Juggernaut","floor":11.0},{"not_picked":["Heavy Blade","Warcry"],"picked":"Limit Break","floor":13.0},{"not_picked":["Barricade","Double Tap"],"picked":"Immolate","floor":16.0},{"not_picked":["Flex","Perfected Strike"],"picked":"Spot Weakness","floor":18.0},{"not_picked":["Flex","Second Wind+1"],"picked":"Armaments","floor":19.0},{"not_picked":["Perfected Strike","Clash"],"picked":"Headbutt","floor":22.0},{"not_picked":["Berserk","Pommel Strike","Twin Strike"],"picked":"SKIP","floor":24.0},{"not_picked":["Rage","Anger","Cleave"],"picked":"SKIP","floor":27.0},{"not_picked":["Clash","Evolve","Cleave"],"picked":"SKIP","floor":28.0},{"not_picked":["Anger+1","Warcry"],"picked":"Heavy Blade","floor":30.0},{"not_picked":["Exhume","Double Tap"],"picked":"Dark Embrace","floor":33.0},{"not_picked":["Entrench","Dropkick"],"picked":"Spot Weakness+1","floor":35.0},{"not_picked":["Flex","Second Wind+1"],"picked":"Seeing Red","floor":38.0},{"not_picked":["Dropkick","Twin Strike","Bloodletting"],"picked":"SKIP","floor":40.0},{"not_picked":["Dropkick","Twin Strike","Bloodletting"],"picked":"SKIP","floor":40.0},{"not_picked":["Heavy Blade+1","Twin Strike+1"],"picked":"True Grit","floor":45.0},{"not_picked":["Clash+1","Pommel Strike","Infernal Blade"],"picked":"SKIP","floor":47.0},{"not_picked":["Clash+1","Pommel Strike","Infernal Blade"],"picked":"SKIP","floor":47.0},{"not_picked":["Battle Trance","Body Slam"],"picked":"Disarm","floor":53.0},{"not_picked":["Whirlwind","Pummel"],"picked":"Flame Barrier","floor":55.0}],"player_experience":551961,"relics_obtained":[{"floor":9.0,"key":"Mummified Hand"},{"floor":10.0,"key":"Mango"},{"floor":13.0,"key":"Happy Flower"},{"floor":24.0,"key":"Bag of Marbles"},{"floor":26.0,"key":"Art of War"},{"floor":27.0,"key":"Oddly Smooth Stone"},{"floor":30.0,"key":"Bag of Preparation"},{"floor":38.0,"key":"StoneCalendar"},{"floor":40.0,"key":"Red Skull"},{"floor":43.0,"key":"Dodecahedron"},{"floor":45.0,"key":"Boot"},{"floor":47.0,"key":"Juzu Bracelet"},{"floor":48.0,"key":"Ginger"},{"floor":55.0,"key":"Gremlin Horn"}],"event_choices":[{"damage_healed":0.0,"max_hp_gain":0.0,"max_hp_loss":0.0,"gold_gain":0.0,"event_name":"Shining Light","player_choice":"Entered Light","floor":2.0,"gold_loss":0.0,"damage_taken":25.0,"cards_upgraded":["Strike_R","Strike_R"]},{"cards_removed":["Strike_R"],"damage_healed":0.0,"max_hp_gain":0.0,"max_hp_loss":0.0,"gold_gain":0.0,"event_name":"Bonfire Elementals","player_choice":"Offered Basic","floor":4.0,"gold_loss":0.0,"damage_taken":0.0},{"damage_healed":0.0,"max_hp_gain":0.0,"max_hp_loss":8.0,"gold_gain":0.0,"event_name":"Golden Idol","player_choice":"Lose Max HP","floor":8.0,"gold_loss":0.0,"damage_taken":0.0,"relics_obtained":["Golden Idol"]},{"damage_healed":0.0,"max_hp_gain":0.0,"max_hp_loss":0.0,"gold_gain":0.0,"event_name":"Addict","player_choice":"Obtained Relic","floor":20.0,"gold_loss":85.0,"damage_taken":0.0,"relics_obtained":["Dream Catcher"]},{"damage_healed":0.0,"max_hp_gain":0.0,"max_hp_loss":0.0,"gold_gain":0.0,"event_name":"Back to Basics","player_choice":"Simplicity","floor":21.0,"gold_loss":0.0,"damage_taken":0.0,"cards_upgraded":["Strike_R","Strike_R","Defend_R","Defend_R","Defend_R","Defend_R"]},{"damage_healed":0.0,"max_hp_gain":0.0,"max_hp_loss":0.0,"gold_gain":0.0,"event_name":"Drug Dealer","player_choice":"Inject Mutagens","floor":29.0,"gold_loss":0.0,"damage_taken":0.0,"relics_obtained":["MutagenicStrength"]},{"damage_healed":0.0,"max_hp_gain":0.0,"max_hp_loss":4.0,"gold_gain":0.0,"event_name":"Winding Halls","player_choice":"Max HP","floor":37.0,"gold_loss":0.0,"damage_taken":0.0},{"damage_healed":0.0,"max_hp_gain":0.0,"max_hp_loss":0.0,"gold_gain":0.0,"event_name":"MindBloom","player_choice":"Fight","floor":38.0,"gold_loss":0.0,"damage_taken":0.0},{"cards_removed":["Evolve"],"damage_healed":0.0,"max_hp_gain":0.0,"max_hp_loss":0.0,"gold_gain":0.0,"event_name":"Falling","player_choice":"Removed Power","floor":41.0,"gold_loss":0.0,"damage_taken":0.0},{"damage_healed":0.0,"max_hp_gain":0.0,"max_hp_loss":0.0,"gold_gain":333.0,"event_name":"The Moai Head","player_choice":"Gave Idol","floor":42.0,"relics_lost":["Golden Idol"],"gold_loss":0.0,"damage_taken":0.0},{"damage_healed":0.0,"max_hp_gain":0.0,"max_hp_loss":0.0,"gold_gain":0.0,"event_name":"Mysterious Sphere","player_choice":"Fight","floor":48.0,"gold_loss":0.0,"damage_taken":0.0}],"is_beta":false,"boss_relics":[{"not_picked":["Empty Cage","Fusion Hammer"],"picked":"Snecko Eye"},{"not_picked":["Runic Cube","Eternal Feather"],"picked":"Philosopher\u0027s Stone"}],"items_purged_floors":[31,54],"is_endless":false,"potions_floor_spawned":[5,7,11,16,19,24,27,33,38,40,48],"killed_by":"The Heart","ascension_level":20}