{"gold_per_floor":[409,409,428,93,268,302,316,328,328,328,344,379,379,407,407,511,511,526,540,558,1,19,48,48,48,48,82,82,92,118,118,118,213,213,230,247,264,12,29,59,92,36,36,67,67,92,92,171,171,171],"floor_reached":51,"playtime":2105,"items_purged":["Defend_B"],"score":1264,"play_id":"27312b82-ed89-4978-ad00-32b1e2ff5b16","local_time":"20180704052210","is_ascension_mode":true,"campfire_choices":[{"floor":13,"key":"DIG"},{"floor":15,"key":"DIG"},{"floor":24,"key":"DIG"},{"floor":28,"key":"DIG"},{"floor":32,"key":"DIG"},{"floor":40,"key":"DIG"},{"floor":45,"key":"DIG"},{"floor":47,"key":"DIG"},{"floor":49,"key":"DIG"}],"neow_cost":"CURSE","seed_source_timestamp":449952232148546,"circlet_count":0,"master_deck":["Strike_B","Strike_B","Strike_B+1","Strike_B","Defend_B","Defend_B","Defend_B","Zap","Dualcast","Injury","Rebound","Go for the Eyes","Gash","Doubt","White Noise","Rebound","Glacier","Regret","Go for the Eyes","Go for the Eyes","Streamline","Seek+1","Cold Snap+1","Conserve Battery+1","All For One+1","Glacier","Go for the Eyes","Echo Form","Regret","Beam Cell","Sweeping Beam","Steam+1","Ghostly","Ghostly+1","Ghostly","Ghostly","Ghostly","Seek","White Noise+1","BootSequence+1","Steam+1","Compile Driver","Static Discharge+1","Scrape","Regret","Beam Cell+1","Injury"],"relics":["Cracked Core","Old Coin","Du-Vu Doll","Meat on the Bone","Mango","Shovel","Pear","Bronze Scales","Orichalcum","Dream Catcher","Cursed Key","Blue Candle","The Courier","Thread and Needle","Mummified Hand","Pen Nib","Vajra","Potion Belt","Dead Branch","Nuclear Battery","Ice Cream","Tiny Chest","Gambling Chip","Bag of Marbles","Pantograph","Whetstone","Juzu Bracelet","War Paint","Toxic Egg 2","Prayer Wheel"],"potions_floor_usage":[6,6,6,12,12,23,27,30,41,50,50,50],"damage_taken":[{"damage":9,"enemies":"Jaw Worm","floor":1,"turns":3},{"damage":0,"enemies":"Cultist","floor":3,"turns":2},{"damage":18,"enemies":"3 Sentries","floor":6,"turns":5},{"damage":8,"enemies":"2 Louse","floor":7,"turns":2},{"damage":8,"enemies":"Blue Slaver","floor":8,"turns":3},{"damage":0,"enemies":"Large Slime","floor":11,"turns":4},{"damage":12,"enemies":"Lagavulin","floor":12,"turns":3},{"damage":18,"enemies":"Gremlin Nob","floor":14,"turns":4},{"damage":27,"enemies":"Slime Boss","floor":16,"turns":10},{"damage":0,"enemies":"Spheric Guardian","floor":18,"turns":2},{"damage":1,"enemies":"3 Byrds","floor":19,"turns":4},{"damage":27,"enemies":"Snake Plant","floor":20,"turns":4},{"damage":3,"enemies":"Cultist and Chosen","floor":22,"turns":6},{"damage":19,"enemies":"Gremlin Leader","floor":23,"turns":5},{"damage":13,"enemies":"Slavers","floor":27,"turns":5},{"damage":1,"enemies":"Chosen and Byrds","floor":29,"turns":4},{"damage":23,"enemies":"Gremlin Leader","floor":30,"turns":5},{"damage":22,"enemies":"Collector","floor":33,"turns":8},{"damage":0,"enemies":"3 Darklings","floor":35,"turns":2},{"damage":1,"enemies":"3 Shapes","floor":36,"turns":4},{"damage":0,"enemies":"3 Darklings","floor":37,"turns":4},{"damage":1,"enemies":"4 Shapes","floor":39,"turns":3},{"damage":4,"enemies":"Giant Head","floor":41,"turns":6},{"damage":23,"enemies":"Nemesis","floor":44,"turns":5},{"damage":3,"enemies":"Giant Head","floor":46,"turns":3},{"damage":11,"enemies":"Time Eater","floor":50,"turns":6}],"seed_played":"-4879558178117540734","potions_obtained":[{"floor":1,"key":"AttackPotion"},{"floor":2,"key":"Dexterity Potion"},{"floor":2,"key":"AttackPotion"},{"floor":2,"key":"EntropicBrew"},{"floor":8,"key":"EssenceOfSteel"},{"floor":16,"key":"Swift Potion"},{"floor":19,"key":"GamblersBrew"},{"floor":23,"key":"SpeedPotion"},{"floor":29,"key":"FearPotion"},{"floor":33,"key":"LiquidBronze"},{"floor":35,"key":"Block Potion"},{"floor":39,"key":"Strength Potion"}],"is_trial":false,"path_per_floor":["M","?","M","$","?","E","M","M","T","?","M","E","R","E","R","B",null,"M","M","M","$","M","E","R","?","T","E","R","M","E","?","R","B",null,"M","M","M","$","M","R","E","$","T","E","R","E","R","T","R","B"],"character_chosen":"DEFECT","items_purchased":["Gash","Du-Vu Doll","All For One","Blue Candle","Glacier","Ice Cream","Scrape"],"campfire_rested":0,"item_purchase_floors":[4,4,21,21,21,38,42],"current_hp_per_floor":[66,66,66,66,66,48,40,44,58,58,58,56,56,50,50,35,99,99,98,71,71,68,61,61,99,99,86,86,85,69,49,49,34,49,49,48,48,48,47,47,49,49,49,26,26,35,35,35,35,38],"gold":171,"neow_bonus":"ONE_RARE_RELIC","is_prod":false,"is_daily":false,"chose_seed":false,"campfire_upgraded":0,"win_rate":0,"timestamp":1530638530,"path_taken":["M","?","M","$","?","E","M","M","T","?","M","E","R","E","R","BOSS","M","M","M","$","M","E","R","?","T","E","R","M","E","?","R","BOSS","M","M","M","?","M","R","E","$","T","E","R","E","R","?","R","BOSS"],"build_version":"2018-06-28","purchased_purges":1,"victory":true,"max_hp_per_floor":[75,75,75,75,75,75,75,75,89,89,89,99,99,99,99,99,99,99,99,99,99,99,99,99,99,99,99,99,99,99,49,49,49,49,49,49,49,49,49,49,49,49,49,49,49,49,49,49,49,49],"card_choices":[{"not_picked":["Stack","Barrage"],"picked":"Rebound","floor":1},{"not_picked":["Streamline","Conserve Battery"],"picked":"Go for the Eyes","floor":3},{"not_picked":["Static Discharge","Barrage"],"picked":"White Noise","floor":6},{"not_picked":["Storm","Barrage"],"picked":"Rebound","floor":7},{"not_picked":["Rebound","Streamline"],"picked":"Glacier","floor":8},{"not_picked":["Reprogram","Blizzard"],"picked":"Go for the Eyes","floor":11},{"not_picked":["Turbo","Glacier"],"picked":"Go for the Eyes","floor":12},{"not_picked":["Loop","Consume"],"picked":"Streamline","floor":14},{"not_picked":["Reboot","Biased Cognition"],"picked":"Seek","floor":16},{"not_picked":["Barrage","Stack","Capacitor"],"picked":"SKIP","floor":18},{"not_picked":["Defragment","Capacitor"],"picked":"Cold Snap+1","floor":19},{"not_picked":["Leap","Turbo+1"],"picked":"Conserve Battery+1","floor":20},{"not_picked":["Conserve Battery+1","Tempest"],"picked":"Go for the Eyes","floor":22},{"not_picked":["Cold Snap+1","Aggregate"],"picked":"Echo Form","floor":23},{"not_picked":["Chill+1","Hologram+1"],"picked":"Beam Cell","floor":27},{"not_picked":["Undo","Capacitor"],"picked":"Sweeping Beam","floor":29},{"not_picked":["Consume+1","Stack"],"picked":"Steam+1","floor":30},{"not_picked":["Amplify","Biased Cognition"],"picked":"Seek","floor":33},{"not_picked":["Self Repair+1","Coolheaded+1"],"picked":"White Noise+1","floor":35},{"not_picked":["Redo","Reinforced Body+1"],"picked":"BootSequence+1","floor":36},{"not_picked":["Reinforced Body+1","Cold Snap"],"picked":"Steam+1","floor":37},{"not_picked":["Doom and Gloom+1","Recycle+1"],"picked":"Compile Driver","floor":39},{"not_picked":["Self Repair+1","Melter"],"picked":"Static Discharge+1","floor":41},{"not_picked":["Sweeping Beam+1","Conserve Battery"],"picked":"Beam Cell+1","floor":44},{"not_picked":["Redo","Stack+1","Multi-Cast"],"picked":"SKIP","floor":46}],"player_experience":271896,"relics_obtained":[{"floor":6,"key":"Meat on the Bone"},{"floor":9,"key":"Mango"},{"floor":12,"key":"Pear"},{"floor":13,"key":"Bronze Scales"},{"floor":14,"key":"Orichalcum"},{"floor":15,"key":"Dream Catcher"},{"floor":23,"key":"The Courier"},{"floor":24,"key":"Thread and Needle"},{"floor":26,"key":"Mummified Hand"},{"floor":27,"key":"Pen Nib"},{"floor":28,"key":"Vajra"},{"floor":30,"key":"Potion Belt"},{"floor":32,"key":"Dead Branch"},{"floor":40,"key":"Tiny Chest"},{"floor":41,"key":"Gambling Chip"},{"floor":43,"key":"Bag of Marbles"},{"floor":44,"key":"Pantograph"},{"floor":45,"key":"Whetstone"},{"floor":46,"key":"Juzu Bracelet"},{"floor":47,"key":"War Paint"},{"floor":48,"key":"Toxic Egg 2"},{"floor":49,"key":"Prayer Wheel"}],"event_choices":[{"event_name":"The Lab","player_choice":"Got Potions","floor":2,"damage_taken":0},{"event_name":"Liars Game","player_choice":"agreed","floor":5,"damage_taken":0},{"event_name":"Big Fish","player_choice":"Box","floor":10,"damage_taken":0},{"event_name":"Wheel of Change","player_choice":"Full Heal","floor":25,"damage_taken":0},{"event_name":"Ghosts","player_choice":"Became a Ghost","floor":31,"damage_taken":0}],"boss_relics":[{"not_picked":["Empty Cage","Fusion Hammer"],"picked":"Cursed Key"},{"not_picked":["Inserter","Philosopher\u0027s Stone"],"picked":"Nuclear Battery"}],"items_purged_floors":[21],"is_endless":false,"potions_floor_spawned":[1,6,8,16,19,23,29,33,35,39],"ascension_level":3}