{"gold_per_floor":[112,112,112,127,27,54,70,70,96,60,80,98,110,125,125,125],"floor_reached":16,"playtime":662,"items_purged":[],"score":130,"play_id":"e0b8372d-a9ed-44d8-861f-4210a5d407e6","local_time":"20190302111749","is_ascension_mode":true,"campfire_choices":[{"data":"Well Laid Plans","floor":8,"key":"SMITH"},{"floor":15,"key":"REST"}],"neow_cost":"NONE","seed_source_timestamp":1402340237996627,"circlet_count":0,"master_deck":["Defend_G","Defend_G","Defend_G+1","Defend_G","Defend_G","Strike_G","Strike_G","Strike_G","Strike_G+1","Strike_G","Survivor","Neutralize","Well Laid Plans+1","Corpse Explosion","Masterful Stab","Dodge and Roll","Backflip","Underhanded Strike","Choke","Sucker Punch","Adrenaline","Well Laid Plans","Choke"],"relics":["Snecko Eye","Centennial Puzzle","Bag of Marbles"],"potions_floor_usage":[6,11],"damage_taken":[{"damage":0,"enemies":"2 Louse","floor":1,"turns":4},{"damage":6,"enemies":"Small Slimes","floor":4,"turns":4},{"damage":42,"enemies":"Lagavulin","floor":6,"turns":9},{"damage":1,"enemies":"Jaw Worm","floor":7,"turns":4},{"damage":0,"enemies":"3 Louse","floor":11,"turns":2},{"damage":0,"enemies":"2 Fungi Beasts","floor":12,"turns":1},{"damage":0,"enemies":"Lots of Slimes","floor":13,"turns":1},{"damage":5,"enemies":"Large Slime","floor":14,"turns":3},{"damage":25,"enemies":"Slime Boss","floor":16,"turns":9}],"seed_played":"3100023862389152712","potions_obtained":[{"floor":1,"key":"Poison Potion"},{"floor":6,"key":"Poison Potion"},{"floor":12,"key":"Regen Potion"}],"is_trial":false,"path_per_floor":["M","?","?","M","$","E","M","R","T","$","M","M","M","M","R","B"],"character_chosen":"THE_SILENT","items_purchased":["Masterful Stab","Dodge and Roll","Choke"],"campfire_rested":1,"item_purchase_floors":[5,5,10],"current_hp_per_floor":[70,56,56,50,50,8,7,7,7,7,7,7,7,2,23,0],"gold":125,"neow_bonus":"BOSS_RELIC","is_prod":false,"is_daily":false,"chose_seed":false,"campfire_upgraded":1,"win_rate":0,"timestamp":1551493069,"path_taken":["M","?","?","M","?","E","M","R","T","$","M","M","M","M","R","BOSS"],"build_version":"2019-01-23","purchased_purges":0,"victory":false,"max_hp_per_floor":[70,70,70,70,70,70,70,70,70,70,70,70,70,70,70,70],"card_choices":[{"not_picked":["Backflip","Bane"],"picked":"Well Laid Plans","floor":1},{"not_picked":["Underhanded Strike","Backflip"],"picked":"Corpse Explosion","floor":4},{"not_picked":["Skewer","Poisoned Stab"],"picked":"Backflip","floor":6},{"not_picked":["Catalyst","Quick Slash"],"picked":"Underhanded Strike","floor":7},{"not_picked":["Terror","Distraction"],"picked":"Sucker Punch","floor":11},{"not_picked":["Quick Slash","Backflip"],"picked":"Adrenaline","floor":12},{"not_picked":["Slice","Caltrops"],"picked":"Well Laid Plans","floor":13},{"not_picked":["PiercingWail","Concentrate"],"picked":"Choke","floor":14}],"player_experience":172759,"relics_obtained":[{"floor":6,"key":"Centennial Puzzle"},{"floor":9,"key":"Bag of Marbles"}],"event_choices":[{"damage_healed":0,"gold_gain":0,"player_choice":"Entered Light","damage_taken":14,"max_hp_gain":0,"max_hp_loss":0,"event_name":"Shining Light","floor":2,"gold_loss":0,"cards_upgraded":["Defend_G","Strike_G"]},{"damage_healed":0,"gold_gain":0,"player_choice":"Ignored","damage_taken":0,"max_hp_gain":0,"max_hp_loss":0,"event_name":"Golden Wing","floor":3,"gold_loss":0}],"is_beta":false,"boss_relics":[],"items_purged_floors":[],"is_endless":false,"potions_floor_spawned":[1,6,12],"killed_by":"Slime Boss","ascension_level":5}