{"gold_per_floor":[10,10,26,39,85,117,117,129,152,181,193,222,234,256,268,358,370,393,375,141,153,168,200,200,200,224,258,269,269,6,16,16,95,95,111,111,111,111,35,67,67,94,167,184,194,219,43,0,0,0,0,0,0,0,26,26],"floor_reached":57,"playtime":5773,"items_purged":["Strike_R","Strike_R"],"score":2801,"play_id":"b2605933-5c4c-47c7-964a-506acf605acf","local_time":"20190218193016","is_ascension_mode":true,"campfire_choices":[{"data":"Inflame","floor":7.0,"key":"SMITH"},{"data":"Uppercut","floor":13.0,"key":"SMITH"},{"data":"Heavy Blade","floor":15.0,"key":"SMITH"},{"floor":25.0,"key":"RECALL"},{"floor":29.0,"key":"REST"},{"floor":32.0,"key":"REST"},{"floor":41,"key":"REST"},{"floor":49,"key":"REST"},{"floor":53,"key":"REST"}],"neow_cost":"NO_GOLD","seed_source_timestamp":0,"circlet_count":0,"master_deck":["AscendersBane","Strike_R","Defend_R","Defend_R","Defend_R","Defend_R","Bash","Metallicize","Inflame+1","Iron Wave","Metallicize","Uppercut+1","Shrug It Off","Heavy Blade+1","Iron Wave","Offering","Armaments","Spot Weakness","True Grit","Burning Pact","Headbutt+1","True Grit","Shockwave","Immolate","Inflame","Demon Form","Purity","Madness","Uppercut","True Grit","Feel No Pain","Disarm","Reaper","Warcry+1","Dark Embrace","Corruption","Shrug It Off+1","Sentinel","Disarm+1"],"special_seed":0,"relics":["Burning Blood","Charon\u0027s Ashes","Pen Nib","Dream Catcher","Boot","MawBank","Fusion Hammer","Anchor","Dead Branch","Smiling Mask","Art of War","Snecko Eye","Lantern","Paper Frog","Dodecahedron","Red Mask","War Paint"],"potions_floor_usage":[40,46,46],"damage_taken":[{"damage":4.0,"enemies":"Jaw Worm","floor":1.0,"turns":5.0},{"damage":7.0,"enemies":"Small Slimes","floor":3.0,"turns":3.0},{"damage":6.0,"enemies":"Cultist","floor":4.0,"turns":4.0},{"damage":16.0,"enemies":"Gremlin Nob","floor":6.0,"turns":5.0},{"damage":15.0,"enemies":"Large Slime","floor":8.0,"turns":5.0},{"damage":3.0,"enemies":"3 Sentries","floor":10.0,"turns":7.0},{"damage":17.0,"enemies":"Lots of Slimes","floor":12.0,"turns":7.0},{"damage":1.0,"enemies":"3 Louse","floor":14.0,"turns":4.0},{"damage":12.0,"enemies":"The Guardian","floor":16.0,"turns":12.0},{"damage":10.0,"enemies":"3 Byrds","floor":18.0,"turns":5.0},{"damage":0.0,"enemies":"Shell Parasite","floor":21.0,"turns":2.0},{"damage":6.0,"enemies":"Shelled Parasite and Fungi","floor":22.0,"turns":2.0},{"damage":11.0,"enemies":"Book of Stabbing","floor":23.0,"turns":5.0},{"damage":27.0,"enemies":"Slavers","floor":27.0,"turns":5.0},{"damage":6.0,"enemies":"Centurion and Healer","floor":28.0,"turns":4.0},{"damage":6.0,"enemies":"3 Cultists","floor":31.0,"turns":3.0},{"damage":68,"enemies":"Collector","floor":33,"turns":8},{"damage":10,"enemies":"3 Darklings","floor":35,"turns":2},{"damage":25,"enemies":"Giant Head","floor":40,"turns":6},{"damage":34,"enemies":"Nemesis","floor":42,"turns":5},{"damage":0,"enemies":"Orb Walker","floor":44,"turns":3},{"damage":0,"enemies":"4 Shapes","floor":45,"turns":2},{"damage":6,"enemies":"Reptomancer","floor":46,"turns":2},{"damage":12,"enemies":"Awakened One","floor":50,"turns":5},{"damage":8,"enemies":"Time Eater","floor":51,"turns":6},{"damage":12,"enemies":"Shield and Spear","floor":55,"turns":4},{"damage":18,"enemies":"The Heart","floor":56,"turns":7}],"seed_played":"-202748405496779246","potions_obtained":[{"floor":1.0,"key":"Weak Potion"},{"floor":4.0,"key":"Block Potion"},{"floor":8.0,"key":"SkillPotion"},{"floor":12.0,"key":"Fruit Juice"},{"floor":14.0,"key":"Swift Potion"},{"floor":19.0,"key":"Fire Potion"},{"floor":19.0,"key":"Explosive Potion"},{"floor":23.0,"key":"SkillPotion"},{"floor":33,"key":"EssenceOfSteel"},{"floor":44,"key":"SteroidPotion"},{"floor":55,"key":"EssenceOfSteel"}],"is_trial":false,"path_per_floor":["M","?","M","M","T","E","R","M","T","E","?","M","R","M","R","B",null,"M","?","$","M","M","E","?","R","T","E","M","R","$","M","R","B",null,"M","?","$","?","$","E","R","E","T","M","M","E","$","?","R","B","B",null,"R","$","E","B",null],"character_chosen":"IRONCLAD","items_purchased":["Anchor","Spot Weakness","Immolate","SteroidPotion","True Grit","Corruption","Shrug It Off","Sentinel"],"campfire_rested":5,"item_purchase_floors":[20,20,30,30,39,47,47,47],"current_hp_per_floor":[70,70,69,69,69,59,59,50,50,53,53,47,47,52,52,46,72,68,68,68,74,74,69,69,69,69,48,48,72,72,72,80,18,65,61,56,56,56,56,37,61,33,33,46,52,52,52,52,76,80,78,80,80,80,80,80],"gold":26,"neow_bonus":"ONE_RARE_RELIC","is_prod":false,"is_daily":false,"chose_seed":false,"campfire_upgraded":3,"win_rate":0,"timestamp":1550471416,"path_taken":["M","?","M","M","?","E","R","M","T","E","?","?","R","M","R","BOSS","M","?","$","?","M","E","?","R","T","E","M","R","$","M","R","BOSS","M","?","$","?","$","E","R","E","T","?","M","E","?","?","R","BOSS","BOSS","R","$","E","BOSS"],"build_version":"2019-01-23","purchased_purges":2,"victory":true,"max_hp_per_floor":[75,75,75,75,75,75,75,75,75,75,75,80,80,80,80,80,80,80,80,80,80,80,80,80,80,80,80,80,80,80,80,80,80,80,80,80,80,80,80,80,80,80,80,80,80,80,80,80,80,80,80,80,80,80,80,80],"card_choices":[{"not_picked":["Seeing Red","Armaments"],"picked":"Metallicize","floor":1.0},{"not_picked":["Havoc","Warcry"],"picked":"Inflame","floor":3.0},{"not_picked":["Body Slam","Clash"],"picked":"Iron Wave","floor":4.0},{"not_picked":["Twin Strike","Body Slam"],"picked":"Metallicize","floor":6.0},{"not_picked":["Barricade","Intimidate"],"picked":"Uppercut","floor":8.0},{"not_picked":["Headbutt","Heavy Blade"],"picked":"Shrug It Off","floor":10.0},{"not_picked":["Sentinel","Havoc"],"picked":"Heavy Blade","floor":12.0},{"not_picked":["Body Slam","Perfected Strike"],"picked":"Iron Wave","floor":14.0},{"not_picked":["Double Tap","Barricade"],"picked":"Offering","floor":16.0},{"not_picked":["Flex","Combust"],"picked":"Armaments","floor":18.0},{"not_picked":["Havoc","Shockwave"],"picked":"True Grit","floor":21.0},{"not_picked":["Bloodletting","Flex","Hemokinesis"],"picked":"SKIP","floor":22.0},{"not_picked":["Pommel Strike","Uppercut"],"picked":"Burning Pact","floor":23.0},{"not_picked":["Thunderclap","Pommel Strike"],"picked":"Headbutt+1","floor":27.0},{"not_picked":["Rage","Second Wind"],"picked":"True Grit","floor":28.0},{"not_picked":["Heavy Blade","Warcry"],"picked":"Shockwave","floor":29.0},{"not_picked":["Anger","Carnage"],"picked":"Inflame","floor":31.0},{"not_picked":["Juggernaut","Bludgeon"],"picked":"Demon Form","floor":33},{"not_picked":["Sever Soul","Metallicize","Clash"],"picked":"SKIP","floor":35},{"not_picked":["Transmutation","Sadistic Nature"],"picked":"Purity","floor":36},{"not_picked":["Mind Blast","Metamorphosis"],"picked":"Madness","floor":36},{"not_picked":["Infernal Blade","Sword Boomerang"],"picked":"Feel No Pain","floor":40},{"not_picked":["Combust","Perfected Strike"],"picked":"Disarm","floor":41},{"not_picked":["Disarm","Fiend Fire"],"picked":"Reaper","floor":42},{"not_picked":["Armaments","Flex+1"],"picked":"Warcry+1","floor":44},{"not_picked":["Spot Weakness","Pommel Strike"],"picked":"Dark Embrace","floor":45},{"not_picked":["Berserk","Infernal Blade","Reckless Charge"],"picked":"SKIP","floor":46},{"not_picked":["Thunderclap","Anger+1"],"picked":"Disarm","floor":53},{"not_picked":["Spot Weakness","Perfected Strike","Whirlwind+1"],"picked":"SKIP","floor":55}],"player_experience":330870,"relics_obtained":[{"floor":5.0,"key":"Pen Nib"},{"floor":6.0,"key":"Dream Catcher"},{"floor":9.0,"key":"Boot"},{"floor":10.0,"key":"MawBank"},{"floor":23.0,"key":"Dead Branch"},{"floor":26.0,"key":"Smiling Mask"},{"floor":27.0,"key":"Art of War"},{"floor":40,"key":"Lantern"},{"floor":42,"key":"Paper Frog"},{"floor":46,"key":"Dodecahedron"},{"floor":55,"key":"War Paint"}],"event_choices":[{"damage_healed":0.0,"max_hp_gain":0.0,"max_hp_loss":0.0,"gold_gain":0.0,"event_name":"Shining Light","player_choice":"Ignored","floor":2.0,"gold_loss":0.0,"damage_taken":0.0},{"cards_removed":["Strike_R"],"damage_healed":0.0,"max_hp_gain":0.0,"max_hp_loss":0.0,"gold_gain":0.0,"event_name":"Purifier","player_choice":"Purged","floor":11.0,"gold_loss":0.0,"damage_taken":0.0},{"damage_healed":0.0,"max_hp_gain":0.0,"max_hp_loss":0.0,"gold_gain":0.0,"event_name":"The Woman in Blue","player_choice":"Bought 2 Potions","floor":19.0,"gold_loss":0.0,"damage_taken":0.0},{"damage_healed":0.0,"max_hp_gain":0.0,"max_hp_loss":0.0,"gold_gain":0.0,"event_name":"Ghosts","player_choice":"Ignored","floor":24.0,"gold_loss":0.0,"damage_taken":0.0},{"damage_healed":0,"gold_gain":0,"player_choice":"Memory 2","damage_taken":5,"max_hp_gain":0,"max_hp_loss":0,"event_name":"SensoryStone","floor":36,"gold_loss":0},{"damage_healed":0,"gold_gain":0,"cards_transformed":["Strike_R"],"player_choice":"Transformed","damage_taken":0,"max_hp_gain":0,"max_hp_loss":0,"event_name":"Transmorgrifier","floor":38,"gold_loss":0,"cards_obtained":["Uppercut"]},{"damage_healed":0,"gold_gain":0,"player_choice":"Paid","damage_taken":0,"relics_obtained":["Red Mask"],"max_hp_gain":0,"max_hp_loss":0,"event_name":"Tomb of Lord Red Mask","floor":48,"gold_loss":43}],"is_beta":false,"boss_relics":[{"not_picked":["Coffee Dripper","Runic Pyramid"],"picked":"Fusion Hammer"},{"not_picked":["Calling Bell","Black Blood"],"picked":"Snecko Eye"}],"items_purged_floors":[30,39],"is_endless":false,"potions_floor_spawned":[1,4,8,12,14,21,23,33,44,55],"ascension_level":20}