{"path_per_floor":["M","?","?","?","M","E","M","?","T","M","M","M","T","M","R","B",null,"M","M","M","M","$","E","?","R","T","R","E","M","?","M","R","B",null,"M","$","?","M","?","E","R","$","T","?","E","?","R","?","R","B"],"character_chosen":"DEFECT","items_purchased":["Calipers","FTL","Static Discharge","Steam","Bird Faced Urn","Multi-Cast","Secret Technique"],"gold_per_floor":[114,289,364,364,383,421,440,440,440,459,478,497,497,516,516,641,641,660,679,698,717,46,84,84,84,84,84,114,129,129,144,144,244,244,259,136,136,151,151,181,181,12,12,0,30,30,30,30,30,30],"floor_reached":51,"campfire_rested":0,"playtime":2517,"item_purchase_floors":[22,22,22,22,22,36,42],"current_hp_per_floor":[73,72,61,44,44,44,44,44,44,44,44,44,44,44,44,51,57,50,53,53,53,52,51,50,49,48,47,46,45,54,53,52,51,50,49,48,47,46,45,44,43,42,41,40,53,46,46,46,46,47],"items_purged":["Regret"],"gold":30,"score":1095,"play_id":"1128edde-698c-4701-8814-dce325408be6","local_time":"20180601024346","daily_mods":["Insanity","Time Dilation","Terminal"],"is_prod":false,"is_daily":true,"chose_seed":false,"is_ascension_mode":false,"campfire_upgraded":4,"win_rate":0,"timestamp":1527777826,"campfire_choices":[{"data":"Creative AI","floor":15,"key":"SMITH"},{"data":"1","floor":25,"key":"LIFT"},{"data":"Seek","floor":27,"key":"SMITH"},{"data":"2","floor":32,"key":"LIFT"},{"data":"White Noise","floor":41,"key":"SMITH"},{"data":"3","floor":47,"key":"LIFT"},{"data":"Secret Technique","floor":49,"key":"SMITH"}],"path_taken":["M","?","?","?","?","E","M","?","T","M","?","M","?","M","R","BOSS","M","M","M","M","$","E","?","R","T","R","E","M","?","M","R","BOSS","M","$","?","M","?","E","R","$","T","?","E","?","R","?","R","BOSS"],"build_version":"2018-05-30v2","seed_source_timestamp":0,"purchased_purges":1,"victory":true,"master_deck":["Self Repair","Undo","Aggregate","Electrodynamics","Defend_B","Core Surge","Auto Shields","Blizzard","Skim","Recycle","Cold Snap","Echo Form","Seek+1","Ball Lightning","Biased Cognition","Rainbow","Biased Cognition","Chill","Sweeping Beam","Coolheaded","Fusion","Cold Snap","Aggregate","White Noise+1","Aggregate","Steam Power","Scrape","Compile Driver","Cold Snap","Hyperbeam","Heatsinks","Sweeping Beam","Glacier","Barrage","Rebound","Skim","Steam Power","Go for the Eyes","Static Discharge","Cold Snap","Heatsinks","Conserve Battery","Hyperbeam","Hyperbeam","Compile Driver","Chill","Skim","Creative AI+1","Multi-Cast","Loop","Doubt","Compile Driver","Glacier","Stack","Core Surge","Go for the Eyes","Machine Learning","Biased Cognition","Decay","Clumsy","Doubt","Heatsinks+1","Tempest","Ball Lightning+1","Steam Power","FTL","Static Discharge","Steam","White Noise+1","Hologram","Stack","Reinforced Body+1","All For One","Sweeping Beam","Compile Driver","Steam Power+1","Hologram","Rebound","Hologram+1","Multi-Cast","Self Repair+1","Doom and Gloom","Echo Form+1","Secret Technique+1","Glacier+1","Madness","Madness"],"max_hp_per_floor":[73,72,71,70,69,68,67,66,65,64,63,62,61,60,59,58,57,56,55,54,53,52,51,50,49,48,47,46,45,54,53,52,51,50,49,48,47,46,45,44,43,42,41,40,53,52,51,50,49,48],"relics":["Cracked Core","Bloody Idol","Centennial Puzzle","Anchor","Kunai","Emotion Chip","Calling Bell","Dream Catcher","The Courier","Girya","Calipers","Bird Faced Urn","Peace Pipe","Frozen Egg 2","Du-Vu Doll","Pear","Orrery","Ginger","Blue Candle","Red Mask","Mango"],"card_choices":[{"not_picked":["Steam","Beam Cell"],"picked":"Loop","floor":1},{"not_picked":["Turbo","Heatsinks"],"picked":"Compile Driver","floor":5},{"not_picked":["BootSequence","Static Discharge"],"picked":"Glacier","floor":6},{"not_picked":["Rebound","Reinforced Body"],"picked":"Stack","floor":7},{"not_picked":["Chaos","Beam Cell"],"picked":"Core Surge","floor":10},{"not_picked":["Ball Lightning","Redo"],"picked":"Compile Driver","floor":11},{"not_picked":["Gash","Leap"],"picked":"Go for the Eyes","floor":12},{"not_picked":["Barrage","Force Field"],"picked":"Machine Learning","floor":14},{"not_picked":["Amplify","Seek"],"picked":"Biased Cognition","floor":16},{"not_picked":["Rebound+1","Beam Cell"],"picked":"Heatsinks+1","floor":18},{"not_picked":["Conserve Battery","Reinforced Body"],"picked":"Tempest","floor":19},{"not_picked":["Beam Cell","Conserve Battery"],"picked":"Ball Lightning+1","floor":20},{"not_picked":["Creative AI","Auto Shields+1"],"picked":"Steam Power","floor":21},{"not_picked":["Beam Cell","Stack"],"picked":"White Noise+1","floor":23},{"not_picked":["Melter","Rainbow"],"picked":"Hologram","floor":28},{"not_picked":["Recycle","Sunder"],"picked":"Stack","floor":29},{"not_picked":["Hologram","Barrage+1"],"picked":"Reinforced Body+1","floor":31},{"not_picked":["Buffer+1","Seek"],"picked":"All For One","floor":33},{"not_picked":["Darkness","Chaos"],"picked":"Sweeping Beam","floor":34},{"not_picked":["Rebound+1","Turbo"],"picked":"Compile Driver","floor":34},{"not_picked":["Sweeping Beam","Cold Snap"],"picked":"Steam Power+1","floor":34},{"not_picked":["Genetic Algorithm","Leap"],"picked":"Hologram","floor":34},{"not_picked":["Turbo","Barrage"],"picked":"Rebound","floor":34},{"not_picked":["Hello World+1","Doom and Gloom"],"picked":"Hologram+1","floor":35},{"not_picked":["Turbo","Redo"],"picked":"Self Repair+1","floor":38},{"not_picked":["Ball Lightning+1","Barrage+1"],"picked":"Echo Form+1","floor":40},{"not_picked":["Static Discharge+1","Rebound+1"],"picked":"Glacier+1","floor":45}],"player_experience":306273,"potions_floor_usage":[6,16,23,28,28,33,40,50],"damage_taken":[{"damage":0,"enemies":"2 Louse","floor":1,"turns":2},{"damage":0,"enemies":"Small Slimes","floor":5,"turns":2},{"damage":0,"enemies":"Lagavulin","floor":6,"turns":5},{"damage":0,"enemies":"Jaw Worm","floor":7,"turns":1},{"damage":0,"enemies":"2 Fungi Beasts","floor":10,"turns":3},{"damage":0,"enemies":"Large Slime","floor":11,"turns":3},{"damage":0,"enemies":"Blue Slaver","floor":12,"turns":2},{"damage":0,"enemies":"3 Louse","floor":14,"turns":3},{"damage":0,"enemies":"Hexaghost","floor":16,"turns":10},{"damage":7,"enemies":"2 Thieves","floor":18,"turns":3},{"damage":4,"enemies":"Spheric Guardian","floor":19,"turns":4},{"damage":0,"enemies":"Centurion and Healer","floor":20,"turns":2},{"damage":7,"enemies":"Snake Plant","floor":21,"turns":6},{"damage":8,"enemies":"Gremlin Leader","floor":23,"turns":10},{"damage":0,"enemies":"Book of Stabbing","floor":28,"turns":1},{"damage":0,"enemies":"Sentry and Sphere","floor":29,"turns":3},{"damage":0,"enemies":"Chosen and Byrds","floor":31,"turns":6},{"damage":3,"enemies":"Collector","floor":33,"turns":7},{"damage":0,"enemies":"3 Darklings","floor":35,"turns":3},{"damage":6,"enemies":"Orb Walker","floor":38,"turns":4},{"damage":0,"enemies":"Nemesis","floor":40,"turns":8},{"damage":1,"enemies":"Giant Head","floor":45,"turns":3},{"damage":4,"enemies":"Awakened One","floor":50,"turns":8}],"relics_obtained":[{"floor":6,"key":"Centennial Puzzle"},{"floor":9,"key":"Kunai"},{"floor":13,"key":"Emotion Chip"},{"floor":17,"key":"Dream Catcher"},{"floor":17,"key":"The Courier"},{"floor":17,"key":"Girya"},{"floor":23,"key":"Peace Pipe"},{"floor":26,"key":"Frozen Egg 2"},{"floor":28,"key":"Du-Vu Doll"},{"floor":40,"key":"Ginger"},{"floor":43,"key":"Blue Candle"},{"floor":45,"key":"Mango"}],"event_choices":[{"event_name":"Liars Game","player_choice":"agreed","floor":2,"damage_taken":0},{"event_name":"World of Goop","player_choice":"Gather Gold","floor":3,"damage_taken":0},{"event_name":"Golden Idol","player_choice":"Take Damage","floor":4,"damage_taken":0},{"event_name":"Big Fish","player_choice":"Box","floor":8,"damage_taken":0},{"event_name":"Forgotten Altar","player_choice":"Gave Idol","floor":24,"damage_taken":0},{"event_name":"The Mausoleum","player_choice":"Yes","floor":30,"damage_taken":0},{"event_name":"Transmorgrifier","player_choice":"Transform","floor":39,"damage_taken":0},{"event_name":"Tomb of Lord Red Mask","player_choice":"Paid","floor":44,"damage_taken":0},{"event_name":"Winding Halls","player_choice":"Embrace Madness","floor":46,"damage_taken":0},{"event_name":"SecretPortal","player_choice":"Rejected Portal.","floor":48,"damage_taken":0}],"boss_relics":[{"not_picked":["Runic Dome","Ectoplasm"],"picked":"Calling Bell"},{"not_picked":["Nuclear Battery","Lizard Tail"],"picked":"Orrery"}],"items_purged_floors":[22],"potions_floor_spawned":[1,10,11,18,23,28,38,40,45],"seed_played":"-8525478308114596577","ascension_level":0,"potions_obtained":[{"floor":1,"key":"EssenceOfSteel"},{"floor":10,"key":"PowerPotion"},{"floor":11,"key":"Strength Potion"},{"floor":18,"key":"FocusPotion"},{"floor":23,"key":"Swift Potion"},{"floor":28,"key":"GamblersBrew"},{"floor":38,"key":"PowerPotion"},{"floor":40,"key":"Block Potion"},{"floor":45,"key":"SmokeBomb"}],"is_trial":false}