{"gold_per_floor":[118,118,118,133,149,184,197,197,221,236,276,295,65,15,15,134,134,155,70,195,219,219],"floor_reached":22,"playtime":2316,"items_purged":[],"score":196,"play_id":"737c00a5-d812-4b47-aa36-825e23ba3b9e","local_time":"20190217213851","is_ascension_mode":false,"campfire_choices":[{"data":"Poisoned Stab","floor":8.0,"key":"SMITH"},{"floor":15,"key":"REST"}],"neow_cost":"NONE","seed_source_timestamp":0,"circlet_count":0,"master_deck":["Defend_G","Defend_G","Defend_G","Defend_G","Defend_G","Strike_G","Strike_G","Strike_G","Strike_G","Survivor","Neutralize","Poisoned Stab+1","Strike_B","Deadly Poison","Leg Sweep","Corpse Explosion","Blur","Dagger Throw","Distraction","Outmaneuver","Panache","Tactician","After Image","Dagger Spray","Prepared","Finisher+1","Flying Knee"],"special_seed":0,"relics":["Ring of the Snake","NeowsBlessing","Golden Idol","Vajra","Pen Nib","Happy Flower","Philosopher\u0027s Stone","Turnip","Prayer Wheel","Kunai"],"potions_floor_usage":[16,16,20,20],"damage_taken":[{"damage":0.0,"enemies":"Jaw Worm","floor":1.0,"turns":1.0},{"damage":0.0,"enemies":"2 Louse","floor":4.0,"turns":1.0},{"damage":0.0,"enemies":"Cultist","floor":5.0,"turns":1.0},{"damage":16.0,"enemies":"Gremlin Nob","floor":6.0,"turns":5.0},{"damage":0.0,"enemies":"Looter","floor":7.0,"turns":3.0},{"damage":3.0,"enemies":"Large Slime","floor":10.0,"turns":4.0},{"damage":21.0,"enemies":"3 Sentries","floor":11.0,"turns":7.0},{"damage":5,"enemies":"3 Louse","floor":12,"turns":2},{"damage":8,"enemies":"Hexaghost","floor":16,"turns":8},{"damage":22,"enemies":"3 Byrds","floor":18,"turns":4},{"damage":28,"enemies":"Colosseum Slavers","floor":20,"turns":7},{"damage":1,"enemies":"Colosseum Nobs","floor":20,"turns":3},{"damage":9,"enemies":"Shell Parasite","floor":21,"turns":5}],"seed_played":"843832971918002713","potions_obtained":[{"floor":1.0,"key":"FearPotion"},{"floor":4.0,"key":"FearPotion"},{"floor":5.0,"key":"Dexterity Potion"},{"floor":12,"key":"Weak Potion"},{"floor":16,"key":"Dexterity Potion"},{"floor":21,"key":"Regen Potion"}],"is_trial":false,"path_per_floor":["?","?","M","?","?","?","?"],"character_chosen":"THE_SILENT","items_purchased":["Panache","Tactician"],"campfire_rested":1,"item_purchase_floors":[13,13],"current_hp_per_floor":[70,70,70,70,70,54,54,54,54,51,30,25,25,25,46,38,70,48,48,19,10,0],"gold":219,"neow_bonus":"THREE_ENEMY_KILL","is_prod":false,"is_daily":false,"chose_seed":false,"campfire_upgraded":1,"win_rate":0.0,"timestamp":1550414331,"path_taken":["M","?","?","?","M","E","M","R","T","M","E","M","$","?","R","BOSS","M","?","?","M","?"],"build_version":"2019-01-23","purchased_purges":0,"victory":false,"max_hp_per_floor":[70,70,70,70,70,70,70,70,70,70,70,70,70,70,70,70,70,70,70,70,70,70],"card_choices":[{"not_picked":["Bouncing Flask","Predator"],"picked":"Poisoned Stab","floor":1.0},{"not_picked":["Bouncing Flask","Skewer"],"picked":"Deadly Poison","floor":4.0},{"not_picked":["Heel Hook","Dagger Throw"],"picked":"Leg Sweep","floor":5.0},{"not_picked":["Footwork","Endless Agony"],"picked":"Corpse Explosion","floor":6.0},{"not_picked":["Poisoned Stab","Eviscerate"],"picked":"Blur","floor":7.0},{"not_picked":["Skewer","Choke"],"picked":"Dagger Throw","floor":10.0},{"not_picked":["Deadly Poison","Tactician"],"picked":"Distraction","floor":11.0},{"not_picked":["Well Laid Plans","Underhanded Strike"],"picked":"Outmaneuver","floor":12},{"not_picked":["Burst","Doppelganger"],"picked":"After Image","floor":16},{"not_picked":["Deadly Poison","Slice"],"picked":"Dagger Spray","floor":18},{"not_picked":["Masterful Stab","Dodge and Roll"],"picked":"Prepared","floor":20},{"not_picked":["Deflect","PiercingWail"],"picked":"Finisher+1","floor":21},{"not_picked":["Backflip","Bouncing Flask"],"picked":"Flying Knee","floor":21}],"player_experience":134738,"relics_obtained":[{"floor":6.0,"key":"Vajra"},{"floor":9.0,"key":"Pen Nib"},{"floor":11.0,"key":"Happy Flower"},{"floor":20,"key":"Prayer Wheel"},{"floor":20,"key":"Kunai"}],"event_choices":[{"damage_healed":0.0,"max_hp_gain":0.0,"max_hp_loss":0.0,"gold_gain":0.0,"event_name":"Golden Idol","player_choice":"Take Wound","floor":2.0,"gold_loss":0.0,"damage_taken":0.0,"relics_obtained":["Golden Idol"],"cards_obtained":["Injury"]},{"cards_removed":["Strike_G"],"damage_healed":0.0,"max_hp_gain":0.0,"max_hp_loss":0.0,"gold_gain":0.0,"event_name":"NoteForYourself","player_choice":"Took Card","floor":3.0,"gold_loss":0.0,"damage_taken":0.0,"cards_obtained":["Strike_B"]},{"cards_removed":["Injury"],"damage_healed":0,"gold_gain":0,"player_choice":"Card Removal","damage_taken":0,"max_hp_gain":0,"max_hp_loss":0,"event_name":"The Cleric","floor":14,"gold_loss":50},{"damage_healed":0,"gold_gain":0,"player_choice":"Obtained Relic","damage_taken":0,"relics_obtained":["Turnip"],"max_hp_gain":0,"max_hp_loss":0,"event_name":"Addict","floor":19,"gold_loss":85},{"damage_healed":0,"gold_gain":0,"player_choice":"Fight","damage_taken":0,"max_hp_gain":0,"max_hp_loss":0,"event_name":"Colosseum","floor":20,"gold_loss":0},{"damage_healed":0,"gold_gain":0,"player_choice":"Fought Nobs","damage_taken":0,"max_hp_gain":0,"max_hp_loss":0,"event_name":"Colosseum","floor":20,"gold_loss":0}],"is_beta":false,"boss_relics":[{"not_picked":["Sozu","Ectoplasm"],"picked":"Philosopher\u0027s Stone"}],"items_purged_floors":[],"is_endless":false,"potions_floor_spawned":[1,4,5,12,16,21],"ascension_level":0}