{"gold_per_floor":[113,113,136,155,170,195,21,21,21,40,2,21,36,36,36,140,140,154,154,253,269,286,317,328,361,361,361,386,386,399,399,399,501,501,515,533,553,414,425,425,26,26,52,79,99,22,42,56,56,56,56,56,21,51,51],"floor_reached":56,"playtime":3204,"items_purged":[],"score":1511,"play_id":"44a64f88-774f-4144-936f-d4d9d5a26744","local_time":"20190302151433","is_ascension_mode":true,"campfire_choices":[{"data":"Bash","floor":8,"key":"SMITH"},{"floor":15,"key":"REST"},{"floor":27,"key":"RECALL"},{"floor":32,"key":"REST"}],"neow_cost":"NONE","seed_source_timestamp":1413981229217234,"circlet_count":0,"master_deck":["Strike_R+1","Strike_R+1","Strike_R+1","Strike_R+1","Strike_R+1","Defend_R+1","Defend_R+1","Defend_R+1","Defend_R+1","Bash+1","Reaper","Feel No Pain","Disarm","Sword Boomerang","Inflame","Inflame","Disarm","Cleave","Rampage","Uppercut","Shrug It Off","Reaper","Heavy Blade","Seeing Red","Inflame+1","Seeing Red+1","Metallicize","Armaments+1","Exhume","Intimidate+1","Demon Form","Blood for Blood+1","Dropkick+1","Parasite","Iron Wave+1","Dual Wield","Disarm","Dropkick+1","Flex","Chrysalis","Headbutt","Rage","Jack Of All Trades","Dark Embrace","Infernal Blade+1","Inflame","Ghostly Armor","Shrug It Off+1","Power Through","Headbutt+1"],"relics":["Burning Blood","Paper Frog","Mummified Hand","Centennial Puzzle","Fusion Hammer","Red Skull","Question Card","Strawberry","Blood Vial","Bag of Marbles","Coffee Dripper","Bag of Preparation","Dead Branch","Lantern"],"potions_floor_usage":[13,13,13,16,25,25,55],"damage_taken":[{"damage":13,"enemies":"Jaw Worm","floor":1,"turns":4},{"damage":1,"enemies":"Cultist","floor":4,"turns":3},{"damage":11,"enemies":"2 Louse","floor":5,"turns":3},{"damage":68,"enemies":"Lagavulin","floor":6,"turns":10},{"damage":11,"enemies":"Blue Slaver","floor":10,"turns":4},{"damage":20,"enemies":"Exordium Wildlife","floor":12,"turns":5},{"damage":39,"enemies":"Large Slime","floor":13,"turns":7},{"damage":31,"enemies":"The Guardian","floor":16,"turns":12},{"damage":10,"enemies":"Shell Parasite","floor":18,"turns":5},{"damage":16,"enemies":"Spheric Guardian","floor":21,"turns":4},{"damage":27,"enemies":"3 Cultists","floor":22,"turns":6},{"damage":53,"enemies":"Slavers","floor":23,"turns":5},{"damage":6,"enemies":"Snake Plant","floor":24,"turns":4},{"damage":43,"enemies":"Gremlin Leader","floor":25,"turns":6},{"damage":45,"enemies":"Slavers","floor":28,"turns":7},{"damage":4,"enemies":"Snecko","floor":30,"turns":4},{"damage":44,"enemies":"Champ","floor":33,"turns":11},{"damage":0,"enemies":"3 Shapes","floor":35,"turns":5},{"damage":28,"enemies":"3 Darklings","floor":36,"turns":4},{"damage":54,"enemies":"Writhing Mass","floor":37,"turns":7},{"damage":40,"enemies":"4 Shapes","floor":39,"turns":8},{"damage":44,"enemies":"Giant Head","floor":44,"turns":7},{"damage":0,"enemies":"Maw","floor":45,"turns":6},{"damage":15,"enemies":"Spire Growth","floor":47,"turns":3},{"damage":8,"enemies":"4 Shapes","floor":48,"turns":4},{"damage":72,"enemies":"Awakened One","floor":50,"turns":9},{"damage":4,"enemies":"Shield and Spear","floor":54,"turns":5},{"damage":78,"enemies":"The Heart","floor":55,"turns":6}],"seed_played":"4829742402712117084","potions_obtained":[{"floor":4,"key":"AttackPotion"},{"floor":12,"key":"EssenceOfSteel"},{"floor":13,"key":"Fruit Juice"},{"floor":16,"key":"SkillPotion"},{"floor":21,"key":"Swift Potion"},{"floor":22,"key":"Strength Potion"},{"floor":25,"key":"Poison Potion"},{"floor":33,"key":"Block Potion"}],"is_trial":false,"path_per_floor":["M","?","T","M","M","E","$","R","T","M","$","M","M","?","R","B",null,"M","?","?","M","M","E","M","E","T","R","E","?","M","T","R","B",null,"M","M","M","$","M","R","$","R","T","E","M","$","M","M","R","B",null,"R","$","E","B",null],"character_chosen":"IRONCLAD","items_purchased":["Inflame","Disarm","BloodPotion","Rampage","Dual Wield","Disarm","Flex","Chrysalis","Headbutt","Rage","Jack Of All Trades","Inflame","Power Through"],"campfire_rested":2,"item_purchase_floors":[7,7,7,11,38,38,41,41,41,41,41,46,53],"current_hp_per_floor":[73,73,73,78,77,19,19,19,19,24,24,26,18,11,36,25,85,84,84,84,79,82,51,66,71,78,78,84,66,94,94,97,59,97,97,97,61,61,57,57,57,57,57,65,97,97,97,97,97,92,97,97,97,97,97],"gold":51,"neow_bonus":"ONE_RANDOM_RARE_CARD","is_prod":false,"is_daily":false,"chose_seed":false,"campfire_upgraded":1,"win_rate":0,"timestamp":1551507273,"path_taken":["M","?","?","?","M","E","$","R","T","M","?","?","M","?","R","BOSS","M","?","?","?","M","E","M","E","T","R","E","?","M","?","R","BOSS","M","?","M","$","M","R","$","R","T","E","M","?","?","?","R","BOSS","R","$","E","BOSS"],"build_version":"2019-01-23","purchased_purges":0,"victory":true,"max_hp_per_floor":[80,80,80,80,80,80,80,80,80,80,80,80,85,85,85,85,85,85,85,85,85,85,85,85,85,92,92,92,97,97,97,97,97,97,97,97,97,97,97,97,97,97,97,97,97,97,97,97,97,97,97,97,97,97,97],"card_choices":[{"not_picked":["Body Slam","Headbutt"],"picked":"Feel No Pain","floor":1},{"not_picked":["Whirlwind","Dual Wield"],"picked":"Disarm","floor":4},{"not_picked":["Hemokinesis","True Grit"],"picked":"Sword Boomerang","floor":5},{"not_picked":["Fiend Fire","Rupture"],"picked":"Inflame","floor":6},{"not_picked":["Searing Blow","Hemokinesis"],"picked":"Cleave","floor":10},{"not_picked":["Warcry","Clothesline"],"picked":"Uppercut","floor":12},{"not_picked":["True Grit","Evolve"],"picked":"Shrug It Off","floor":13},{"not_picked":["Bludgeon","Feed"],"picked":"Reaper","floor":16},{"not_picked":["Thunderclap","Perfected Strike"],"picked":"Heavy Blade","floor":18},{"not_picked":["Twin Strike","Power Through"],"picked":"Seeing Red","floor":21},{"not_picked":["Wild Strike","Clash"],"picked":"Inflame+1","floor":22},{"not_picked":["Searing Blow","Iron Wave"],"picked":"Seeing Red+1","floor":23},{"not_picked":["Anger","Fire Breathing+1"],"picked":"Metallicize","floor":24},{"not_picked":["Warcry","Flex"],"picked":"Armaments+1","floor":25},{"not_picked":["Perfected Strike","Clothesline","Searing Blow+1"],"picked":"Exhume","floor":28},{"not_picked":["Shrug It Off+1","Heavy Blade","Rage"],"picked":"Intimidate+1","floor":30},{"not_picked":["Brutality","Reaper","Exhume"],"picked":"Demon Form","floor":33},{"not_picked":["Rampage+1","Dual Wield","Metallicize"],"picked":"Blood for Blood+1","floor":35},{"not_picked":["Warcry","Clothesline+1","Pummel+1"],"picked":"Dropkick+1","floor":36},{"not_picked":["Cleave","Havoc","Armaments"],"picked":"Iron Wave+1","floor":37},{"not_picked":["Warcry+1","Uppercut+1","Whirlwind+1"],"picked":"Dropkick+1","floor":39},{"not_picked":["Cleave","Thunderclap","Uppercut+1"],"picked":"Dark Embrace","floor":44},{"not_picked":["Cleave","Pummel","Armaments+1"],"picked":"Infernal Blade+1","floor":45},{"not_picked":["Second Wind+1","Anger+1","Armaments+1"],"picked":"Ghostly Armor","floor":47},{"not_picked":["Clothesline","Anger","Searing Blow+1"],"picked":"Shrug It Off+1","floor":48},{"not_picked":["Havoc","Iron Wave","Shrug It Off+1"],"picked":"Headbutt+1","floor":54}],"player_experience":177802,"relics_obtained":[{"floor":6,"key":"Paper Frog"},{"floor":9,"key":"Mummified Hand"},{"floor":23,"key":"Red Skull"},{"floor":25,"key":"Question Card"},{"floor":26,"key":"Strawberry"},{"floor":28,"key":"Blood Vial"},{"floor":31,"key":"Bag of Marbles"},{"floor":43,"key":"Bag of Preparation"},{"floor":44,"key":"Dead Branch"},{"floor":54,"key":"Lantern"}],"event_choices":[{"damage_healed":0,"gold_gain":0,"player_choice":"Leave","damage_taken":0,"max_hp_gain":0,"max_hp_loss":0,"event_name":"The Cleric","floor":2,"gold_loss":0},{"damage_healed":0,"gold_gain":0,"player_choice":"Success","damage_taken":7,"relics_obtained":["Centennial Puzzle"],"max_hp_gain":0,"max_hp_loss":0,"event_name":"Scrap Ooze","floor":14,"gold_loss":0},{"damage_healed":0,"gold_gain":0,"player_choice":"Simplicity","damage_taken":0,"max_hp_gain":0,"max_hp_loss":0,"event_name":"Back to Basics","floor":19,"gold_loss":0,"cards_upgraded":["Strike_R","Strike_R","Strike_R","Strike_R","Strike_R","Defend_R","Defend_R","Defend_R","Defend_R"]},{"damage_healed":0,"gold_gain":99,"player_choice":"Stole From Cult","damage_taken":0,"max_hp_gain":0,"max_hp_loss":0,"event_name":"Nest","floor":20,"gold_loss":0},{"damage_healed":0,"gold_gain":0,"player_choice":"Shed Blood","damage_taken":23,"max_hp_gain":5,"max_hp_loss":0,"event_name":"Forgotten Altar","floor":29,"gold_loss":0}],"is_beta":false,"boss_relics":[{"not_picked":["Black Blood","Eternal Feather"],"picked":"Fusion Hammer"},{"not_picked":["Runic Cube","White Beast Statue"],"picked":"Coffee Dripper"}],"items_purged_floors":[],"is_endless":false,"potions_floor_spawned":[4,12,13,16,21,22,24,25,33,35,37,45],"ascension_level":3}