{"gold_per_floor":[111,111,131,131,142,172,184,226,284,308,334,346,377,389,401,534,546,547,131,152,175,175,175,189,189,189,189,200,220,231,241,241,241],"floor_reached":33,"playtime":1415,"items_purged":["Regret"],"score":368,"play_id":"557fcf8c-d4c7-49bc-9a65-75c76b8d75a7","local_time":"20190225005017","is_ascension_mode":true,"campfire_choices":[{"floor":7,"key":"REST"},{"floor":12,"key":"REST"},{"data":"Armaments","floor":15,"key":"SMITH"},{"floor":23,"key":"REST"},{"data":"Whirlwind","floor":25,"key":"SMITH"},{"floor":32,"key":"REST"}],"neow_cost":"TEN_PERCENT_HP_LOSS","seed_source_timestamp":41697468060885,"circlet_count":0,"master_deck":["Strike_R+1","Strike_R+1","Strike_R+1","Strike_R+1","Strike_R+1","Defend_R+1","Defend_R+1","Defend_R+1","Defend_R+1","Bash","Good Instincts","Secret Technique","Shockwave","Whirlwind+1","Shrug It Off","Inflame","Heavy Blade","Feed","Armaments+1","Shrug It Off","Barricade","Whirlwind","Good Instincts","Burning Pact+1","Warcry+1","Flex+1","Infernal Blade+1","Flame Barrier+1","Shrug It Off+1"],"relics":["Burning Blood","Happy Flower","Gambling Chip","MawBank","Pear","Bloody Idol","Mark of Pain","Bottled Flame","Toxic Egg 2"],"potions_floor_usage":[16,16,28,30,33,33],"damage_taken":[{"damage":3,"enemies":"2 Louse","floor":1,"turns":3},{"damage":7,"enemies":"Jaw Worm","floor":3,"turns":4},{"damage":0,"enemies":"Cultist","floor":5,"turns":4},{"damage":64,"enemies":"Gremlin Nob","floor":6,"turns":6},{"damage":25,"enemies":"3 Sentries","floor":8,"turns":4},{"damage":8,"enemies":"Looter","floor":10,"turns":3},{"damage":7,"enemies":"3 Louse","floor":11,"turns":5},{"damage":16,"enemies":"Large Slime","floor":13,"turns":5},{"damage":32,"enemies":"Slime Boss","floor":16,"turns":7},{"damage":23,"enemies":"2 Thieves","floor":18,"turns":4},{"damage":17,"enemies":"Shell Parasite","floor":20,"turns":6},{"damage":30,"enemies":"Snake Plant","floor":21,"turns":5},{"damage":15,"enemies":"Snecko","floor":24,"turns":5},{"damage":19,"enemies":"Centurion and Healer","floor":28,"turns":6},{"damage":8,"enemies":"3 Cultists","floor":29,"turns":5},{"damage":19,"enemies":"Shelled Parasite and Fungi","floor":30,"turns":4},{"damage":11,"enemies":"Snecko","floor":31,"turns":5},{"damage":59,"enemies":"Automaton","floor":33,"turns":8}],"seed_played":"-3518304249757120752","potions_obtained":[{"floor":8,"key":"SteroidPotion"},{"floor":10,"key":"Swift Potion"},{"floor":13,"key":"Ancient Potion"},{"floor":16,"key":"EssenceOfSteel"},{"floor":21,"key":"SpeedPotion"},{"floor":24,"key":"Dexterity Potion"},{"floor":29,"key":"AttackPotion"},{"floor":31,"key":"BloodPotion"}],"is_trial":false,"path_per_floor":["M","?","M","T","M","E","R","E","T","M","M","R","M","?","R","B",null,"M","$","M","M","?","R","M","R","T","?","M","M","M","M","R","B"],"character_chosen":"IRONCLAD","items_purchased":["Bottled Flame","Good Instincts"],"campfire_rested":4,"item_purchase_floors":[19,19],"current_hp_per_floor":[72,72,71,71,72,14,35,26,26,24,26,51,41,41,41,15,63,46,46,35,11,11,34,25,25,25,25,20,23,15,15,39,0],"gold":241,"neow_bonus":"RANDOM_COLORLESS_2","is_prod":false,"is_daily":false,"chose_seed":false,"campfire_upgraded":2,"win_rate":0,"timestamp":1551009017,"path_taken":["M","?","M","?","?","E","R","E","T","M","M","R","M","?","R","BOSS","M","$","M","M","?","R","M","R","T","?","M","M","?","M","R","BOSS"],"build_version":"2019-01-23","purchased_purges":1,"victory":false,"max_hp_per_floor":[72,72,72,72,72,72,72,82,82,82,85,85,85,79,79,79,79,79,79,79,79,79,79,79,79,79,79,82,82,82,82,82,82],"card_choices":[{"not_picked":["Hemokinesis","Body Slam"],"picked":"Shockwave","floor":1},{"not_picked":["Reckless Charge","Pommel Strike"],"picked":"Whirlwind","floor":3},{"not_picked":["Searing Blow","Shockwave"],"picked":"Shrug It Off","floor":5},{"not_picked":["Sword Boomerang","Whirlwind"],"picked":"Inflame","floor":6},{"not_picked":["Combust","Cleave"],"picked":"Heavy Blade","floor":8},{"not_picked":["Heavy Blade","Shockwave"],"picked":"Feed","floor":10},{"not_picked":["Wild Strike","Havoc"],"picked":"Armaments","floor":11},{"not_picked":["Headbutt","Burning Pact"],"picked":"Shrug It Off","floor":13},{"not_picked":["Bludgeon","Juggernaut"],"picked":"Barricade","floor":16},{"not_picked":["Armaments","Anger"],"picked":"Whirlwind","floor":18},{"not_picked":["Twin Strike","Sever Soul"],"picked":"Burning Pact+1","floor":20},{"not_picked":["Infernal Blade","Cleave"],"picked":"Warcry+1","floor":21},{"not_picked":["Iron Wave","Warcry+1"],"picked":"Flex+1","floor":24},{"not_picked":["Havoc+1","Cleave+1"],"picked":"Infernal Blade+1","floor":28},{"not_picked":["Bludgeon","Metallicize"],"picked":"Flame Barrier+1","floor":29},{"not_picked":["Twin Strike","Entrench+1"],"picked":"Shrug It Off+1","floor":30},{"not_picked":["Entrench+1","Combust+1","Clothesline"],"picked":"SKIP","floor":31}],"player_experience":404224,"relics_obtained":[{"floor":4,"key":"Gambling Chip"},{"floor":6,"key":"MawBank"},{"floor":8,"key":"Pear"},{"floor":26,"key":"Toxic Egg 2"}],"event_choices":[{"damage_healed":0,"gold_gain":0,"player_choice":"Box","damage_taken":0,"relics_obtained":["Happy Flower"],"max_hp_gain":0,"max_hp_loss":0,"event_name":"Big Fish","floor":2,"gold_loss":0,"cards_obtained":["Regret"]},{"damage_healed":0,"gold_gain":0,"player_choice":"Lose Max HP","damage_taken":0,"relics_obtained":["Golden Idol"],"max_hp_gain":0,"max_hp_loss":6,"event_name":"Golden Idol","floor":14,"gold_loss":0},{"damage_healed":0,"gold_gain":0,"player_choice":"Simplicity","damage_taken":0,"max_hp_gain":0,"max_hp_loss":0,"event_name":"Back to Basics","floor":22,"gold_loss":0,"cards_upgraded":["Strike_R","Strike_R","Strike_R","Strike_R","Strike_R","Defend_R","Defend_R","Defend_R","Defend_R"]},{"damage_healed":0,"gold_gain":0,"player_choice":"Gave Idol","damage_taken":0,"relics_obtained":["Bloody Idol"],"max_hp_gain":0,"max_hp_loss":0,"event_name":"Forgotten Altar","floor":27,"relics_lost":["Golden Idol"],"gold_loss":0}],"is_beta":false,"boss_relics":[{"not_picked":["Fusion Hammer","White Beast Statue"],"picked":"Mark of Pain"}],"items_purged_floors":[19],"is_endless":false,"potions_floor_spawned":[8,10,13,16,21,24,29,31],"killed_by":"Automaton","ascension_level":8}