{"gold_per_floor":[111,111,23,33,33,63,63,92,92,92,124,124,124,137,137,215,215,227,227,122,156,156,156,175,203,203,203,253,265,315,348,348,423,423,437,333,555,655,449,449,13,39,39,73,89,105,132,147,147,147,147],"floor_reached":52,"playtime":4781,"items_purged":["Writhe","Strike_G"],"score":2035,"play_id":"d8e36359-5962-4a42-8ca3-5ab94854813f","local_time":"20190220201734","is_ascension_mode":true,"campfire_choices":[{"data":"Skewer","floor":7.0,"key":"SMITH"},{"data":"Neutralize","floor":10.0,"key":"SMITH"},{"data":"Well Laid Plans","floor":13.0,"key":"SMITH"},{"data":"Deadly Poison","floor":15.0,"key":"SMITH"},{"data":"Cloak And Dagger","floor":23,"key":"SMITH"},{"data":"Caltrops","floor":27,"key":"SMITH"},{"data":"Backflip","floor":32,"key":"SMITH"},{"data":"Caltrops","floor":40,"key":"SMITH"},{"data":"Burst","floor":49,"key":"SMITH"}],"neow_cost":"NONE","seed_source_timestamp":0,"circlet_count":0,"master_deck":["AscendersBane","Defend_G","Defend_G","Defend_G","Defend_G","Defend_G","Strike_G","Strike_G","Strike_G","Strike_G","Survivor","Neutralize+1","Dagger Spray+1","Well Laid Plans+1","Dagger Throw","Skewer+1","Backflip+1","Deadly Poison+1","Cloak And Dagger+1","Backflip","Venomology+1","Caltrops+1","Dash","Malaise","Backflip","Backflip+1","PiercingWail+1","Caltrops+1","PiercingWail","Poisoned Stab+1","Cloak And Dagger+1","Burst+1","Acrobatics+1"],"special_seed":0,"relics":["Ring of the Snake","NeowsBlessing","Ancient Tea Set","Odd Mushroom","Bottled Flame","Potion Belt","Ninja Scroll","Cursed Key","MutagenicStrength","Red Mask","Dead Branch","Gambling Chip","Pantograph","Coffee Dripper","Peace Pipe","Snake Skull","Shuriken","Vajra","War Paint","Orichalcum"],"potions_floor_usage":[21,25,33,33,33,33,42,45,47,47,48,50,51],"damage_taken":[{"damage":0.0,"enemies":"Jaw Worm","floor":1.0,"turns":1.0},{"damage":0.0,"enemies":"2 Louse","floor":4.0,"turns":1.0},{"damage":0.0,"enemies":"Gremlin Nob","floor":6.0,"turns":1.0},{"damage":0.0,"enemies":"The Mushroom Lair","floor":8.0,"turns":3.0},{"damage":9.0,"enemies":"3 Sentries","floor":11.0,"turns":6.0},{"damage":0.0,"enemies":"Small Slimes","floor":14.0,"turns":1.0},{"damage":42.0,"enemies":"Slime Boss","floor":16.0,"turns":8.0},{"damage":20,"enemies":"Shell Parasite","floor":18,"turns":4},{"damage":0,"enemies":"Masked Bandits","floor":21,"turns":4},{"damage":0,"enemies":"Chosen","floor":24,"turns":1},{"damage":0,"enemies":"Gremlin Leader","floor":25,"turns":4},{"damage":2,"enemies":"Snake Plant","floor":29,"turns":3},{"damage":17,"enemies":"Book of Stabbing","floor":31,"turns":5},{"damage":15,"enemies":"Automaton","floor":33,"turns":8},{"damage":0,"enemies":"3 Darklings","floor":35,"turns":2},{"damage":0,"enemies":"Mind Bloom Boss Battle","floor":38,"turns":6},{"damage":17,"enemies":"Giant Head","floor":42,"turns":7},{"damage":0,"enemies":"Reptomancer","floor":44,"turns":4},{"damage":0,"enemies":"3 Shapes","floor":45,"turns":2},{"damage":0,"enemies":"Jaw Worm Horde","floor":46,"turns":2},{"damage":38,"enemies":"Giant Head","floor":47,"turns":6},{"damage":0,"enemies":"Maw","floor":48,"turns":4},{"damage":28,"enemies":"Donu and Deca","floor":50,"turns":11},{"damage":4,"enemies":"Awakened One","floor":51,"turns":12}],"seed_played":"919671292305188801","potions_obtained":[{"floor":1.0,"key":"PowerPotion"},{"floor":6.0,"key":"Weak Potion"},{"floor":8.0,"key":"SteroidPotion"},{"floor":16.0,"key":"Energy Potion"},{"floor":21,"key":"Ancient Potion"},{"floor":25,"key":"Regen Potion"},{"floor":29,"key":"SpeedPotion"},{"floor":33,"key":"Dexterity Potion"},{"floor":45,"key":"GhostInAJar"},{"floor":47,"key":"Strength Potion"},{"floor":48,"key":"Strength Potion"}],"is_trial":false,"path_per_floor":["M","?","$","M","$","E","R","?","T","R","E","T","R","M","R","B",null,"M","?","$","?","?","R","M","E","T","R","?","M","?","E","R","B",null,"M","$","?","?","$","R","$","E","T","E","M","M","E","M","R","B","B",null],"character_chosen":"THE_SILENT","items_purchased":["Well Laid Plans","GhostInAJar","Backflip","Backflip","PiercingWail","Caltrops","Snake Skull","Shuriken"],"campfire_rested":0,"item_purchase_floors":[3,20,20,36,39,39,41,41],"current_hp_per_floor":[59,59,59,59,59,59,59,59,59,59,50,50,50,50,50,8,52,32,32,32,32,32,32,32,32,32,32,32,30,30,13,13,23,55,55,55,55,66,66,66,66,49,49,49,49,49,11,11,11,8,29],"gold":147,"neow_bonus":"THREE_ENEMY_KILL","is_prod":false,"is_daily":false,"chose_seed":false,"campfire_upgraded":9,"win_rate":0,"timestamp":1550647054,"path_taken":["M","?","$","M","$","E","R","?","T","R","E","?","R","M","R","BOSS","M","?","$","?","?","R","M","E","T","R","?","?","?","E","R","BOSS","M","$","?","?","?","R","$","E","T","E","M","M","E","M","R","BOSS","BOSS"],"build_version":"2019-01-23","purchased_purges":2,"victory":true,"max_hp_per_floor":[66,66,66,66,66,66,66,66,66,66,66,66,66,66,66,66,66,66,66,66,66,66,66,66,66,66,66,66,66,66,66,66,66,66,66,66,66,66,66,66,66,66,66,66,66,66,66,66,66,66,66],"card_choices":[{"not_picked":["Skewer","Deflect"],"picked":"Dagger Spray","floor":1.0},{"not_picked":["Caltrops","Escape Plan"],"picked":"Dagger Throw","floor":4.0},{"not_picked":["Prepared","Poisoned Stab"],"picked":"Skewer","floor":6.0},{"not_picked":["Dodge and Roll","A Thousand Cuts"],"picked":"Backflip","floor":8.0},{"not_picked":["Outmaneuver","Slice","Finisher"],"picked":"SKIP","floor":11.0},{"not_picked":["Cloak And Dagger","Acrobatics"],"picked":"Deadly Poison","floor":14.0},{"not_picked":["Quick Slash+1","Outmaneuver"],"picked":"Cloak And Dagger","floor":18},{"not_picked":["Bane","Slice"],"picked":"Venomology","floor":24},{"not_picked":["Dagger Throw+1","Acrobatics"],"picked":"Caltrops","floor":25},{"not_picked":["Finisher","Caltrops"],"picked":"Dash","floor":29},{"not_picked":["Quick Slash","Backflip","Dodge and Roll"],"picked":"SKIP","floor":31},{"not_picked":["Storm of Steel","Doppelganger"],"picked":"Malaise","floor":33},{"not_picked":["Dodge and Roll","Slice","Outmaneuver"],"picked":"SKIP","floor":35},{"not_picked":["Cloak And Dagger","Flying Knee"],"picked":"Backflip+1","floor":38},{"not_picked":["Deflect","Tools of the Trade","Doppelganger"],"picked":"SKIP","floor":42},{"not_picked":["Storm of Steel","Calculated Gamble+1"],"picked":"PiercingWail","floor":44},{"not_picked":["Riddle With Holes+1","Choke"],"picked":"Poisoned Stab+1","floor":45},{"not_picked":["Setup+1","Underhanded Strike"],"picked":"Cloak And Dagger+1","floor":46},{"not_picked":["Quick Slash","Dodge and Roll"],"picked":"Burst","floor":47},{"not_picked":["Poisoned Stab","Outmaneuver"],"picked":"Acrobatics+1","floor":48}],"player_experience":356967,"relics_obtained":[{"floor":6.0,"key":"Ancient Tea Set"},{"floor":8.0,"key":"Odd Mushroom"},{"floor":9.0,"key":"Bottled Flame"},{"floor":11.0,"key":"Potion Belt"},{"floor":12.0,"key":"Ninja Scroll"},{"floor":21,"key":"Red Mask"},{"floor":25,"key":"Gambling Chip"},{"floor":31,"key":"Pantograph"},{"floor":38,"key":"Peace Pipe"},{"floor":42,"key":"Vajra"},{"floor":44,"key":"War Paint"},{"floor":47,"key":"Orichalcum"}],"event_choices":[{"damage_healed":0.0,"max_hp_gain":0.0,"max_hp_loss":0.0,"gold_gain":0.0,"event_name":"Living Wall","player_choice":"Grow","floor":2.0,"gold_loss":0.0,"damage_taken":0.0,"cards_upgraded":["Dagger Spray"]},{"damage_healed":0.0,"max_hp_gain":0.0,"max_hp_loss":0.0,"gold_gain":0.0,"event_name":"Mushrooms","player_choice":"Fought Mushrooms","floor":8.0,"gold_loss":0.0,"damage_taken":0.0},{"damage_healed":0,"gold_gain":0,"player_choice":"Inject Mutagens","damage_taken":0,"relics_obtained":["MutagenicStrength"],"max_hp_gain":0,"max_hp_loss":0,"event_name":"Drug Dealer","floor":19,"gold_loss":0},{"damage_healed":0,"gold_gain":0,"player_choice":"Fought Bandits","damage_taken":0,"max_hp_gain":0,"max_hp_loss":0,"event_name":"Masked Bandits","floor":21,"gold_loss":0},{"damage_healed":0,"gold_gain":0,"player_choice":"Opened","damage_taken":0,"relics_obtained":["Dead Branch"],"max_hp_gain":0,"max_hp_loss":0,"event_name":"The Mausoleum","floor":22,"gold_loss":0,"cards_obtained":["Writhe"]},{"damage_healed":0,"gold_gain":50,"player_choice":"Pray","damage_taken":0,"max_hp_gain":0,"max_hp_loss":0,"event_name":"Golden Shrine","floor":28,"gold_loss":0},{"damage_healed":0,"gold_gain":50,"player_choice":"Stole From Cult","damage_taken":0,"max_hp_gain":0,"max_hp_loss":0,"event_name":"Nest","floor":30,"gold_loss":0},{"damage_healed":0,"gold_gain":222,"player_choice":"Wore Mask","damage_taken":0,"max_hp_gain":0,"max_hp_loss":0,"event_name":"Tomb of Lord Red Mask","floor":37,"gold_loss":0},{"damage_healed":0,"gold_gain":0,"player_choice":"Fight","damage_taken":0,"max_hp_gain":0,"max_hp_loss":0,"event_name":"MindBloom","floor":38,"gold_loss":0}],"is_beta":false,"boss_relics":[{"not_picked":["Empty Cage","Fusion Hammer"],"picked":"Cursed Key"},{"not_picked":["White Beast Statue","Snecko Eye"],"picked":"Coffee Dripper"}],"items_purged_floors":[36,39],"is_endless":false,"potions_floor_spawned":[1,6,8,16,21,25,29,33,45,47,48],"ascension_level":20}