{"gold_per_floor":[117,131,148,168,33,58,58,73,99,109,109,172,137,37,37,138,138],"floor_reached":17,"playtime":1466,"items_purged":[],"score":175,"play_id":"1771260b-0865-444d-a29f-08ceac20132d","local_time":"20180926231439","is_ascension_mode":true,"campfire_choices":[{"data":"Masterful Stab","floor":7,"key":"SMITH"},{"data":"Calculated Gamble","floor":15,"key":"SMITH"}],"neow_cost":"NONE","seed_source_timestamp":0,"circlet_count":0,"master_deck":["Defend_G","Defend_G","Defend_G","Defend_G","Defend_G","Strike_G","Strike_G","Strike_G","Strike_G","Survivor","Neutralize","Masterful Stab+1","Cloak And Dagger","Deflect","Adrenaline+1","Deflect","Panacea","Footwork","Envenom","Acrobatics","Endless Agony+1","Calculated Gamble+1","A Thousand Cuts"],"special_seed":0,"relics":["Ring of the Serpent","Calipers","Smiling Mask","Tiny Chest"],"potions_floor_usage":[6,16,16,16,16],"damage_taken":[{"damage":0.0,"enemies":"Cultist","floor":1.0,"turns":3.0},{"damage":0.0,"enemies":"Jaw Worm","floor":2.0,"turns":3.0},{"damage":0,"enemies":"Small Slimes","floor":3,"turns":4},{"damage":1,"enemies":"Looter","floor":4,"turns":3},{"damage":5,"enemies":"Lagavulin","floor":6,"turns":8},{"damage":7,"enemies":"2 Fungi Beasts","floor":8,"turns":4},{"damage":0,"enemies":"Blue Slaver","floor":10,"turns":4},{"damage":35,"enemies":"Gremlin Nob","floor":12,"turns":6},{"damage":7,"enemies":"The Guardian","floor":16,"turns":12}],"seed_played":"4516591434831430417","potions_obtained":[{"floor":3,"key":"Strength Potion"},{"floor":8,"key":"Ancient Potion"},{"floor":12,"key":"Poison Potion"}],"is_trial":false,"path_per_floor":["M","M","M","M","$","E","R","M","T","M","?","E","?","$","R","B"],"character_chosen":"THE_SILENT","items_purchased":["Panacea","Footwork","EntropicBrew"],"campfire_rested":0,"item_purchase_floors":[5,5,14],"current_hp_per_floor":[70,70,70,69,69,64,64,57,57,57,43,8,25,25,25,18,70],"gold":138,"neow_bonus":"TRANSFORM_CARD","is_prod":false,"is_daily":false,"chose_seed":false,"campfire_upgraded":2,"win_rate":0,"timestamp":1538018079,"path_taken":["M","M","M","M","$","E","R","?","T","M","?","E","?","?","R","BOSS"],"build_version":"2018-09-20","purchased_purges":0,"victory":false,"max_hp_per_floor":[70,70,70,70,70,70,70,70,70,70,70,70,70,70,70,70,70],"card_choices":[{"not_picked":["Blade Dance","Flying Knee"],"picked":"Cloak And Dagger","floor":1.0},{"not_picked":["Dagger Spray","Poisoned Stab"],"picked":"Deflect","floor":2},{"not_picked":["Underhanded Strike","Deadly Poison"],"picked":"Adrenaline","floor":3},{"not_picked":["Bane","Underhanded Strike"],"picked":"Deflect","floor":4},{"not_picked":["Bouncing Flask","Underhanded Strike"],"picked":"Envenom","floor":6},{"not_picked":["Calculated Gamble","Dagger Spray"],"picked":"Acrobatics","floor":8},{"not_picked":["Prepared","Storm of Steel"],"picked":"Endless Agony","floor":10},{"not_picked":["Bane","Flying Knee"],"picked":"Calculated Gamble","floor":12},{"not_picked":["Storm of Steel","Die Die Die"],"picked":"A Thousand Cuts","floor":16}],"player_experience":658498,"relics_obtained":[{"floor":6,"key":"Calipers"},{"floor":9,"key":"Smiling Mask"},{"floor":12,"key":"Tiny Chest"}],"event_choices":[{"event_name":"Shining Light","player_choice":"Entered Light","floor":11,"damage_taken":0},{"event_name":"The Cleric","player_choice":"Healed","floor":13,"damage_taken":0}],"is_beta":false,"boss_relics":[{"not_picked":["HoveringKite","Runic Dome"],"picked":"Ring of the Serpent"}],"items_purged_floors":[],"is_endless":false,"potions_floor_spawned":[3,8,12],"ascension_level":1}