{"gold_per_floor":[414,124,134,144,161,161,171,171,171,43,43,63,90,107,107,208,208,220,123,136,61,86,118,128,128,128,140,140,156,182,202,202,202],"floor_reached":33,"playtime":1262,"items_purged":["Strike_B"],"score":364,"play_id":"58d6a8c3-2c66-4fad-8bbc-acb4b1f0446b","local_time":"20180712040001","is_ascension_mode":true,"campfire_choices":[{"floor":6,"key":"REST"},{"data":"Defragment","floor":8,"key":"SMITH"},{"data":"Defragment","floor":11,"key":"SMITH"},{"data":"Zap","floor":15,"key":"SMITH"},{"floor":25,"key":"REST"},{"data":"Dualcast","floor":28,"key":"SMITH"},{"floor":32,"key":"REST"}],"neow_cost":"FIFTY_PERCENT_DAMAGE","seed_source_timestamp":7385915206612,"circlet_count":0,"master_deck":["Strike_B","Strike_B","Strike_B","Defend_B","Defend_B","Defend_B","Defend_B","Zap+1","Dualcast+1","Skim","Ball Lightning","Leap","Auto Shields","Go for the Eyes","BootSequence","FTL","Defragment+1","Defragment+1","Gash","Go for the Eyes","Steam","Sweeping Beam","Biased Cognition","Conserve Battery","Ball Lightning","Leap","Glacier","Hologram","Gash","Glacier","Ball Lightning","Coolheaded","Glacier","Gash"],"relics":["Cracked Core","Old Coin","Oddly Smooth Stone","Ginger","Blue Candle","Velvet Choker","Red Mask","Torii","Dodecahedron","Bottled Lightning"],"potions_floor_usage":[16,22,22,23,29,30,33],"damage_taken":[{"damage":1,"enemies":"Cultist","floor":1,"turns":3},{"damage":0,"enemies":"Jaw Worm","floor":3,"turns":3},{"damage":8,"enemies":"Small Slimes","floor":4,"turns":2},{"damage":3,"enemies":"Gremlin Gang","floor":5,"turns":5},{"damage":1,"enemies":"Looter","floor":7,"turns":3},{"damage":9,"enemies":"Exordium Thugs","floor":12,"turns":5},{"damage":5,"enemies":"3 Sentries","floor":13,"turns":5},{"damage":0,"enemies":"3 Louse","floor":14,"turns":3},{"damage":23,"enemies":"The Guardian","floor":16,"turns":9},{"damage":6,"enemies":"Shell Parasite","floor":18,"turns":5},{"damage":11,"enemies":"2 Thieves","floor":20,"turns":4},{"damage":8,"floor":22,"turns":6},{"damage":1,"enemies":"Book of Stabbing","floor":23,"turns":5},{"damage":0,"enemies":"Snake Plant","floor":24,"turns":4},{"damage":1,"enemies":"Cultist and Chosen","floor":27,"turns":8},{"damage":20,"enemies":"Chosen and Byrds","floor":29,"turns":5},{"damage":15,"enemies":"Gremlin Leader","floor":30,"turns":8},{"damage":1,"enemies":"Snake Plant","floor":31,"turns":5},{"damage":67,"enemies":"Automaton","floor":33,"turns":12}],"seed_played":"3115679386105860508","potions_obtained":[{"floor":1,"key":"Ancient Potion"},{"floor":5,"key":"EssenceOfSteel"},{"floor":13,"key":"Energy Potion"},{"floor":16,"key":"EssenceOfSteel"},{"floor":20,"key":"EssenceOfSteel"},{"floor":24,"key":"SkillPotion"},{"floor":29,"key":"FocusPotion"},{"floor":31,"key":"AttackPotion"}],"is_trial":false,"path_per_floor":["M","$","M","M","M","R","M","R","T","$","R","M","E","M","R","B",null,"M","$","M","$","?","E","M","R","T","M","R","M","E","M","R"],"character_chosen":"DEFECT","items_purchased":["Ball Lightning","Oddly Smooth Stone","Leap","Auto Shields","Defragment","Gash","Ball Lightning","Leap"],"campfire_rested":3,"item_purchase_floors":[2,2,2,2,10,10,19,19],"current_hp_per_floor":[37,37,37,29,26,48,47,47,47,47,47,38,33,33,33,10,59,53,53,42,42,34,33,33,55,55,54,54,34,19,18,40,0],"gold":202,"neow_bonus":"ONE_RARE_RELIC","is_prod":false,"is_daily":false,"chose_seed":false,"campfire_upgraded":4,"win_rate":0,"timestamp":1531324801,"path_taken":["M","$","M","M","M","R","M","R","T","$","R","M","E","M","R","BOSS","M","$","M","?","?","E","M","R","T","M","R","?","E","M","R","BOSS"],"build_version":"2018-07-05","purchased_purges":1,"victory":false,"max_hp_per_floor":[75,75,75,75,75,75,75,75,75,75,75,75,75,75,75,75,75,75,75,75,75,75,75,75,75,75,75,75,75,75,75,75,75],"card_choices":[{"not_picked":["Heatsinks","Hologram"],"picked":"Skim","floor":1},{"not_picked":["Static Discharge","Doom and Gloom"],"picked":"Go for the Eyes","floor":3},{"not_picked":["Ball Lightning","Stack"],"picked":"BootSequence","floor":4},{"not_picked":["Reinforced Body","Genetic Algorithm"],"picked":"FTL","floor":5},{"not_picked":["Scrape","Auto Shields"],"picked":"Defragment","floor":7},{"not_picked":["Rebound","BootSequence"],"picked":"Go for the Eyes","floor":12},{"not_picked":["Redo","Stack"],"picked":"Steam","floor":13},{"not_picked":["Blizzard","Heatsinks"],"picked":"Sweeping Beam","floor":14},{"not_picked":["Machine Learning","Reboot"],"picked":"Biased Cognition","floor":16},{"not_picked":["Sunder+1","Go for the Eyes"],"picked":"Conserve Battery","floor":18},{"not_picked":["Storm","Chill"],"picked":"Glacier","floor":20},{"not_picked":["Stack","Reinforced Body"],"picked":"Hologram","floor":22},{"not_picked":["Beam Cell","Turbo"],"picked":"Gash","floor":23},{"not_picked":["Consume","Sweeping Beam"],"picked":"Glacier","floor":24},{"not_picked":["Stack+1","Scrape"],"picked":"Ball Lightning","floor":27},{"not_picked":["Sweeping Beam","Compile Driver+1"],"picked":"Coolheaded","floor":29},{"not_picked":["Chill","Tempest"],"picked":"Glacier","floor":30},{"not_picked":["Hello World","White Noise"],"picked":"Gash","floor":31}],"player_experience":289234,"relics_obtained":[{"floor":9,"key":"Ginger"},{"floor":13,"key":"Blue Candle"},{"floor":22,"key":"Red Mask"},{"floor":23,"key":"Torii"},{"floor":26,"key":"Dodecahedron"},{"floor":30,"key":"Bottled Lightning"}],"event_choices":[{"event_name":"Masked Bandits","player_choice":"Fought over 61 gold","floor":22,"damage_taken":0}],"boss_relics":[{"not_picked":["White Beast Statue","Ectoplasm"],"picked":"Velvet Choker"}],"items_purged_floors":[21],"is_endless":false,"potions_floor_spawned":[1,5,13,16,18,20,24,29,31],"killed_by":"Automaton","ascension_level":5}