{"gold_per_floor":[118,118,133,133,133,133,163,163,235,16,47,59,76,88,88,160,160,176,1,16,16,68,68,103,103,103,103,103,28,28,28,28,102,102,113,113,129,129,129,129,146,246,246,246,263,263,39,0,0,0],"floor_reached":51,"playtime":3547,"items_purged":[],"score":1317,"play_id":"f0a8727b-73f3-4461-be50-116c5da8eb82","local_time":"20190126184855","is_ascension_mode":true,"campfire_choices":[{"data":"Whirlwind","floor":6,"key":"SMITH"},{"data":"Disarm","floor":8,"key":"SMITH"},{"data":"Disarm","floor":15,"key":"SMITH"},{"data":"Inflame","floor":23,"key":"SMITH"},{"data":"Shockwave","floor":25,"key":"SMITH"},{"data":"True Grit","floor":27,"key":"SMITH"},{"floor":32,"key":"REST"},{"data":"Bash","floor":40,"key":"SMITH"},{"data":"Clothesline","floor":46,"key":"SMITH"},{"floor":49,"key":"REST"}],"neow_cost":"NONE","seed_source_timestamp":32232743743316,"circlet_count":0,"master_deck":["AscendersBane","Strike_R+1","Strike_R+1","Strike_R+1","Strike_R+1","Defend_R+1","Defend_R+1","Defend_R+1","Defend_R+1","Bash+1","Whirlwind+1","Inflame+1","Offering","Disarm+1","Armaments+1","Shockwave+1","Disarm+1","Metallicize","Clothesline+1","Offering","True Grit+1","Reaper","Feed","Discovery","Shrug It Off"],"relics":["Burning Blood","NeowsBlessing","Magic Flower","Potion Belt","Mercury Hourglass","Vajra","War Paint","Busted Crown","MutagenicStrength","Juzu Bracelet","WingedGreaves","Bottled Flame","Nilry\u0027s Codex","Sozu","Gambling Chip","Ice Cream","Pen Nib","Red Mask"],"potions_floor_usage":[11,33,33,50],"damage_taken":[{"damage":0,"enemies":"Jaw Worm","floor":1,"turns":1},{"damage":0,"enemies":"Cultist","floor":3,"turns":1},{"damage":0,"enemies":"3 Sentries","floor":7,"turns":1},{"damage":8,"enemies":"Gremlin Nob","floor":11,"turns":3},{"damage":0,"enemies":"Small Slimes","floor":12,"turns":3},{"damage":10,"enemies":"Blue Slaver","floor":13,"turns":3},{"damage":6,"enemies":"Exordium Wildlife","floor":14,"turns":3},{"damage":41,"enemies":"Hexaghost","floor":16,"turns":9},{"damage":7,"enemies":"Chosen","floor":18,"turns":4},{"damage":15,"enemies":"Spheric Guardian","floor":20,"turns":5},{"damage":6,"enemies":"Slavers","floor":24,"turns":1},{"damage":41,"enemies":"Collector","floor":33,"turns":11},{"damage":8,"enemies":"Orb Walker","floor":35,"turns":3},{"damage":19,"enemies":"3 Shapes","floor":37,"turns":3},{"damage":19,"enemies":"Writhing Mass","floor":41,"turns":8},{"damage":9,"enemies":"Mind Bloom Boss Battle","floor":42,"turns":4},{"damage":32,"enemies":"Maw","floor":45,"turns":7},{"damage":41,"enemies":"Time Eater","floor":50,"turns":11}],"seed_played":"4557085665271696152","potions_obtained":[{"floor":1,"key":"BloodPotion"},{"floor":7,"key":"Strength Potion"},{"floor":11,"key":"SpeedPotion"},{"floor":12,"key":"Energy Potion"},{"floor":14,"key":"FearPotion"},{"floor":18,"key":"Weak Potion"},{"floor":33,"key":"SkillPotion"}],"is_trial":false,"path_per_floor":["M","?","M","?","$","R","E","R","T","$","E","M","M","M","R","B",null,"M","$","M","?","T","R","E","R","T","R","?","?","?","?","R","B",null,"M","?","M","?","?","R","M","?","T","?","M","R","$","?","R","B",null],"character_chosen":"IRONCLAD","items_purchased":["Vajra","Armaments","Reaper","Pen Nib","Shrug It Off"],"campfire_rested":2,"item_purchase_floors":[10,10,19,47,47],"current_hp_per_floor":[74,74,75,75,75,75,75,75,75,75,75,75,74,75,75,43,67,69,69,75,75,75,75,75,75,75,75,54,54,33,33,57,45,71,72,72,62,62,62,62,63,76,76,66,66,66,66,66,76,58],"gold":0,"neow_bonus":"THREE_ENEMY_KILL","is_prod":false,"is_daily":false,"chose_seed":false,"campfire_upgraded":8,"win_rate":0,"timestamp":1548481735,"path_taken":["M","?","?","?","$","R","E","R","T","$","E","M","M","?","R","BOSS","M","$","M","?","?","R","E","R","T","R","?","?","?","?","R","BOSS","M","?","M","?","?","R","M","?","T","?","M","R","$","?","R","BOSS"],"build_version":"2019-01-23","purchased_purges":0,"victory":true,"max_hp_per_floor":[75,75,75,75,75,75,75,75,75,75,75,75,75,75,75,75,75,75,75,75,75,75,75,75,75,75,75,75,75,80,80,80,80,80,80,76,76,76,76,76,76,76,76,76,76,76,76,76,76,76],"card_choices":[{"not_picked":["Flame Barrier","Rage"],"picked":"Whirlwind","floor":1},{"not_picked":["Reckless Charge","Infernal Blade"],"picked":"Inflame","floor":3},{"not_picked":["Heavy Blade","Flex"],"picked":"Disarm","floor":7},{"not_picked":["Whirlwind","Iron Wave"],"picked":"Shockwave","floor":11},{"not_picked":["Intimidate","Headbutt"],"picked":"Disarm","floor":12},{"not_picked":["Armaments","Clash"],"picked":"Metallicize","floor":13},{"not_picked":["Dual Wield","Heavy Blade"],"picked":"Clothesline","floor":14},{"not_picked":["Juggernaut","Bludgeon"],"picked":"Offering","floor":16},{"not_picked":[],"picked":"True Grit","floor":18},{"not_picked":["Intimidate"],"picked":"SKIP","floor":20},{"not_picked":[],"picked":"Feed","floor":24},{"not_picked":["Body Slam+1"],"picked":"SKIP","floor":35},{"not_picked":["Sever Soul+1"],"picked":"SKIP","floor":37},{"not_picked":["Perfected Strike+1"],"picked":"SKIP","floor":41},{"not_picked":[],"picked":"Discovery","floor":44},{"not_picked":["Rampage"],"picked":"SKIP","floor":45},{"not_picked":["Rampage"],"picked":"SKIP","floor":45}],"player_experience":75892,"relics_obtained":[{"floor":7,"key":"Potion Belt"},{"floor":9,"key":"Mercury Hourglass"},{"floor":11,"key":"War Paint"},{"floor":22,"key":"Juzu Bracelet"},{"floor":24,"key":"WingedGreaves"},{"floor":26,"key":"Bottled Flame"},{"floor":28,"key":"Nilry\u0027s Codex"},{"floor":42,"key":"Gambling Chip"},{"floor":43,"key":"Ice Cream"}],"event_choices":[{"damage_healed":0,"gold_gain":0,"player_choice":"Gave Potion","damage_taken":0,"relics_obtained":["Magic Flower"],"max_hp_gain":0,"max_hp_loss":0,"event_name":"WeMeetAgain","floor":2,"gold_loss":0},{"damage_healed":0,"gold_gain":0,"player_choice":"1 cards matched","damage_taken":0,"max_hp_gain":0,"max_hp_loss":0,"event_name":"Match and Keep!","floor":4,"gold_loss":0,"cards_obtained":["Offering"]},{"damage_healed":0,"gold_gain":0,"player_choice":"Inject Mutagens","damage_taken":0,"relics_obtained":["MutagenicStrength"],"max_hp_gain":0,"max_hp_loss":0,"event_name":"Drug Dealer","floor":21,"gold_loss":0},{"damage_healed":0,"gold_gain":0,"player_choice":"Obtained Book","damage_taken":21,"max_hp_gain":0,"max_hp_loss":0,"event_name":"Cursed Tome","floor":28,"gold_loss":0},{"cards_removed":["Strike_R"],"damage_healed":0,"gold_gain":0,"player_choice":"Gave Gold","damage_taken":0,"max_hp_gain":0,"max_hp_loss":0,"event_name":"Beggar","floor":29,"gold_loss":75},{"damage_healed":0,"gold_gain":0,"player_choice":"Shed Blood","damage_taken":26,"max_hp_gain":5,"max_hp_loss":0,"event_name":"Forgotten Altar","floor":30,"gold_loss":0},{"damage_healed":0,"gold_gain":0,"player_choice":"Simplicity","damage_taken":0,"max_hp_gain":0,"max_hp_loss":0,"event_name":"Back to Basics","floor":31,"gold_loss":0,"cards_upgraded":["Strike_R","Strike_R","Strike_R","Strike_R","Defend_R","Defend_R","Defend_R"]},{"damage_healed":0,"gold_gain":0,"player_choice":"Max HP","damage_taken":0,"max_hp_gain":0,"max_hp_loss":4,"event_name":"Winding Halls","floor":36,"gold_loss":0},{"damage_healed":0,"gold_gain":0,"player_choice":"Ignored","damage_taken":0,"max_hp_gain":0,"max_hp_loss":0,"event_name":"SecretPortal","floor":38,"gold_loss":0},{"damage_healed":0,"gold_gain":0,"player_choice":"Ignored","damage_taken":0,"max_hp_gain":0,"max_hp_loss":0,"event_name":"Mysterious Sphere","floor":39,"gold_loss":0},{"damage_healed":0,"gold_gain":0,"player_choice":"Fight","damage_taken":0,"max_hp_gain":0,"max_hp_loss":0,"event_name":"MindBloom","floor":42,"gold_loss":0},{"damage_healed":0,"gold_gain":0,"player_choice":"Memory 3","damage_taken":10,"max_hp_gain":0,"max_hp_loss":0,"event_name":"SensoryStone","floor":44,"gold_loss":0},{"damage_healed":0,"gold_gain":0,"player_choice":"Paid","damage_taken":0,"relics_obtained":["Red Mask"],"max_hp_gain":0,"max_hp_loss":0,"event_name":"Tomb of Lord Red Mask","floor":48,"gold_loss":39}],"is_beta":false,"boss_relics":[{"not_picked":["Lizard Tail","Runic Cube"],"picked":"Busted Crown"},{"not_picked":["Runic Dome","Eternal Feather"],"picked":"Sozu"}],"items_purged_floors":[],"is_endless":false,"potions_floor_spawned":[1,7,11,12,14,18,33,35,41,42],"ascension_level":18}