{"gold_per_floor":[362,9,29,46,11,11,26,26,100,113,138,150,191,221,233,348,360,387,418,442,479,503,515,542,554,566,73,100,100,128,128,128,230,230,243,465,465,212,287,287,316,316,387,406,203,203,50,50,50,50],"floor_reached":51,"playtime":2975,"items_purged":["Strike_R","Strike_R","Strike_R"],"score":1040,"play_id":"ed002273-1144-4c98-a9fd-9c24cc5b7dde","local_time":"20190124004046","is_ascension_mode":true,"campfire_choices":[{"data":"Armaments","floor":6,"key":"SMITH"},{"data":"Whirlwind","floor":8,"key":"SMITH"},{"data":"Fiend Fire","floor":15,"key":"SMITH"},{"data":"Juggernaut","floor":23,"key":"SMITH"},{"floor":25,"key":"REST"},{"floor":32,"key":"REST"},{"data":"Demon Form","floor":40,"key":"SMITH"},{"data":"Shockwave","floor":42,"key":"SMITH"},{"data":"Metallicize","floor":49,"key":"SMITH"}],"neow_cost":"PERCENT_DAMAGE","seed_source_timestamp":30622900529561,"circlet_count":0,"master_deck":["Strike_R","Strike_R","Defend_R","Defend_R","Defend_R","Defend_R","Bash+1","Whirlwind+1","Fiend Fire+1","Shrug It Off","Armaments+1","Shockwave+1","Seeing Red","Carnage","Headbutt","Flame Barrier","Feed","Havoc+1","Shrug It Off","Juggernaut+1","Shrug It Off","Warcry+1","Feed","Feed","Feel No Pain+1","Demon Form+1","Sword Boomerang+1","Metallicize+1"],"relics":["Burning Blood","Bronze Scales","Singing Bowl","MawBank","Blood Vial","Philosopher\u0027s Stone","Red Mask","Calipers","Brimstone","Bag of Preparation","Champion Belt","Oddly Smooth Stone","Letter Opener","Snecko Eye","Dream Catcher","Centennial Puzzle","Boot","Mummified Hand","Bag of Marbles","Sundial"],"potions_floor_usage":[11,18,20,21,21,41,50,50],"damage_taken":[{"damage":2,"enemies":"2 Louse","floor":1,"turns":5},{"damage":9,"enemies":"Small Slimes","floor":3,"turns":2},{"damage":0,"enemies":"Cultist","floor":4,"turns":3},{"damage":12,"enemies":"Large Slime","floor":7,"turns":7},{"damage":1,"enemies":"Exordium Wildlife","floor":10,"turns":3},{"damage":2,"enemies":"Lagavulin","floor":11,"turns":7},{"damage":20,"enemies":"Gremlin Nob","floor":13,"turns":4},{"damage":10,"enemies":"3 Louse","floor":14,"turns":3},{"damage":28,"enemies":"Slime Boss","floor":16,"turns":7},{"damage":8,"enemies":"3 Byrds","floor":18,"turns":4},{"damage":11,"enemies":"Shell Parasite","floor":19,"turns":3},{"damage":6,"enemies":"Cultist and Chosen","floor":20,"turns":4},{"damage":2,"enemies":"Masked Bandits","floor":21,"turns":2},{"damage":39,"enemies":"Shelled Parasite and Fungi","floor":22,"turns":8},{"damage":26,"enemies":"3 Cultists","floor":24,"turns":6},{"damage":12,"enemies":"Book of Stabbing","floor":28,"turns":2},{"damage":13,"enemies":"Slavers","floor":30,"turns":4},{"damage":4,"enemies":"Collector","floor":33,"turns":4},{"damage":5,"enemies":"3 Shapes","floor":35,"turns":4},{"damage":0,"enemies":"Giant Head","floor":41,"turns":4},{"damage":0,"enemies":"Orb Walker","floor":44,"turns":2},{"damage":52,"enemies":"Donu and Deca","floor":50,"turns":6}],"seed_played":"2117236740803048193","potions_obtained":[{"floor":3,"key":"Poison Potion"},{"floor":7,"key":"Fire Potion"},{"floor":11,"key":"Block Potion"},{"floor":16,"key":"Fire Potion"},{"floor":20,"key":"AttackPotion"},{"floor":21,"key":"BloodPotion"},{"floor":30,"key":"Fire Potion"},{"floor":35,"key":"Poison Potion"},{"floor":41,"key":"Block Potion"},{"floor":44,"key":"Energy Potion"}],"is_trial":false,"path_per_floor":["M","$","M","M","?","R","M","R","T","M","E","?","E","M","R","B",null,"M","M","M","?","M","R","M","R","T","$","E","T","E","?","R","B",null,"M","?","T","$","?","R","E","R","T","M","$","?","$","T","R","B",null],"character_chosen":"IRONCLAD","items_purchased":["Fiend Fire","Shrug It Off","Bronze Scales","Brimstone","Bag of Preparation","Feed","Centennial Puzzle","Metallicize","Bag of Marbles"],"campfire_rested":2,"item_purchase_floors":[2,2,2,27,27,27,38,45,47],"current_hp_per_floor":[55,55,52,58,78,78,72,72,72,77,80,80,66,64,64,44,71,71,68,70,76,51,51,36,62,62,62,58,58,60,60,88,95,98,105,105,105,105,95,95,105,105,105,112,112,108,108,108,108,64],"gold":50,"neow_bonus":"TWO_FIFTY_GOLD","is_prod":false,"is_daily":false,"chose_seed":false,"campfire_upgraded":7,"win_rate":0,"timestamp":1548243646,"path_taken":["M","$","M","M","?","R","M","R","T","M","E","?","E","M","R","BOSS","M","?","M","?","M","R","M","R","T","$","E","?","E","?","R","BOSS","M","?","?","$","?","R","E","R","T","?","?","?","$","?","R","BOSS"],"build_version":"2019-01-17v2","purchased_purges":3,"victory":true,"max_hp_per_floor":[80,80,80,80,80,80,80,80,80,80,80,80,80,80,80,80,80,80,80,80,80,86,86,89,89,89,89,89,89,96,96,96,99,99,105,105,105,105,105,105,107,107,107,112,112,118,118,118,118,118],"card_choices":[{"not_picked":["Twin Strike","Armaments"],"picked":"Whirlwind","floor":1},{"not_picked":["Heavy Blade","Rupture"],"picked":"Armaments","floor":3},{"not_picked":["Armaments","Feel No Pain"],"picked":"Shockwave","floor":4},{"not_picked":["Thunderclap","Flex","Combust"],"picked":"SKIP","floor":7},{"not_picked":["Thunderclap","Flex","Combust"],"picked":"SKIP","floor":7},{"not_picked":["Flex","Metallicize"],"picked":"Seeing Red","floor":10},{"not_picked":["Juggernaut","Wild Strike"],"picked":"Carnage","floor":11},{"not_picked":["Reckless Charge","Anger"],"picked":"Headbutt","floor":13},{"not_picked":["Sword Boomerang","Body Slam"],"picked":"Flame Barrier","floor":14},{"not_picked":["Brutality","Bludgeon"],"picked":"Feed","floor":16},{"not_picked":["Thunderclap","Sentinel"],"picked":"Havoc+1","floor":18},{"not_picked":["Thunderclap","Intimidate+1"],"picked":"Shrug It Off","floor":19},{"not_picked":["Warcry+1","Anger"],"picked":"Juggernaut","floor":20},{"not_picked":["Evolve","Warcry"],"picked":"Shrug It Off","floor":21},{"not_picked":["Havoc","Armaments","Pommel Strike"],"picked":"Singing Bowl","floor":22},{"not_picked":["Thunderclap","Clash+1"],"picked":"Warcry+1","floor":24},{"not_picked":["Sentinel","Clothesline"],"picked":"Feed","floor":28},{"not_picked":["True Grit","Wild Strike"],"picked":"Feel No Pain+1","floor":30},{"not_picked":["Berserk","Exhume"],"picked":"Demon Form","floor":33},{"not_picked":["Whirlwind","Perfected Strike"],"picked":"Sword Boomerang+1","floor":35},{"not_picked":["Sword Boomerang+1","Rage+1","Combust"],"picked":"Singing Bowl","floor":41},{"not_picked":["Evolve","Twin Strike+1","Clash+1"],"picked":"Singing Bowl","floor":44},{"not_picked":["Deep Breath","Swift Strike","Blind"],"picked":"Singing Bowl","floor":46},{"not_picked":["Good Instincts","Sadistic Nature","Blind"],"picked":"Singing Bowl","floor":46},{"not_picked":["Forethought","Violence","Swift Strike"],"picked":"Singing Bowl","floor":46}],"player_experience":23501,"relics_obtained":[{"floor":9,"key":"Singing Bowl"},{"floor":11,"key":"MawBank"},{"floor":13,"key":"Blood Vial"},{"floor":21,"key":"Red Mask"},{"floor":26,"key":"Calipers"},{"floor":28,"key":"Champion Belt"},{"floor":29,"key":"Oddly Smooth Stone"},{"floor":30,"key":"Letter Opener"},{"floor":37,"key":"Dream Catcher"},{"floor":41,"key":"Boot"},{"floor":43,"key":"Mummified Hand"},{"floor":48,"key":"Sundial"}],"event_choices":[{"damage_healed":20,"gold_gain":0,"player_choice":"Healed","damage_taken":0,"max_hp_gain":0,"max_hp_loss":0,"event_name":"The Cleric","floor":5,"gold_loss":35},{"damage_healed":0,"gold_gain":0,"player_choice":"Upgraded","damage_taken":0,"max_hp_gain":0,"max_hp_loss":0,"event_name":"Upgrade Shrine","floor":12,"gold_loss":0,"cards_upgraded":["Bash"]},{"damage_healed":0,"gold_gain":0,"player_choice":"Fought Bandits","damage_taken":0,"max_hp_gain":0,"max_hp_loss":0,"event_name":"Masked Bandits","floor":21,"gold_loss":0},{"damage_healed":0,"gold_gain":0,"player_choice":"Ignored","damage_taken":0,"max_hp_gain":0,"max_hp_loss":0,"event_name":"The Mausoleum","floor":31,"gold_loss":0},{"damage_healed":0,"gold_gain":222,"player_choice":"Wore Mask","damage_taken":0,"max_hp_gain":0,"max_hp_loss":0,"event_name":"Tomb of Lord Red Mask","floor":36,"gold_loss":0},{"damage_healed":0,"gold_gain":75,"player_choice":"Touch","damage_taken":10,"max_hp_gain":0,"max_hp_loss":0,"event_name":"FaceTrader","floor":39,"gold_loss":0},{"damage_healed":0,"gold_gain":0,"player_choice":"Memory 3","damage_taken":10,"max_hp_gain":0,"max_hp_loss":0,"event_name":"SensoryStone","floor":46,"gold_loss":0}],"is_beta":false,"boss_relics":[{"not_picked":["Black Blood","Runic Cube"],"picked":"Philosopher\u0027s Stone"},{"not_picked":["Runic Pyramid","Coffee Dripper"],"picked":"Snecko Eye"}],"items_purged_floors":[27,38,45],"is_endless":false,"potions_floor_spawned":[3,7,11,16,20,21,30,35,41,44],"ascension_level":7}