{"gold_per_floor":[115,115,134,146,65,65,90,103,129,187,187,200,210,229,229,329],"floor_reached":16,"playtime":969,"items_purged":[],"score":162,"play_id":"c0370690-4045-48fc-ab67-f0f53c452d56","local_time":"20180920013245","is_ascension_mode":true,"campfire_choices":[{"data":"Riddle With Holes","floor":6,"key":"SMITH"},{"floor":11,"key":"REST"},{"data":"Accuracy","floor":15,"key":"SMITH"}],"neow_cost":"","seed_source_timestamp":0,"circlet_count":0,"master_deck":["Defend_G","Defend_G","Defend_G","Defend_G","Defend_G","Strike_G","Strike_G","Strike_G","Strike_G","Strike_G","Survivor","Neutralize","Dagger Spray","Riddle With Holes+1","Accuracy+1","Tactician","Blade Dance","Terror","Blade Dance","Bullet Time","Calculated Gamble"],"special_seed":0,"relics":["Ring of the Snake","Potion Belt","Vajra","Lantern","Pen Nib"],"potions_floor_usage":[10,16,16,16],"damage_taken":[{"damage":0.0,"enemies":"Small Slimes","floor":1.0,"turns":5.0},{"damage":0.0,"enemies":"2 Louse","floor":3.0,"turns":3.0},{"damage":2.0,"enemies":"Jaw Worm","floor":4.0,"turns":4.0},{"damage":22,"enemies":"3 Sentries","floor":7,"turns":8},{"damage":7,"enemies":"Blue Slaver","floor":8,"turns":3},{"damage":7,"enemies":"3 Sentries","floor":10,"turns":7},{"damage":7,"enemies":"Looter","floor":12,"turns":4},{"damage":3,"enemies":"3 Louse","floor":13,"turns":2},{"damage":4,"enemies":"Exordium Thugs","floor":14,"turns":4},{"damage":2,"enemies":"Hexaghost","floor":16,"turns":8}],"seed_played":"-3098194865096075169","potions_obtained":[{"floor":1.0,"key":"EssenceOfSteel"},{"floor":4.0,"key":"Poison Potion"},{"floor":10,"key":"Explosive Potion"},{"floor":12,"key":"Regen Potion"},{"floor":14,"key":"EssenceOfSteel"},{"floor":16,"key":"Explosive Potion"}],"is_trial":false,"path_per_floor":["M","?","M","M","$","R","E","M","T","?","R","M","M","M","R"],"character_chosen":"THE_SILENT","items_purchased":["Accuracy"],"campfire_rested":1,"item_purchase_floors":[5],"current_hp_per_floor":[70,52,52,50,50,50,28,21,21,14,35,28,25,21,21,34],"gold":329,"neow_bonus":"","is_prod":false,"is_daily":false,"chose_seed":false,"campfire_upgraded":2,"win_rate":0,"timestamp":1537421565,"path_taken":["M","?","M","M","$","R","E","M","T","?","R","M","M","M","R","BOSS"],"build_version":"2018-09-06","purchased_purges":0,"victory":false,"max_hp_per_floor":[70,70,70,70,70,70,70,70,70,70,70,70,70,70,70,70],"card_choices":[{"not_picked":["Reflex","Underhanded Strike","Sucker Punch"],"picked":"SKIP","floor":1.0},{"not_picked":["Sucker Punch","Bouncing Flask"],"picked":"Dagger Spray","floor":3.0},{"not_picked":["Backflip","Slice"],"picked":"Riddle With Holes","floor":4.0},{"not_picked":["Endless Agony","Dagger Throw"],"picked":"Tactician","floor":7},{"not_picked":["Acrobatics","Outmaneuver"],"picked":"Blade Dance","floor":8},{"not_picked":["Acrobatics","Dagger Throw"],"picked":"Terror","floor":10},{"not_picked":["Endless Agony","Deadly Poison"],"picked":"Blade Dance","floor":12},{"not_picked":["Dagger Throw","Accuracy"],"picked":"Bullet Time","floor":13},{"not_picked":["Sucker Punch","Deadly Poison"],"picked":"Calculated Gamble","floor":14}],"player_experience":613490,"relics_obtained":[{"floor":7,"key":"Vajra"},{"floor":9,"key":"Lantern"},{"floor":10,"key":"Pen Nib"}],"event_choices":[{"event_name":"Scrap Ooze","player_choice":"success","floor":2.0,"damage_taken":18.0},{"event_name":"Dead Adventurer","player_choice":"Searched \u00271\u0027 times","floor":10,"damage_taken":0}],"is_beta":false,"boss_relics":[],"items_purged_floors":[],"is_endless":false,"potions_floor_spawned":[1,4,10,12,14,16],"killed_by":"Hexaghost","ascension_level":1}