{"gold_per_floor":[214,177,196,216,129,129,129,129,204,204,236,236,248,279,279,355,355,375,375,375,385,58,58,78,95,120,120,131,161,161,179,179,254,254,272,272,372,372,387,387,406,406,460,490,490,490,540,540,540,540],"floor_reached":51,"playtime":3622,"items_purged":["Strike_R+1"],"score":1368,"play_id":"1de96203-84e1-40c1-b46e-af39ff4845bc","local_time":"20190126195122","is_ascension_mode":true,"campfire_choices":[{"data":"Bash","floor":8,"key":"SMITH"},{"data":"Spot Weakness","floor":10,"key":"SMITH"},{"data":"Metallicize","floor":12,"key":"SMITH"},{"floor":15,"key":"REST"},{"data":"Hemokinesis","floor":23,"key":"SMITH"},{"data":"Double Tap","floor":32,"key":"SMITH"},{"data":"Demon Form","floor":40,"key":"SMITH"},{"floor":42,"key":"REST"},{"floor":49,"key":"REST"}],"neow_cost":"NONE","seed_source_timestamp":35902002343636,"circlet_count":0,"master_deck":["AscendersBane","Defend_R+1","Defend_R+1","Defend_R+1","Defend_R+1","Bash+1","Disarm+1","Spot Weakness+1","Metallicize+1","Metallicize","Offering","Hemokinesis+1","Shrug It Off+1","Immolate","Twin Strike","Double Tap+1","Pommel Strike","Clothesline","Bite","Bite","Bite","Bite","Bite","Flame Barrier","Demon Form+1","Headbutt+1","Metallicize","Shrug It Off"],"relics":["Burning Blood","Pen Nib","Gremlin Horn","Orichalcum","Centennial Puzzle","Runic Dome","Nilry\u0027s Codex","War Paint","Juzu Bracelet","Philosopher\u0027s Stone","Charon\u0027s Ashes","Happy Flower","Toxic Egg 2"],"potions_floor_usage":[16,16,18,33,33,37,44,50],"damage_taken":[{"damage":21,"enemies":"Jaw Worm","floor":1,"turns":5},{"damage":12,"enemies":"Small Slimes","floor":3,"turns":3},{"damage":7,"enemies":"Cultist","floor":4,"turns":5},{"damage":16,"enemies":"3 Sentries","floor":11,"turns":7},{"damage":6,"enemies":"2 Fungi Beasts","floor":13,"turns":4},{"damage":14,"enemies":"Gremlin Nob","floor":14,"turns":3},{"damage":42,"enemies":"Slime Boss","floor":16,"turns":12},{"damage":9,"enemies":"Chosen","floor":18,"turns":4},{"damage":7,"enemies":"3 Byrds","floor":21,"turns":5},{"damage":10,"enemies":"3 Cultists","floor":24,"turns":3},{"damage":9,"enemies":"Snake Plant","floor":25,"turns":2},{"damage":14,"enemies":"Snecko","floor":28,"turns":6},{"damage":22,"enemies":"Book of Stabbing","floor":29,"turns":3},{"damage":4,"enemies":"Cultist and Chosen","floor":31,"turns":3},{"damage":87,"enemies":"Automaton","floor":33,"turns":9},{"damage":10,"enemies":"3 Shapes","floor":35,"turns":10},{"damage":49,"enemies":"Mind Bloom Boss Battle","floor":37,"turns":5},{"damage":21,"enemies":"3 Darklings","floor":39,"turns":4},{"damage":0,"enemies":"Jaw Worm Horde","floor":41,"turns":1},{"damage":46,"enemies":"Nemesis","floor":44,"turns":5},{"damage":53,"enemies":"Time Eater","floor":50,"turns":6}],"seed_played":"-7258899705379064460","potions_obtained":[{"floor":3,"key":"FearPotion"},{"floor":4,"key":"SpeedPotion"},{"floor":13,"key":"Weak Potion"},{"floor":16,"key":"Energy Potion"},{"floor":18,"key":"Swift Potion"},{"floor":28,"key":"EssenceOfSteel"},{"floor":29,"key":"FearPotion"},{"floor":35,"key":"Poison Potion"},{"floor":36,"key":"Fruit Juice"},{"floor":36,"key":"LiquidBronze"},{"floor":41,"key":"SpeedPotion"}],"is_trial":false,"path_per_floor":["M","$","M","M","$","?","?","R","T","R","E","R","M","E","R","B",null,"M","?","?","M","$","R","M","M","T","?","M","E","?","M","R","B",null,"M","?","?","?","M","R","M","R","T","E","?","?","?","?","R","B",null],"character_chosen":"IRONCLAD","items_purchased":["Spot Weakness","Offering","War Paint","Double Tap"],"campfire_rested":3,"item_purchase_floors":[2,5,22,22],"current_hp_per_floor":[53,53,47,46,46,39,39,39,39,39,29,29,29,21,43,7,58,55,34,34,33,33,33,29,26,26,85,77,63,63,75,75,16,68,85,85,57,57,46,46,52,79,79,53,53,53,53,53,78,33],"gold":540,"neow_bonus":"HUNDRED_GOLD","is_prod":false,"is_daily":false,"chose_seed":false,"campfire_upgraded":6,"win_rate":0,"timestamp":1548485482,"path_taken":["M","$","M","M","$","?","?","R","T","R","E","R","?","E","R","BOSS","M","?","?","M","$","R","M","M","T","?","?","E","?","M","R","BOSS","M","?","?","?","M","R","M","R","T","E","?","?","?","?","R","BOSS"],"build_version":"2019-01-23","purchased_purges":1,"victory":true,"max_hp_per_floor":[75,75,75,75,75,75,75,75,75,75,75,75,75,75,75,75,75,75,75,75,75,75,75,75,75,75,85,85,85,85,85,85,85,85,85,85,90,90,90,90,90,90,90,90,85,85,85,85,85,85],"card_choices":[{"not_picked":["Sword Boomerang","Pommel Strike"],"picked":"Disarm","floor":1},{"not_picked":["Evolve","Corruption"],"picked":"Metallicize","floor":3},{"not_picked":["Warcry","Sentinel"],"picked":"Metallicize","floor":4},{"not_picked":["Heavy Blade","True Grit","Body Slam"],"picked":"SKIP","floor":11},{"not_picked":["Anger","Entrench"],"picked":"Hemokinesis","floor":13},{"not_picked":["Shockwave","Heavy Blade"],"picked":"Shrug It Off","floor":14},{"not_picked":["Berserk","Juggernaut"],"picked":"Immolate","floor":16},{"not_picked":["Warcry","Bloodletting+1"],"picked":"Twin Strike","floor":18},{"not_picked":["Flex","Pommel Strike","Heavy Blade"],"picked":"SKIP","floor":21},{"not_picked":["Dual Wield","Blood for Blood","Perfected Strike"],"picked":"SKIP","floor":24},{"not_picked":["Iron Wave","Warcry"],"picked":"Juggernaut","floor":25},{"not_picked":["Sentinel+1","Wild Strike"],"picked":"Pommel Strike","floor":28},{"not_picked":["Warcry","Carnage"],"picked":"Clothesline","floor":29},{"not_picked":["Body Slam","Reaper"],"picked":"Flame Barrier","floor":31},{"not_picked":["Brutality","Offering"],"picked":"Demon Form","floor":33},{"not_picked":["Sever Soul","Twin Strike+1"],"picked":"Headbutt+1","floor":35},{"not_picked":["Pommel Strike+1","Flex"],"picked":"Metallicize","floor":39},{"not_picked":["Heavy Blade+1","Wild Strike"],"picked":"Shrug It Off","floor":41},{"not_picked":["Clash+1","Dual Wield","Inflame"],"picked":"SKIP","floor":44}],"player_experience":79439,"relics_obtained":[{"floor":9,"key":"Gremlin Horn"},{"floor":11,"key":"Orichalcum"},{"floor":14,"key":"Centennial Puzzle"},{"floor":19,"key":"Nilry\u0027s Codex"},{"floor":26,"key":"Blood Vial"},{"floor":29,"key":"Juzu Bracelet"},{"floor":37,"key":"Charon\u0027s Ashes"},{"floor":43,"key":"Happy Flower"},{"floor":44,"key":"Toxic Egg 2"}],"event_choices":[{"cards_removed":["Strike_R"],"damage_healed":0,"gold_gain":0,"player_choice":"Card Removal","damage_taken":7,"max_hp_gain":0,"max_hp_loss":0,"event_name":"Golden Wing","floor":6,"gold_loss":0},{"damage_healed":0,"gold_gain":0,"player_choice":"Gave Potion","damage_taken":0,"relics_obtained":["Pen Nib"],"max_hp_gain":0,"max_hp_loss":0,"event_name":"WeMeetAgain","floor":7,"gold_loss":0},{"damage_healed":0,"gold_gain":0,"player_choice":"Obtained Book","damage_taken":21,"max_hp_gain":0,"max_hp_loss":0,"event_name":"Cursed Tome","floor":19,"gold_loss":0},{"damage_healed":0,"gold_gain":0,"player_choice":"Simplicity","damage_taken":0,"max_hp_gain":0,"max_hp_loss":0,"event_name":"Back to Basics","floor":20,"gold_loss":0,"cards_upgraded":["Strike_R","Strike_R","Strike_R","Strike_R","Defend_R","Defend_R","Defend_R","Defend_R"]},{"cards_removed":["Juggernaut"],"damage_healed":49,"gold_gain":0,"player_choice":"Offered Rare","damage_taken":0,"max_hp_gain":10,"max_hp_loss":0,"event_name":"Bonfire Elementals","floor":27,"gold_loss":0},{"damage_healed":0,"gold_gain":0,"player_choice":"Became a vampire (Vial)","damage_taken":0,"max_hp_gain":0,"max_hp_loss":0,"event_name":"Vampires","floor":30,"relics_lost":["Blood Vial"],"gold_loss":0,"cards_obtained":["Bite","Bite","Bite","Bite","Bite"]},{"damage_healed":0,"gold_gain":0,"player_choice":"Got Potions","damage_taken":0,"max_hp_gain":0,"max_hp_loss":0,"event_name":"Lab","floor":36,"gold_loss":0},{"damage_healed":0,"gold_gain":0,"player_choice":"Fight","damage_taken":0,"max_hp_gain":0,"max_hp_loss":0,"event_name":"MindBloom","floor":37,"gold_loss":0},{"damage_healed":0,"gold_gain":0,"player_choice":"Ignored","damage_taken":0,"max_hp_gain":0,"max_hp_loss":0,"event_name":"Tomb of Lord Red Mask","floor":38,"gold_loss":0},{"damage_healed":0,"gold_gain":0,"player_choice":"Max HP","damage_taken":0,"max_hp_gain":0,"max_hp_loss":5,"event_name":"Winding Halls","floor":45,"gold_loss":0},{"damage_healed":0,"gold_gain":0,"player_choice":"Memory 1","damage_taken":0,"max_hp_gain":0,"max_hp_loss":0,"event_name":"SensoryStone","floor":46,"gold_loss":0},{"damage_healed":0,"gold_gain":50,"player_choice":"Pray","damage_taken":0,"max_hp_gain":0,"max_hp_loss":0,"event_name":"Golden Shrine","floor":47,"gold_loss":0},{"damage_healed":0,"gold_gain":0,"player_choice":"Ignored","damage_taken":0,"max_hp_gain":0,"max_hp_loss":0,"event_name":"Mysterious Sphere","floor":48,"gold_loss":0}],"is_beta":false,"boss_relics":[{"not_picked":["Fusion Hammer","Tiny House"],"picked":"Runic Dome"},{"not_picked":["Mark of Pain","Orrery"],"picked":"Philosopher\u0027s Stone"}],"items_purged_floors":[22],"is_endless":false,"potions_floor_spawned":[3,4,13,16,18,28,29,35,41],"ascension_level":19}