{"gold_per_floor":[109,126,126,143,143,143,143,96,96,271,39,67,67,106,106,234,234,257,257,257,257,257,257,268,268,268,294,215,227,32,63,63,161,161,178,278,278,278,16,42,60,60,60,95,111,111,31,51,51,51],"floor_reached":51,"playtime":3878,"items_purged":["Doubt","Strike_B"],"score":1180,"play_id":"0d18eecd-bf73-420d-a4a1-73bdaa5e8ab8","local_time":"20190214214451","is_ascension_mode":true,"campfire_choices":[{"data":"Streamline","floor":6,"key":"SMITH"},{"data":"Go for the Eyes","floor":15,"key":"SMITH"},{"data":"Biased Cognition","floor":23,"key":"SMITH"},{"data":"Seek","floor":25,"key":"SMITH"},{"data":"Capacitor","floor":32,"key":"SMITH"},{"data":"Loop","floor":49,"key":"SMITH"}],"neow_cost":"NONE","seed_source_timestamp":6125898006705,"circlet_count":0,"master_deck":["AscendersBane","Strike_B","Strike_B","Defend_B","Defend_B","Defend_B","Defend_B","Zap+1","Dualcast","Cold Snap","Genetic Algorithm","Streamline+1","Ball Lightning","Core Surge","Go for the Eyes+1","Biased Cognition+1","Seek+1","Reboot","Reinforced Body+1","Glacier","Capacitor+1","Recycle+1","Creative AI","Ball Lightning+1","Turbo","Biased Cognition","Rebound+1","Master of Strategy","Panacea","Loop+1"],"relics":["FrozenCore","Juzu Bracelet","WarpedTongs","Pen Nib","Singing Bowl","Bloody Idol","Centennial Puzzle","Enchiridion","Bag of Preparation","Dodecahedron","FossilizedHelix","Chemical X","Pear","Philosopher\u0027s Stone","Ice Cream","Blue Candle","Happy Flower","Dream Catcher"],"potions_floor_usage":[12,27,35,35,40,50],"damage_taken":[{"damage":7,"enemies":"Jaw Worm","floor":1,"turns":3},{"damage":0,"enemies":"Cultist","floor":2,"turns":3},{"damage":7,"enemies":"Small Slimes","floor":4,"turns":3},{"damage":11,"enemies":"3 Sentries","floor":12,"turns":6},{"damage":13,"enemies":"Lagavulin","floor":14,"turns":5},{"damage":2,"enemies":"The Guardian","floor":16,"turns":8},{"damage":0,"enemies":"Shell Parasite","floor":18,"turns":6},{"damage":6,"enemies":"2 Thieves","floor":24,"turns":3},{"damage":15,"enemies":"Slavers","floor":27,"turns":4},{"damage":0,"enemies":"Shelled Parasite and Fungi","floor":29,"turns":6},{"damage":0,"enemies":"Book of Stabbing","floor":31,"turns":5},{"damage":20,"enemies":"Automaton","floor":33,"turns":9},{"damage":0,"enemies":"3 Darklings","floor":35,"turns":6},{"damage":0,"enemies":"Mind Bloom Boss Battle","floor":36,"turns":8},{"damage":27,"enemies":"Reptomancer","floor":40,"turns":6},{"damage":0,"enemies":"3 Shapes","floor":41,"turns":3},{"damage":0,"enemies":"Nemesis","floor":44,"turns":7},{"damage":0,"enemies":"Sphere and 2 Shapes","floor":45,"turns":5},{"damage":0,"enemies":"Spire Growth","floor":48,"turns":4},{"damage":3,"enemies":"Awakened One","floor":50,"turns":13}],"seed_played":"-6016588238423392391","potions_obtained":[{"floor":2,"key":"Fire Potion"},{"floor":16,"key":"Dexterity Potion"},{"floor":24,"key":"Regen Potion"},{"floor":27,"key":"SpeedPotion"},{"floor":33,"key":"Fire Potion"},{"floor":35,"key":"FairyPotion"},{"floor":36,"key":"Poison Potion"},{"floor":45,"key":"FocusPotion"}],"is_trial":false,"path_per_floor":["M","M","?","M","?","R","?","$","T","?","$","E","?","E","R","B",null,"M","?","?","?","?","R","M","R","T","E","$","M","$","E","R","B",null,"M","?","?","?","$","E","M","?","T","E","M","?","$","M","R","B",null],"character_chosen":"DEFECT","items_purchased":["Ball Lightning","Core Surge","Glacier","Chemical X","Biased Cognition","Loop"],"campfire_rested":0,"item_purchase_floors":[8,11,28,30,39,47],"current_hp_per_floor":[61,61,61,54,54,54,54,54,54,54,54,43,43,30,30,28,59,61,61,45,45,45,45,49,49,49,51,51,56,56,71,71,56,75,80,81,81,77,77,57,62,54,54,61,68,68,68,75,75,72],"gold":51,"neow_bonus":"RANDOM_COMMON_RELIC","is_prod":false,"is_daily":false,"chose_seed":false,"campfire_upgraded":6,"win_rate":0,"timestamp":1550133891,"path_taken":["M","M","?","M","?","R","?","?","T","?","$","E","?","E","R","BOSS","M","?","?","?","?","R","M","R","T","E","$","M","$","E","R","BOSS","M","?","?","?","$","E","M","?","T","E","M","?","$","M","R","BOSS"],"build_version":"2019-01-23","purchased_purges":2,"victory":true,"max_hp_per_floor":[75,75,75,75,75,75,75,75,75,75,75,75,69,69,69,69,69,71,71,71,71,71,71,71,71,71,71,71,71,71,81,81,81,81,81,81,81,77,77,79,79,81,81,83,85,85,85,87,87,87],"card_choices":[{"not_picked":["Turbo","Leap"],"picked":"Cold Snap","floor":1},{"not_picked":["Stack","Hello World"],"picked":"Genetic Algorithm","floor":2},{"not_picked":["Leap","Gash"],"picked":"Streamline","floor":4},{"not_picked":["Streamline","Consume"],"picked":"Go for the Eyes","floor":12},{"not_picked":["Fusion","Hologram"],"picked":"Biased Cognition","floor":14},{"not_picked":["Reboot","Multi-Cast"],"picked":"Seek","floor":16},{"not_picked":["Coolheaded","Rebound","Redo"],"picked":"Singing Bowl","floor":18},{"not_picked":["Compile Driver","Leap"],"picked":"Reboot","floor":24},{"not_picked":["Leap","Genetic Algorithm+1"],"picked":"Reinforced Body+1","floor":27},{"not_picked":["Rip and Tear","Hello World"],"picked":"Capacitor","floor":29},{"not_picked":["Turbo","FTL"],"picked":"Recycle+1","floor":31},{"not_picked":["Thunder Strike","Amplify"],"picked":"Creative AI","floor":33},{"not_picked":["Redo+1","Streamline"],"picked":"Ball Lightning+1","floor":35},{"not_picked":["Auto Shields+1","Cold Snap"],"picked":"Turbo","floor":36},{"not_picked":["Rip and Tear+1","Sweeping Beam+1","Genetic Algorithm"],"picked":"Singing Bowl","floor":40},{"not_picked":["Sweeping Beam","Conserve Battery+1"],"picked":"Rebound+1","floor":41},{"not_picked":["Dark Shackles","Panache"],"picked":"Master of Strategy","floor":42},{"not_picked":["Apotheosis","Forethought","Swift Strike"],"picked":"Singing Bowl","floor":42},{"not_picked":["Dramatic Entrance","Jack Of All Trades"],"picked":"Panacea","floor":42},{"not_picked":["Buffer","Streamline","Leap+1"],"picked":"Singing Bowl","floor":44},{"not_picked":["Hello World","Sweeping Beam","Barrage+1"],"picked":"Singing Bowl","floor":45},{"not_picked":["Hello World+1","Stack+1","Streamline"],"picked":"Singing Bowl","floor":48}],"player_experience":244657,"relics_obtained":[{"floor":9,"key":"Pen Nib"},{"floor":12,"key":"Singing Bowl"},{"floor":14,"key":"Centennial Puzzle"},{"floor":20,"key":"Enchiridion"},{"floor":26,"key":"Dodecahedron"},{"floor":27,"key":"FossilizedHelix"},{"floor":31,"key":"Pear"},{"floor":36,"key":"Ice Cream"},{"floor":40,"key":"Blue Candle"},{"floor":43,"key":"Happy Flower"},{"floor":44,"key":"Dream Catcher"}],"event_choices":[{"damage_healed":0,"gold_gain":0,"player_choice":"Rummage","damage_taken":0,"relics_obtained":["WarpedTongs"],"max_hp_gain":0,"max_hp_loss":0,"event_name":"Accursed Blacksmith","floor":3,"gold_loss":0,"cards_obtained":["Pain"]},{"damage_healed":0,"gold_gain":0,"player_choice":"Upgraded","damage_taken":0,"max_hp_gain":0,"max_hp_loss":0,"event_name":"Upgrade Shrine","floor":5,"gold_loss":0,"cards_upgraded":["Zap"]},{"cards_removed":["Pain"],"damage_healed":0,"gold_gain":0,"player_choice":"Removed Curses","damage_taken":0,"max_hp_gain":0,"max_hp_loss":0,"event_name":"Fountain of Cleansing","floor":7,"gold_loss":0},{"damage_healed":0,"gold_gain":175,"player_choice":"AGREE","damage_taken":0,"max_hp_gain":0,"max_hp_loss":0,"event_name":"Liars Game","floor":10,"gold_loss":0,"cards_obtained":["Doubt"]},{"damage_healed":0,"gold_gain":0,"player_choice":"Lose Max HP","damage_taken":0,"relics_obtained":["Golden Idol"],"max_hp_gain":0,"max_hp_loss":6,"event_name":"Golden Idol","floor":13,"gold_loss":0},{"damage_healed":0,"gold_gain":0,"player_choice":"Ignored","damage_taken":0,"max_hp_gain":0,"max_hp_loss":0,"event_name":"The Mausoleum","floor":19,"gold_loss":0},{"damage_healed":0,"gold_gain":0,"player_choice":"Obtained Book","damage_taken":16,"max_hp_gain":0,"max_hp_loss":0,"event_name":"Cursed Tome","floor":20,"gold_loss":0},{"damage_healed":0,"gold_gain":0,"player_choice":"Gave Idol","damage_taken":0,"relics_obtained":["Bloody Idol"],"max_hp_gain":0,"max_hp_loss":0,"event_name":"Forgotten Altar","floor":21,"relics_lost":["Golden Idol"],"gold_loss":0},{"damage_healed":0,"gold_gain":0,"player_choice":"Gave Potion","damage_taken":0,"relics_obtained":["Bag of Preparation"],"max_hp_gain":0,"max_hp_loss":0,"event_name":"WeMeetAgain","floor":22,"gold_loss":0},{"damage_healed":0,"gold_gain":0,"player_choice":"Fight","damage_taken":0,"max_hp_gain":0,"max_hp_loss":0,"event_name":"MindBloom","floor":36,"gold_loss":0},{"cards_removed":["Strike_B"],"damage_healed":0,"gold_gain":0,"player_choice":"Removed Attack","damage_taken":0,"max_hp_gain":0,"max_hp_loss":0,"event_name":"Falling","floor":37,"gold_loss":0},{"damage_healed":0,"gold_gain":0,"player_choice":"Max HP","damage_taken":0,"max_hp_gain":0,"max_hp_loss":4,"event_name":"Winding Halls","floor":38,"gold_loss":0},{"damage_healed":0,"gold_gain":0,"player_choice":"Memory 3","damage_taken":10,"max_hp_gain":0,"max_hp_loss":0,"event_name":"SensoryStone","floor":42,"gold_loss":0},{"damage_healed":0,"gold_gain":0,"player_choice":"Ignored","damage_taken":0,"max_hp_gain":0,"max_hp_loss":0,"event_name":"Tomb of Lord Red Mask","floor":46,"gold_loss":0}],"is_beta":false,"boss_relics":[{"not_picked":["White Beast Statue","Fusion Hammer"],"picked":"FrozenCore"},{"not_picked":["Pandora\u0027s Box","Empty Cage"],"picked":"Philosopher\u0027s Stone"}],"items_purged_floors":[11,39],"is_endless":false,"potions_floor_spawned":[2,16,24,27,33,35,36,45],"ascension_level":11}