{"gold_per_floor":[119,138,138,158,158,158,196,196,250,263,284,298,342,365,365,489,489,503,503,56,77,91,91,125,125,148,201,312,363,375],"floor_reached":30,"playtime":1671,"items_purged":["Strike_B"],"score":390,"play_id":"f992f512-9baf-4fdb-b8c8-5ea7952b5c52","local_time":"20190224110058","is_ascension_mode":true,"campfire_choices":[{"data":"Zap","floor":6,"key":"SMITH"},{"data":"Dualcast","floor":8,"key":"SMITH"},{"data":"White Noise","floor":15,"key":"SMITH"},{"data":"Biased Cognition","floor":23,"key":"SMITH"},{"data":"White Noise","floor":25,"key":"SMITH"}],"neow_cost":"NONE","seed_source_timestamp":162676686850283,"circlet_count":0,"master_deck":["Strike_B","Defend_B","Defend_B","Defend_B","Defend_B","Zap+1","Dualcast+1","Sunder+1","Reprogram","Reboot","Cold Snap","White Noise+1","Go for the Eyes","Cold Snap","Leap","Biased Cognition+1","Machine Learning","Undo","White Noise+1","Cold Snap","Undo+1","Ball Lightning"],"relics":["Cracked Core","Golden Idol","Oddly Smooth Stone","Bag of Marbles","Dream Catcher","Eternal Feather","StoneCalendar","Pen Nib","MawBank","Regal Pillow","Girya"],"potions_floor_usage":[7,14,16,16,24,29,29],"damage_taken":[{"damage":0,"enemies":"Cultist","floor":1,"turns":3},{"damage":1,"enemies":"2 Louse","floor":2,"turns":2},{"damage":0,"enemies":"Small Slimes","floor":4,"turns":2},{"damage":35,"enemies":"Lagavulin","floor":7,"turns":5},{"damage":3,"enemies":"2 Fungi Beasts","floor":10,"turns":2},{"damage":0,"enemies":"Large Slime","floor":11,"turns":2},{"damage":5,"enemies":"3 Louse","floor":12,"turns":3},{"damage":10,"enemies":"Gremlin Nob","floor":13,"turns":3},{"damage":0,"enemies":"Blue Slaver","floor":14,"turns":3},{"damage":4,"enemies":"Slime Boss","floor":16,"turns":10},{"damage":5,"enemies":"2 Thieves","floor":18,"turns":3},{"damage":2,"enemies":"Chosen","floor":21,"turns":3},{"damage":0,"enemies":"Snecko","floor":22,"turns":5},{"damage":21,"enemies":"Book of Stabbing","floor":24,"turns":5},{"damage":8,"enemies":"Slavers","floor":27,"turns":5},{"damage":35,"enemies":"Gremlin Leader","floor":29,"turns":7},{"damage":14,"enemies":"Masked Bandits","floor":30,"turns":2}],"seed_played":"5927940270973359956","potions_obtained":[{"floor":1,"key":"Energy Potion"},{"floor":4,"key":"Poison Potion"},{"floor":12,"key":"SteroidPotion"},{"floor":13,"key":"PowerPotion"},{"floor":22,"key":"EssenceOfSteel"},{"floor":24,"key":"Fire Potion"},{"floor":27,"key":"SpeedPotion"}],"is_trial":false,"path_per_floor":["M","M","?","M","?","R","E","R","T","M","M","M","E","M","R","B",null,"M","?","$","M","M","R","E","R","T","E","?","E","?"],"character_chosen":"DEFECT","items_purchased":["White Noise","StoneCalendar"],"campfire_rested":0,"item_purchase_floors":[20,20],"current_hp_per_floor":[75,74,74,74,74,74,39,39,39,36,36,31,21,21,21,17,61,56,56,56,54,54,66,45,57,57,49,49,14,0],"gold":375,"neow_bonus":"TEN_PERCENT_HP_BONUS","is_prod":false,"is_daily":false,"chose_seed":false,"campfire_upgraded":5,"win_rate":0,"timestamp":1551034858,"path_taken":["M","?","?","M","?","R","E","R","T","?","M","M","E","M","R","BOSS","M","?","$","M","M","R","E","R","T","E","?","E","?"],"build_version":"2019-01-23","purchased_purges":1,"victory":false,"max_hp_per_floor":[82,82,76,76,76,76,76,76,76,76,76,76,76,76,76,76,76,76,76,76,76,76,76,76,76,76,76,76,76,76],"card_choices":[{"not_picked":["Scrape","Barrage"],"picked":"Sunder","floor":1},{"not_picked":["Steam","Scrape"],"picked":"Reprogram","floor":2},{"not_picked":["Barrage","Beam Cell","Scrape"],"picked":"SKIP","floor":4},{"not_picked":["Hologram","Rebound"],"picked":"Reboot","floor":7},{"not_picked":["Sweeping Beam","Stack"],"picked":"Cold Snap","floor":10},{"not_picked":["Hello World","Melter"],"picked":"White Noise","floor":11},{"not_picked":["Melter","Chaos"],"picked":"Go for the Eyes","floor":12},{"not_picked":["Barrage","Chill"],"picked":"Cold Snap","floor":13},{"not_picked":["Steam Power","Rainbow"],"picked":"Leap","floor":14},{"not_picked":["Rainbow","Buffer"],"picked":"Biased Cognition","floor":16},{"not_picked":["Sweeping Beam+1","Beam Cell","Heatsinks"],"picked":"SKIP","floor":18},{"not_picked":["Steam","Gash"],"picked":"Cold Snap","floor":21},{"not_picked":["Undo","Rebound+1","Stack"],"picked":"SKIP","floor":22},{"not_picked":["Steam Power","Melter+1"],"picked":"Undo+1","floor":24},{"not_picked":["Fission","Heatsinks","Tempest+1"],"picked":"SKIP","floor":27},{"not_picked":["Force Field+1","Heatsinks"],"picked":"Ball Lightning","floor":29}],"player_experience":421675,"relics_obtained":[{"floor":7,"key":"Oddly Smooth Stone"},{"floor":9,"key":"Bag of Marbles"},{"floor":13,"key":"Dream Catcher"},{"floor":24,"key":"Pen Nib"},{"floor":26,"key":"MawBank"},{"floor":27,"key":"Regal Pillow"},{"floor":29,"key":"Girya"}],"event_choices":[{"damage_healed":0,"gold_gain":0,"player_choice":"Lose Max HP","damage_taken":0,"relics_obtained":["Golden Idol"],"max_hp_gain":0,"max_hp_loss":6,"event_name":"Golden Idol","floor":3,"gold_loss":0},{"damage_healed":0,"gold_gain":0,"player_choice":"Forge","damage_taken":0,"max_hp_gain":0,"max_hp_loss":0,"event_name":"Accursed Blacksmith","floor":5,"gold_loss":0,"cards_upgraded":["Sunder"]},{"damage_healed":0,"gold_gain":0,"cards_transformed":["Strike_B","Strike_B"],"player_choice":"Became Test Subject","damage_taken":0,"max_hp_gain":0,"max_hp_loss":0,"event_name":"Drug Dealer","floor":19,"gold_loss":0,"cards_obtained":["Machine Learning","Undo"]},{"damage_healed":0,"gold_gain":99,"player_choice":"Stole From Cult","damage_taken":0,"max_hp_gain":0,"max_hp_loss":0,"event_name":"Nest","floor":28,"gold_loss":0},{"damage_healed":0,"gold_gain":0,"player_choice":"Fought Bandits","damage_taken":0,"max_hp_gain":0,"max_hp_loss":0,"event_name":"Masked Bandits","floor":30,"gold_loss":0}],"is_beta":false,"boss_relics":[{"not_picked":["Black Star","Tiny House"],"picked":"Eternal Feather"}],"items_purged_floors":[20],"is_endless":false,"potions_floor_spawned":[1,4,12,13,22,24,27],"killed_by":"Masked Bandits","ascension_level":6}