{"gold_per_floor":[360,370,370,370,443,478,32,46,46,61,12,45,45,64,64,164,164,175,175,175,192,203,230,244,269,269,269,280,48,76,87,87,186,186,204,219,232,248,262,287,305,405,428,428,457,472,485,135,135,135,135,135,8,38,38],"floor_reached":56,"playtime":3513,"items_purged":["Cleave"],"score":1891,"play_id":"e82531d6-eb87-41bd-bd78-f9cba053ee6e","local_time":"20190303150932","is_ascension_mode":true,"campfire_choices":[{"floor":13,"key":"REST"},{"data":"Corruption","floor":15,"key":"SMITH"},{"floor":27,"key":"REST"},{"floor":32,"key":"RECALL"},{"floor":49,"key":"REST"},{"floor":52,"key":"REST"}],"neow_cost":"CURSE","seed_source_timestamp":1023574255354,"circlet_count":0,"master_deck":["Strike_R+1","Strike_R+1","Strike_R+1","Defend_R+1","Defend_R+1","Defend_R+1","Defend_R+1","Bash","Twin Strike","Warcry","Dropkick+1","Armaments+1","Sword Boomerang+1","Corruption+1","Headbutt+1","Reaper+1","Warcry+1","Thunderclap+1","Havoc+1","Exhume+1","Clothesline+1","Shrug It Off+1","Flame Barrier+1","Warcry+1","Shockwave+1","Twin Strike+1","Offering+1","Flash of Steel+1","Exhume+1","Heavy Blade+1","Metallicize+1","Pommel Strike+1","Shrug It Off+1","Shrug It Off+1","Feel No Pain","Warcry+1","Body Slam+1","Warcry+1","Pommel Strike+1","Seeing Red+1","Shrug It Off+1","Headbutt+1"],"relics":["Burning Blood","Letter Opener","Molten Egg 2","Sling","Toxic Egg 2","Ancient Tea Set","Orrery","Sundial","Regal Pillow","Shuriken","Question Card","Fusion Hammer","Oddly Smooth Stone","Calipers","Bronze Scales","Red Skull","Kunai","Bottled Flame"],"potions_floor_usage":[16,16,21,23,23,33,39,40,41,50,50,55],"damage_taken":[{"damage":7,"enemies":"Jaw Worm","floor":1,"turns":3},{"damage":0,"enemies":"Small Slimes","floor":2,"turns":2},{"damage":45,"enemies":"Lagavulin","floor":6,"turns":7},{"damage":1,"enemies":"Cultist","floor":8,"turns":3},{"damage":12,"enemies":"Exordium Wildlife","floor":10,"turns":3},{"damage":13,"enemies":"Gremlin Nob","floor":12,"turns":3},{"damage":11,"enemies":"Exordium Thugs","floor":14,"turns":4},{"damage":35,"enemies":"Hexaghost","floor":16,"turns":8},{"damage":18,"enemies":"3 Byrds","floor":18,"turns":5},{"damage":23,"enemies":"Shell Parasite","floor":21,"turns":5},{"damage":18,"enemies":"Centurion and Healer","floor":22,"turns":9},{"damage":5,"enemies":"Slavers","floor":23,"turns":3},{"damage":16,"enemies":"Shelled Parasite and Fungi","floor":24,"turns":4},{"damage":0,"enemies":"Book of Stabbing","floor":25,"turns":4},{"damage":36,"enemies":"Snake Plant","floor":28,"turns":3},{"damage":12,"enemies":"Gremlin Leader","floor":30,"turns":4},{"damage":10,"enemies":"Chosen and Byrds","floor":31,"turns":3},{"damage":34,"enemies":"Collector","floor":33,"turns":7},{"damage":7,"enemies":"3 Darklings","floor":35,"turns":3},{"damage":0,"enemies":"Orb Walker","floor":36,"turns":4},{"damage":22,"enemies":"Sphere and 2 Shapes","floor":37,"turns":5},{"damage":33,"enemies":"4 Shapes","floor":38,"turns":3},{"damage":29,"enemies":"Jaw Worm Horde","floor":39,"turns":3},{"damage":21,"enemies":"Reptomancer","floor":40,"turns":3},{"damage":18,"enemies":"Writhing Mass","floor":41,"turns":4},{"damage":6,"enemies":"Mind Bloom Boss Battle","floor":42,"turns":5},{"damage":32,"enemies":"Nemesis","floor":45,"turns":7},{"damage":23,"enemies":"Sphere and 2 Shapes","floor":46,"turns":4},{"damage":20,"enemies":"4 Shapes","floor":47,"turns":5},{"damage":44,"enemies":"Awakened One","floor":50,"turns":8},{"damage":18,"enemies":"Shield and Spear","floor":54,"turns":2},{"damage":39,"enemies":"The Heart","floor":55,"turns":7}],"seed_played":"-933123489566124342","potions_obtained":[{"floor":1,"key":"EssenceOfSteel"},{"floor":8,"key":"Ancient Potion"},{"floor":10,"key":"Dexterity Potion"},{"floor":12,"key":"SteroidPotion"},{"floor":16,"key":"LiquidBronze"},{"floor":21,"key":"SkillPotion"},{"floor":22,"key":"SpeedPotion"},{"floor":28,"key":"SteroidPotion"},{"floor":31,"key":"Weak Potion"},{"floor":33,"key":"Ancient Potion"},{"floor":36,"key":"Weak Potion"},{"floor":38,"key":"Regen Potion"},{"floor":41,"key":"Weak Potion"},{"floor":42,"key":"Energy Potion"},{"floor":47,"key":"GamblersBrew"},{"floor":54,"key":"Swift Potion"}],"is_trial":false,"path_per_floor":["M","M","?","?","T","E","$","M","T","M","$","E","R","M","R","B",null,"M","?","?","M","M","E","M","E","T","R","M","$","E","M","R","B",null,"M","M","M","M","M","E","M","?","T","?","E","M","M","$","R","B",null,"R","$","E","B",null],"character_chosen":"IRONCLAD","items_purchased":["Molten Egg 2","Sling","Sword Boomerang+1","Offering+1","Flash of Steel+1","Kunai","Pommel Strike+1","Seeing Red+1","Shrug It Off+1"],"campfire_rested":4,"item_purchase_floors":[7,7,11,29,29,48,48,48,53],"current_hp_per_floor":[71,77,77,70,70,31,31,36,36,30,30,23,47,42,42,13,63,58,58,58,41,44,45,35,41,41,80,50,50,56,52,52,35,69,68,74,64,74,60,79,67,67,67,67,54,37,36,36,75,47,72,80,80,74,50],"gold":38,"neow_bonus":"TWO_FIFTY_GOLD","is_prod":false,"is_daily":false,"chose_seed":false,"campfire_upgraded":1,"win_rate":0,"timestamp":1551578972,"path_taken":["M","M","?","?","?","E","$","M","T","?","$","E","R","M","R","BOSS","M","?","?","?","M","E","M","E","T","R","M","$","E","M","R","BOSS","M","M","M","M","M","E","?","?","T","?","E","M","M","$","R","BOSS","R","$","E","BOSS"],"build_version":"2019-01-23","purchased_purges":1,"victory":true,"max_hp_per_floor":[80,80,80,80,80,80,80,80,80,80,80,80,80,80,80,80,80,80,80,80,80,80,80,80,80,80,80,80,80,80,80,80,80,80,80,80,80,80,80,80,80,80,80,80,80,80,80,80,80,80,80,80,80,80,80],"card_choices":[{"not_picked":["Havoc","Iron Wave"],"picked":"Twin Strike","floor":1},{"not_picked":["Havoc","Thunderclap"],"picked":"Warcry","floor":2},{"not_picked":["Evolve","Wild Strike"],"picked":"Cleave","floor":6},{"not_picked":["Shockwave","Bloodletting"],"picked":"Dropkick+1","floor":8},{"not_picked":["Ghostly Armor+1","Metallicize"],"picked":"Armaments+1","floor":10},{"not_picked":["Dual Wield+1","Juggernaut"],"picked":"Corruption","floor":12},{"not_picked":["Combust","Body Slam+1"],"picked":"Headbutt+1","floor":14},{"not_picked":["Juggernaut","Barricade"],"picked":"Reaper+1","floor":16},{"not_picked":["Evolve","Blood for Blood+1"],"picked":"Warcry+1","floor":17},{"not_picked":["Sword Boomerang+1","Evolve"],"picked":"Thunderclap+1","floor":17},{"not_picked":["Cleave+1","Sever Soul+1"],"picked":"Havoc+1","floor":17},{"not_picked":["Searing Blow+1","Rage+1"],"picked":"Exhume+1","floor":17},{"not_picked":["Anger+1","Cleave+1"],"picked":"Clothesline+1","floor":17},{"not_picked":["Cleave+1","Clash+1"],"picked":"Shrug It Off+1","floor":18},{"not_picked":["Rupture","Pummel+1","Reckless Charge+1"],"picked":"SKIP","floor":21},{"not_picked":["Twin Strike+1","Hemokinesis+1","Searing Blow+1"],"picked":"SKIP","floor":22},{"not_picked":["Headbutt+1","Clash+1"],"picked":"Flame Barrier+1","floor":23},{"not_picked":["Sword Boomerang+1","Armaments+1"],"picked":"Warcry+1","floor":24},{"not_picked":["Rupture","Headbutt+1"],"picked":"Shockwave+1","floor":25},{"not_picked":["Battle Trance+1","Cleave+1"],"picked":"Twin Strike+1","floor":28},{"not_picked":["Searing Blow+1","Entrench+1","Perfected Strike+1"],"picked":"SKIP","floor":30},{"not_picked":["Flex+1","Wild Strike+1","Barricade","Power Through+1"],"picked":"SKIP","floor":31},{"not_picked":["Feed+1","Impervious+1","Dark Embrace"],"picked":"Exhume+1","floor":33},{"not_picked":["Second Wind+1","Thunderclap+1","Sever Soul+1"],"picked":"Heavy Blade+1","floor":35},{"not_picked":["Havoc+1","Hemokinesis+1","Rage+1"],"picked":"Metallicize+1","floor":36},{"not_picked":["Havoc+1","Searing Blow+1","Pummel+1"],"picked":"Pommel Strike+1","floor":37},{"not_picked":["Perfected Strike+1","Thunderclap+1","Rupture+1"],"picked":"Shrug It Off+1","floor":38},{"not_picked":["Fiend Fire+1","Perfected Strike+1","Corruption","Wild Strike+1"],"picked":"SKIP","floor":39},{"not_picked":["Combust","Perfected Strike+1","Corruption","Impervious+1"],"picked":"SKIP","floor":40},{"not_picked":["Reckless Charge+1","Clothesline+1","Wild Strike+1"],"picked":"Shrug It Off+1","floor":41},{"not_picked":["Dual Wield+1","Body Slam+1","Pummel+1"],"picked":"Feel No Pain","floor":42},{"not_picked":["Combust","Fire Breathing","True Grit+1"],"picked":"Warcry+1","floor":45},{"not_picked":["Perfected Strike+1","Clothesline+1","Twin Strike+1"],"picked":"Body Slam+1","floor":46},{"not_picked":["Heavy Blade+1","Dual Wield+1","Anger+1"],"picked":"Warcry+1","floor":47},{"not_picked":["Anger+1","Power Through+1","Perfected Strike+1"],"picked":"Headbutt+1","floor":54}],"player_experience":429322,"relics_obtained":[{"floor":6,"key":"Letter Opener"},{"floor":9,"key":"Toxic Egg 2"},{"floor":12,"key":"Ancient Tea Set"},{"floor":23,"key":"Sundial"},{"floor":25,"key":"Regal Pillow"},{"floor":26,"key":"Shuriken"},{"floor":30,"key":"Question Card"},{"floor":40,"key":"Oddly Smooth Stone"},{"floor":42,"key":"Calipers"},{"floor":43,"key":"Bronze Scales"},{"floor":45,"key":"Red Skull"},{"floor":54,"key":"Bottled Flame"}],"event_choices":[{"cards_removed":["Writhe"],"damage_healed":0,"gold_gain":0,"player_choice":"Forget","damage_taken":0,"max_hp_gain":0,"max_hp_loss":0,"event_name":"Living Wall","floor":3,"gold_loss":0},{"cards_removed":["Strike_R"],"damage_healed":0,"gold_gain":0,"player_choice":"Card Removal","damage_taken":7,"max_hp_gain":0,"max_hp_loss":0,"event_name":"Golden Wing","floor":4,"gold_loss":0},{"damage_healed":0,"gold_gain":0,"player_choice":"Simplicity","damage_taken":0,"max_hp_gain":0,"max_hp_loss":0,"event_name":"Back to Basics","floor":19,"gold_loss":0,"cards_upgraded":["Strike_R","Strike_R","Strike_R","Strike_R","Defend_R","Defend_R","Defend_R","Defend_R"]},{"cards_removed":["Strike_R"],"damage_healed":0,"gold_gain":0,"player_choice":"Card Removal","damage_taken":0,"max_hp_gain":0,"max_hp_loss":0,"event_name":"Wheel of Change","floor":20,"gold_loss":0},{"damage_healed":0,"gold_gain":0,"player_choice":"Fight","damage_taken":0,"max_hp_gain":0,"max_hp_loss":0,"event_name":"MindBloom","floor":42,"gold_loss":0},{"damage_healed":0,"gold_gain":0,"player_choice":"Ignored","damage_taken":0,"max_hp_gain":0,"max_hp_loss":0,"event_name":"SecretPortal","floor":44,"gold_loss":0}],"is_beta":false,"boss_relics":[{"not_picked":["Lizard Tail","Velvet Choker"],"picked":"Orrery"},{"not_picked":["Empty Cage","Pandora\u0027s Box"],"picked":"Fusion Hammer"}],"items_purged_floors":[53],"is_endless":false,"potions_floor_spawned":[1,8,10,12,16,21,22,28,31,33,36,38,41,42,47,54],"ascension_level":8}