{"gold_per_floor":[12,187,187,187,218,230,253,297,359,446,99,115,129,158,158,258,258,275,51,65,81,81,112,112,30,55,55,55,81,81,99,99,202,202,222,322,336,336,355,384,384,384,407,433,9,9,9,9,9,9,9,9,9,34,34],"floor_reached":56,"playtime":6706,"items_purged":["Doubt"],"score":1629,"play_id":"0d25728a-e450-44c1-a7ce-3aad2a557d01","local_time":"20190302085047","is_ascension_mode":true,"campfire_choices":[{"data":"Footwork","floor":6,"key":"SMITH"},{"data":"Footwork","floor":15,"key":"SMITH"},{"data":"Footwork","floor":24,"key":"SMITH"},{"data":"Wraith Form v2","floor":27,"key":"SMITH"},{"data":"Noxious Fumes","floor":30,"key":"SMITH"},{"data":"Catalyst","floor":32,"key":"SMITH"},{"data":"PiercingWail","floor":41,"key":"SMITH"},{"data":"Footwork","floor":46,"key":"SMITH"},{"floor":49,"key":"RECALL"},{"data":"Neutralize","floor":52,"key":"SMITH"}],"neow_cost":"NO_GOLD","seed_source_timestamp":277731829679829,"circlet_count":0,"master_deck":["Survivor","Neutralize+1","PiercingWail","Footwork+1","Endless Agony+1","Footwork+1","Noxious Fumes+1","Dark Shackles","Leg Sweep","Catalyst+1","Cloak And Dagger","Malaise","Wraith Form v2+1","Concentrate","Poisoned Stab","Sucker Punch+1","Cloak And Dagger","Deflect","Acrobatics","PiercingWail+1","PiercingWail+1","Footwork+1","Expertise","Blur","Blur","Deflect+1","Dodge and Roll+1","Corpse Explosion","Skewer+1","Tactician+1","Dramatic Entrance+1","PiercingWail+1","Backflip","Dodge and Roll+1","Blur","Secret Technique","Finesse","Flash of Steel","Deflect","Blur","Footwork+1","Madness","Madness","Caltrops+1"],"relics":["Ring of the Snake","Gambling Chip","MawBank","Blue Candle","Art of War","Snake Skull","Mango","Pandora\u0027s Box","Oddly Smooth Stone","Whetstone","Blood Vial","Juzu Bracelet","Astrolabe","Unceasing Top","Happy Flower","Bag of Preparation","Pear","Anchor"],"potions_floor_usage":[8,8,14,23,31,55,55,55],"damage_taken":[{"damage":0,"enemies":"2 Louse","floor":1,"turns":4},{"damage":0,"enemies":"Small Slimes","floor":5,"turns":6},{"damage":2,"enemies":"Jaw Worm","floor":7,"turns":11},{"damage":20,"enemies":"Lagavulin","floor":8,"turns":7},{"damage":0,"enemies":"Large Slime","floor":12,"turns":7},{"damage":0,"enemies":"Exordium Wildlife","floor":13,"turns":5},{"damage":11,"enemies":"Gremlin Nob","floor":14,"turns":5},{"damage":29,"enemies":"Slime Boss","floor":16,"turns":14},{"damage":0,"enemies":"Chosen","floor":18,"turns":6},{"damage":5,"enemies":"Spheric Guardian","floor":20,"turns":7},{"damage":0,"enemies":"Snake Plant","floor":21,"turns":7},{"damage":2,"enemies":"Gremlin Leader","floor":23,"turns":10},{"damage":0,"enemies":"Book of Stabbing","floor":29,"turns":9},{"damage":46,"enemies":"Cultist and Chosen","floor":31,"turns":6},{"damage":0,"enemies":"Champ","floor":33,"turns":20},{"damage":15,"enemies":"Orb Walker","floor":35,"turns":7},{"damage":17,"enemies":"Mind Bloom Boss Battle","floor":36,"turns":10},{"damage":0,"enemies":"3 Shapes","floor":37,"turns":1},{"damage":0,"enemies":"Maw","floor":39,"turns":9},{"damage":10,"enemies":"Nemesis","floor":40,"turns":13},{"damage":1,"enemies":"Giant Head","floor":44,"turns":12},{"damage":17,"enemies":"Donu and Deca","floor":50,"turns":10},{"damage":9,"enemies":"Shield and Spear","floor":54,"turns":8},{"damage":27,"enemies":"The Heart","floor":55,"turns":14}],"seed_played":"-7431028428061502154","potions_obtained":[{"floor":5,"key":"Poison Potion"},{"floor":7,"key":"Fire Potion"},{"floor":8,"key":"Poison Potion"},{"floor":16,"key":"SpeedPotion"},{"floor":23,"key":"EssenceOfSteel"},{"floor":29,"key":"Strength Potion"},{"floor":36,"key":"Energy Potion"},{"floor":40,"key":"Block Potion"},{"floor":44,"key":"SteroidPotion"}],"is_trial":false,"path_per_floor":["M","?","?","?","M","R","M","E","T","?","$","M","M","E","R","B",null,"M","$","M","M","?","E","R","$","T","R","?","E","R","M","R","B",null,"M","?","M","?","M","E","R","?","T","E","$","R","$","?","R","B",null,"R","$","E","B",null],"character_chosen":"THE_SILENT","items_purchased":["Snake Skull","Noxious Fumes","Dark Shackles","Oddly Smooth Stone","Footwork","Purity","Pear","Blur","Footwork","LiquidBronze"],"campfire_rested":0,"item_purchase_floors":[11,11,11,19,19,25,45,45,45,45],"current_hp_per_floor":[70,70,70,67,67,67,65,45,45,34,34,34,34,37,37,8,84,84,84,79,79,63,61,61,61,61,61,61,63,63,19,19,21,89,74,59,61,61,63,55,55,45,45,46,56,56,56,44,44,29,99,99,99,90,65],"gold":34,"neow_bonus":"ONE_RARE_RELIC","is_prod":false,"is_daily":false,"chose_seed":false,"campfire_upgraded":9,"win_rate":0,"timestamp":1551545447,"path_taken":["M","?","?","?","M","R","M","E","T","?","$","?","M","E","R","BOSS","M","$","M","M","?","E","R","$","T","R","?","E","R","M","R","BOSS","M","?","M","?","M","E","R","?","T","E","$","R","?","?","R","BOSS","R","$","E","BOSS"],"build_version":"2019-01-23","purchased_purges":1,"victory":true,"max_hp_per_floor":[70,70,70,70,70,70,70,70,70,70,70,70,70,84,84,84,84,84,84,84,84,89,89,89,89,89,89,89,89,89,89,89,89,89,89,89,89,89,89,89,89,89,89,89,99,99,99,99,99,99,99,99,99,99,99],"card_choices":[{"not_picked":["Flying Knee","Dodge and Roll"],"picked":"PiercingWail","floor":1},{"not_picked":["Flying Knee","Dagger Spray"],"picked":"Footwork","floor":5},{"not_picked":["Poisoned Stab","Blade Dance"],"picked":"Endless Agony","floor":7},{"not_picked":["Expertise","Backflip"],"picked":"Footwork","floor":8},{"not_picked":["Riddle With Holes","Dagger Throw"],"picked":"Leg Sweep","floor":12},{"not_picked":["Dagger Throw","Sucker Punch"],"picked":"Catalyst","floor":13},{"not_picked":["Bane","Setup"],"picked":"Cloak And Dagger","floor":14},{"not_picked":["Tools of the Trade","Burst"],"picked":"Malaise","floor":16},{"not_picked":["Bane","Skewer"],"picked":"PiercingWail+1","floor":18},{"not_picked":["Dagger Spray","Poisoned Stab","Bane"],"picked":"SKIP","floor":20},{"not_picked":["Flying Knee","Bane"],"picked":"Expertise","floor":21},{"not_picked":["Footwork","Bullet Time"],"picked":"Blur","floor":23},{"not_picked":["Backstab+1","Endless Agony"],"picked":"Deflect+1","floor":29},{"not_picked":["Setup","Calculated Gamble"],"picked":"Dodge and Roll+1","floor":31},{"not_picked":["Phantasmal Killer","Grand Finale"],"picked":"Corpse Explosion","floor":33},{"not_picked":["Underhanded Strike+1","Reflex+1"],"picked":"PiercingWail+1","floor":35},{"not_picked":["Sucker Punch+1","Bouncing Flask+1"],"picked":"Backflip","floor":36},{"not_picked":["Bane+1","Dagger Throw","Blade Dance+1"],"picked":"SKIP","floor":37},{"not_picked":["Flechettes","Heel Hook+1"],"picked":"Dodge and Roll+1","floor":39},{"not_picked":["Riddle With Holes","Expertise"],"picked":"Blur","floor":40},{"not_picked":["Magnetism","Jack Of All Trades"],"picked":"Secret Technique","floor":42},{"not_picked":["Mind Blast","Magnetism"],"picked":"Finesse","floor":42},{"not_picked":["The Bomb","Blind"],"picked":"Flash of Steel","floor":42},{"not_picked":["Acrobatics+1","Backflip"],"picked":"Deflect","floor":44},{"not_picked":["Bullet Time","Outmaneuver"],"picked":"Caltrops+1","floor":54}],"player_experience":465599,"relics_obtained":[{"floor":8,"key":"Blue Candle"},{"floor":9,"key":"Art of War"},{"floor":14,"key":"Mango"},{"floor":23,"key":"Whetstone"},{"floor":26,"key":"Blood Vial"},{"floor":29,"key":"Juzu Bracelet"},{"floor":36,"key":"Unceasing Top"},{"floor":40,"key":"Happy Flower"},{"floor":44,"key":"Bag of Preparation"},{"floor":54,"key":"Anchor"}],"event_choices":[{"damage_healed":0,"gold_gain":175,"player_choice":"AGREE","damage_taken":0,"max_hp_gain":0,"max_hp_loss":0,"event_name":"Liars Game","floor":2,"gold_loss":0,"cards_obtained":["Doubt"]},{"damage_healed":0,"gold_gain":0,"player_choice":"Ignored","damage_taken":0,"max_hp_gain":0,"max_hp_loss":0,"event_name":"Shining Light","floor":3,"gold_loss":0},{"damage_healed":0,"gold_gain":0,"player_choice":"Success","damage_taken":3,"relics_obtained":["MawBank"],"max_hp_gain":0,"max_hp_loss":0,"event_name":"Scrap Ooze","floor":4,"gold_loss":0},{"damage_healed":0,"gold_gain":75,"player_choice":"Gather Gold","damage_taken":11,"max_hp_gain":0,"max_hp_loss":0,"event_name":"World of Goop","floor":10,"gold_loss":0},{"damage_healed":0,"gold_gain":0,"player_choice":"Shed Blood","damage_taken":21,"max_hp_gain":5,"max_hp_loss":0,"event_name":"Forgotten Altar","floor":22,"gold_loss":0},{"damage_healed":0,"gold_gain":0,"player_choice":"Read","damage_taken":0,"max_hp_gain":0,"max_hp_loss":0,"event_name":"The Library","floor":28,"gold_loss":0,"cards_obtained":["Blur"]},{"damage_healed":0,"gold_gain":0,"player_choice":"Fight","damage_taken":0,"max_hp_gain":0,"max_hp_loss":0,"event_name":"MindBloom","floor":36,"gold_loss":0},{"damage_healed":0,"gold_gain":0,"player_choice":"Ignored","damage_taken":0,"max_hp_gain":0,"max_hp_loss":0,"event_name":"Tomb of Lord Red Mask","floor":38,"gold_loss":0},{"damage_healed":0,"gold_gain":0,"player_choice":"Memory 3","damage_taken":10,"max_hp_gain":0,"max_hp_loss":0,"event_name":"SensoryStone","floor":42,"gold_loss":0},{"damage_healed":0,"gold_gain":0,"player_choice":"Embrace Madness","damage_taken":12,"max_hp_gain":0,"max_hp_loss":0,"event_name":"Winding Halls","floor":48,"gold_loss":0,"cards_obtained":["Madness","Madness"]}],"is_beta":false,"boss_relics":[{"not_picked":["Fusion Hammer","WristBlade"],"picked":"Pandora\u0027s Box"},{"not_picked":["Runic Dome","Lizard Tail"],"picked":"Astrolabe"}],"items_purged_floors":[11],"is_endless":false,"potions_floor_spawned":[5,7,8,16,23,29,36,40,44],"ascension_level":4}