{"gold_per_floor":[114,114,189,204,204,234,234,264,264,294,15,75,75,90,90,190,190,205,205],"floor_reached":19,"playtime":629,"items_purged":[],"score":268,"play_id":"f8fcdad3-d75e-4cb0-9160-cd6fd593555c","local_time":"20181219234800","daily_mods":["Heirloom","Blue Cards","Elite Swarm"],"is_ascension_mode":false,"campfire_choices":[{"data":"Offering","floor":7.0,"key":"SMITH"},{"floor":13.0,"key":"REST"},{"data":"Offering","floor":15.0,"key":"SMITH"}],"neow_cost":"","seed_source_timestamp":0,"circlet_count":0,"master_deck":["Strike_R+1","Strike_R","Strike_R","Strike_R","Defend_R+1","Defend_R+1","Defend_R","Defend_R","Bash","Glacier","Go for the Eyes","Offering+1","Reboot","Offering+1","Cold Snap","Seeing Red+1","Hyperbeam","Auto Shields","Exhume","Normality","Parasite","Parasite"],"special_seed":17867,"relics":["Burning Blood","Calipers","Anchor","Red Skull","PreservedInsect","Orichalcum","War Paint","Tiny Chest","Calling Bell","Vajra","Paper Frog","Incense Burner"],"potions_floor_usage":[],"damage_taken":[{"damage":15.0,"enemies":"Jaw Worm","floor":1.0,"turns":5.0},{"damage":2.0,"enemies":"Small Slimes","floor":4.0,"turns":4.0},{"damage":24.0,"enemies":"Gremlin Nob","floor":6.0,"turns":4.0},{"damage":6.0,"enemies":"Lagavulin","floor":8.0,"turns":8.0},{"damage":6.0,"enemies":"Gremlin Nob","floor":10.0,"turns":2.0},{"damage":12.0,"enemies":"Lagavulin","floor":12.0,"turns":3.0},{"damage":6.0,"enemies":"Cultist","floor":14.0,"turns":1.0},{"damage":16.0,"enemies":"Hexaghost","floor":16.0,"turns":8.0},{"damage":16.0,"enemies":"2 Thieves","floor":18.0,"turns":3.0},{"damage":12,"enemies":"Shell Parasite","floor":19,"turns":1}],"seed_played":"-7513026677109115873","potions_obtained":[{"floor":1.0,"key":"FearPotion"},{"floor":4.0,"key":"Strength Potion"},{"floor":12.0,"key":"Block Potion"}],"is_trial":false,"path_per_floor":["M","?","?","M","?","E","R","E","T","E","$","E","R","M","R","B",null,"M","M"],"character_chosen":"IRONCLAD","items_purchased":["Cold Snap","Seeing Red","War Paint"],"campfire_rested":1,"item_purchase_floors":[11,11,11],"current_hp_per_floor":[71,55,44,48,41,23,23,23,23,23,23,17,41,41,41,31,80,70,58],"gold":205,"neow_bonus":"","is_prod":false,"is_daily":true,"chose_seed":false,"campfire_upgraded":2,"win_rate":0,"timestamp":1545216480,"path_taken":["M","?","?","M","?","E","R","E","T","E","?","E","R","M","R","BOSS","M","M"],"build_version":"2018-12-13","purchased_purges":0,"victory":false,"max_hp_per_floor":[80,80,80,80,80,80,80,80,80,80,80,80,80,80,80,80,80,80,80],"card_choices":[{"not_picked":["Double Energy","Spot Weakness"],"picked":"Glacier","floor":1.0},{"not_picked":["Clash","Barrage"],"picked":"Go for the Eyes","floor":4.0},{"not_picked":["Fission","Berserk"],"picked":"Offering","floor":6.0},{"not_picked":["Core Surge","Thunder Strike"],"picked":"Reboot","floor":8.0},{"not_picked":["Machine Learning","Exhume"],"picked":"Offering","floor":10.0},{"not_picked":["Reaper","Amplify"],"picked":"Hyperbeam","floor":12.0},{"not_picked":["Fusion","Darkness"],"picked":"Auto Shields","floor":14.0},{"not_picked":["Seek","Fission"],"picked":"Exhume","floor":16.0},{"not_picked":["Evolve","Clash","Cleave"],"picked":"SKIP","floor":18.0}],"player_experience":401178,"relics_obtained":[{"floor":6.0,"key":"Anchor"},{"floor":8.0,"key":"Red Skull"},{"floor":9.0,"key":"PreservedInsect"},{"floor":10.0,"key":"Orichalcum"},{"floor":12.0,"key":"Tiny Chest"},{"floor":17.0,"key":"Vajra"},{"floor":17.0,"key":"Paper Frog"},{"floor":17.0,"key":"Incense Burner"}],"event_choices":[{"damage_healed":0.0,"max_hp_gain":0.0,"max_hp_loss":0.0,"gold_gain":0.0,"event_name":"Shining Light","player_choice":"Entered Light","floor":2.0,"gold_loss":0.0,"damage_taken":16.0,"cards_upgraded":["Defend_R","Strike_R"]},{"damage_healed":0.0,"max_hp_gain":0.0,"max_hp_loss":0.0,"gold_gain":75.0,"event_name":"World of Goop","player_choice":"Gather Gold","floor":3.0,"gold_loss":0.0,"damage_taken":11.0},{"cards_removed":["Strike_R"],"damage_healed":0.0,"max_hp_gain":0.0,"max_hp_loss":0.0,"gold_gain":0.0,"event_name":"Golden Wing","player_choice":"Card Removal","floor":5.0,"gold_loss":0.0,"damage_taken":7.0}],"is_beta":false,"boss_relics":[{"not_picked":["Tiny House","Empty Cage"],"picked":"Calling Bell"}],"items_purged_floors":[],"is_endless":false,"potions_floor_spawned":[1,4,12],"killed_by":"Shell Parasite","ascension_level":0}