{"gold_per_floor":[112,132,82,46,57,57,70,70,70,23,56,66,80,107,107,107],"floor_reached":16,"playtime":753,"items_purged":[],"score":190,"play_id":"42886b68-a171-4c56-b7a1-a3a4cca56ed6","local_time":"20190216132135","is_ascension_mode":true,"campfire_choices":[{"data":"Beam Cell","floor":6,"key":"SMITH"},{"data":"Zap","floor":8,"key":"SMITH"},{"floor":15,"key":"REST"}],"neow_cost":"PERCENT_DAMAGE","seed_source_timestamp":8884772489838,"circlet_count":0,"master_deck":["AscendersBane","Strike_B","Strike_B","Strike_B","Defend_B","Defend_B","Defend_B","Defend_B","Zap+1","Dualcast","Beam Cell+1","Conserve Battery","Glacier","Rebound","Barrage","Go for the Eyes","Glacier","Static Discharge+1"],"relics":["Cracked Core","Du-Vu Doll","Bottled Flame","Frozen Egg 2","Molten Egg 2"],"potions_floor_usage":[11,14,16],"damage_taken":[{"damage":3,"enemies":"2 Louse","floor":1,"turns":3},{"damage":7,"enemies":"Jaw Worm","floor":2,"turns":2},{"damage":0,"enemies":"Small Slimes","floor":5,"turns":4},{"damage":0,"enemies":"Exordium Wildlife","floor":7,"turns":3},{"damage":19,"enemies":"Gremlin Nob","floor":11,"turns":4},{"damage":10,"enemies":"Blue Slaver","floor":12,"turns":3},{"damage":0,"enemies":"2 Fungi Beasts","floor":13,"turns":2},{"damage":1,"enemies":"Lagavulin","floor":14,"turns":6},{"damage":32,"enemies":"Slime Boss","floor":16,"turns":6}],"seed_played":"-5995140323516961759","potions_obtained":[{"floor":1,"key":"SpeedPotion"},{"floor":5,"key":"FearPotion"},{"floor":12,"key":"LiquidBronze"}],"is_trial":false,"path_per_floor":["M","M","?","$","M","R","M","R","T","?","E","M","M","E","R","B"],"character_chosen":"DEFECT","items_purchased":["Glacier"],"campfire_rested":1,"item_purchase_floors":[4],"current_hp_per_floor":[43,36,36,36,36,36,36,36,36,36,17,7,7,6,27,0],"gold":107,"neow_bonus":"ONE_RARE_RELIC","is_prod":false,"is_daily":false,"chose_seed":false,"campfire_upgraded":2,"win_rate":0,"timestamp":1550276495,"path_taken":["M","M","?","$","M","R","M","R","T","?","E","M","M","E","R","BOSS"],"build_version":"2019-01-23","purchased_purges":0,"victory":false,"max_hp_per_floor":[71,71,71,71,71,71,71,71,71,71,71,71,71,71,71,71],"card_choices":[{"not_picked":["Storm","Recycle"],"picked":"Beam Cell","floor":1},{"not_picked":["Hello World","Static Discharge"],"picked":"Conserve Battery","floor":2},{"not_picked":["Redo","Chaos"],"picked":"Rebound","floor":5},{"not_picked":["Stack","Loop"],"picked":"Barrage","floor":7},{"not_picked":["Gash","Storm","Steam Power"],"picked":"SKIP","floor":11},{"not_picked":["Hologram","Turbo"],"picked":"Go for the Eyes","floor":12},{"not_picked":["Barrage","Go for the Eyes"],"picked":"Glacier","floor":13},{"not_picked":["Genetic Algorithm","Barrage"],"picked":"Static Discharge+1","floor":14}],"player_experience":257974,"relics_obtained":[{"floor":9,"key":"Bottled Flame"},{"floor":11,"key":"Frozen Egg 2"},{"floor":14,"key":"Molten Egg 2"}],"event_choices":[{"cards_removed":["Strike_B"],"damage_healed":0,"gold_gain":0,"player_choice":"Card Removal","damage_taken":0,"max_hp_gain":0,"max_hp_loss":0,"event_name":"The Cleric","floor":3,"gold_loss":50},{"damage_healed":0,"gold_gain":0,"player_choice":"Left Gold","damage_taken":0,"max_hp_gain":0,"max_hp_loss":0,"event_name":"World of Goop","floor":10,"gold_loss":47}],"is_beta":false,"boss_relics":[],"items_purged_floors":[],"is_endless":false,"potions_floor_spawned":[1,5,12],"killed_by":"Slime Boss","ascension_level":14}