{"gold_per_floor":[109,59,72,72,72,72,105,72,72,101,101],"floor_reached":11,"playtime":990,"items_purged":[],"score":69,"play_id":"0bedd0cc-a268-409e-b9a6-fc71d53eab64","local_time":"20180703010728","is_ascension_mode":false,"campfire_choices":[{"data":"Dualcast","floor":6,"key":"SMITH"}],"neow_cost":"","seed_source_timestamp":0,"circlet_count":0,"master_deck":["Strike_B","Strike_B","Defend_B","Defend_B","Defend_B","Defend_B","Zap","Dualcast+1","Go for the Eyes","Go for the Eyes","Regret","Go for the Eyes","Glacier","Doom and Gloom"],"special_seed":0,"relics":["Cracked Core","Bird Faced Urn","Potion Belt","Girya","Odd Mushroom"],"potions_floor_usage":[10],"damage_taken":[{"damage":2.0,"enemies":"Small Slimes","floor":1.0,"turns":4.0},{"damage":4,"enemies":"2 Louse","floor":3,"turns":3},{"damage":52,"enemies":"3 Sentries","floor":7,"turns":12},{"damage":4,"floor":10,"turns":7},{"damage":6,"enemies":"Gremlin Nob","floor":11,"turns":3}],"seed_played":"6128890677508664956","potions_obtained":[{"floor":3,"key":"EssenceOfSteel"}],"is_trial":false,"path_per_floor":["M","?","M","?","?","R","E","$","T","?"],"character_chosen":"DEFECT","items_purchased":["Glacier"],"campfire_rested":0,"item_purchase_floors":[8],"current_hp_per_floor":[73,73,69,69,62,62,10,10,10,6,0],"gold":101,"neow_bonus":"","is_prod":false,"is_daily":false,"chose_seed":false,"campfire_upgraded":1,"win_rate":0.0,"timestamp":1530594448,"path_taken":["M","?","?","?","?","R","E","?","T","?","E"],"build_version":"2018-06-28","purchased_purges":0,"victory":false,"max_hp_per_floor":[75,75,75,75,75,75,75,75,75,75,75],"card_choices":[{"not_picked":["Steam","Coolheaded"],"picked":"Go for the Eyes","floor":1},{"not_picked":["Sweeping Beam","Defragment"],"picked":"Go for the Eyes","floor":3},{"not_picked":["Machine Learning","Fission"],"picked":"Go for the Eyes","floor":7},{"not_picked":["Hologram","Barrage"],"picked":"Doom and Gloom","floor":10}],"player_experience":83185,"relics_obtained":[{"floor":7,"key":"Potion Belt"},{"floor":9,"key":"Girya"},{"floor":10,"key":"Odd Mushroom"}],"event_choices":[{"event_name":"The Cleric","player_choice":"Card Removal","floor":2,"damage_taken":0},{"event_name":"Big Fish","player_choice":"Box","floor":4,"damage_taken":0},{"event_name":"Golden Wing","player_choice":"Card Removal","floor":5,"damage_taken":0},{"event_name":"Mushrooms","player_choice":"Fought Mushrooms","floor":10,"damage_taken":0}],"boss_relics":[],"items_purged_floors":[],"is_endless":false,"potions_floor_spawned":[3],"killed_by":"Gremlin Nob","ascension_level":0}