{"gold_per_floor":[118,130,146,162,162,162,17,44,67,86,86,51,51,69,69,170,170,186,196,121,121,132,162,172,172,172,186,204,204,204,214,214,214],"floor_reached":33,"playtime":3723,"items_purged":[],"score":271,"play_id":"9e3172f7-2d52-49d2-98c6-20a402cfa3ba","local_time":"20190225001801","is_ascension_mode":false,"campfire_choices":[{"data":"Combust","floor":6,"key":"SMITH"},{"data":"Searing Blow","floor":11,"key":"SMITH"},{"data":"Entrench","floor":15,"key":"SMITH"},{"floor":25,"key":"REST"},{"floor":30,"key":"REST"},{"floor":32,"key":"REST"}],"neow_cost":"TEN_PERCENT_HP_LOSS","seed_source_timestamp":1072220087475406,"circlet_count":0,"master_deck":["Strike_R","Strike_R+1","Strike_R","Strike_R","Defend_R","Defend_R","Defend_R","Defend_R","Bash","Carnage","Twin Strike+1","Combust+1","Rage+1","Searing Blow+2","Inflame","Entrench+1","Juggernaut","Headbutt","Power Through+1","Armaments","Barricade","Armaments+1","Infernal Blade","Rupture","Spot Weakness+1"],"relics":["Burning Blood","Incense Burner","PreservedInsect","Whetstone","Smiling Mask","Runic Pyramid","Potion Belt","Girya","FaceOfCleric"],"potions_floor_usage":[16,23,24,28,33],"damage_taken":[{"damage":4,"enemies":"2 Louse","floor":1,"turns":4},{"damage":1,"enemies":"Cultist","floor":2,"turns":3},{"damage":0,"enemies":"Small Slimes","floor":3,"turns":2},{"damage":15,"enemies":"Looter","floor":4,"turns":3},{"damage":21,"enemies":"Lagavulin","floor":8,"turns":5},{"damage":2,"enemies":"2 Fungi Beasts","floor":10,"turns":3},{"damage":12,"enemies":"Gremlin Gang","floor":14,"turns":4},{"damage":60,"enemies":"The Guardian","floor":16,"turns":11},{"damage":3,"enemies":"Chosen","floor":18,"turns":4},{"damage":5,"enemies":"Spheric Guardian","floor":19,"turns":4},{"damage":30,"enemies":"Centurion and Healer","floor":22,"turns":7},{"damage":25,"enemies":"Book of Stabbing","floor":23,"turns":5},{"damage":1,"enemies":"Snake Plant","floor":24,"turns":5},{"damage":30,"enemies":"Sentry and Sphere","floor":27,"turns":10},{"damage":11,"enemies":"Chosen and Byrds","floor":28,"turns":7},{"damage":24,"enemies":"3 Cultists","floor":31,"turns":5},{"damage":60,"enemies":"Champ","floor":33,"turns":10}],"seed_played":"-8699757688393751744","potions_obtained":[{"floor":2,"key":"Swift Potion"},{"floor":4,"key":"SpeedPotion"},{"floor":16,"key":"Explosive Potion"},{"floor":18,"key":"Fire Potion"},{"floor":24,"key":"AttackPotion"}],"is_trial":false,"path_per_floor":["?","$","M","?","?","?","?","M","?","M"],"character_chosen":"IRONCLAD","items_purchased":["PreservedInsect"],"campfire_rested":3,"item_purchase_floors":[7],"current_hp_per_floor":[72,72,72,63,63,63,63,48,48,52,52,70,70,64,64,10,72,72,72,72,72,48,29,34,55,55,31,26,26,47,30,51,0],"gold":214,"neow_bonus":"ONE_RARE_RELIC","is_prod":false,"is_daily":false,"chose_seed":false,"campfire_upgraded":3,"win_rate":0.0,"timestamp":1551028681,"path_taken":["M","M","M","M","?","R","?","E","T","?","R","?","?","M","R","BOSS","M","M","?","?","M","E","?","R","T","M","M","?","R","?","R","BOSS"],"build_version":"2019-01-23","purchased_purges":0,"victory":false,"max_hp_per_floor":[72,72,72,72,72,72,72,72,72,72,72,72,72,72,72,72,72,72,72,72,72,72,72,72,72,72,72,72,72,72,73,73,73],"card_choices":[{"not_picked":["Pommel Strike","True Grit"],"picked":"Carnage","floor":1},{"not_picked":["Seeing Red","Wild Strike"],"picked":"Twin Strike","floor":2},{"not_picked":["Fire Breathing","Limit Break"],"picked":"Combust","floor":3},{"not_picked":["Thunderclap","Heavy Blade"],"picked":"Rage","floor":4},{"not_picked":["Cleave","Headbutt"],"picked":"Searing Blow","floor":8},{"not_picked":["Pommel Strike","Evolve"],"picked":"Inflame","floor":10},{"not_picked":["True Grit","Rage"],"picked":"Entrench","floor":14},{"not_picked":["Impervious","Immolate"],"picked":"Juggernaut","floor":16},{"not_picked":["True Grit","Warcry+1"],"picked":"Headbutt","floor":18},{"not_picked":["Battle Trance","True Grit"],"picked":"Power Through+1","floor":19},{"not_picked":["Disarm","Twin Strike"],"picked":"Armaments","floor":22},{"not_picked":["Combust+1","Carnage+1"],"picked":"Barricade","floor":23},{"not_picked":["True Grit+1","Heavy Blade"],"picked":"Armaments+1","floor":24},{"not_picked":["Thunderclap","Second Wind"],"picked":"Infernal Blade","floor":27},{"not_picked":["Perfected Strike","Armaments"],"picked":"Rupture","floor":28},{"not_picked":["Barricade","Twin Strike+1"],"picked":"Spot Weakness+1","floor":31}],"player_experience":199834,"relics_obtained":[{"floor":8,"key":"Whetstone"},{"floor":9,"key":"Smiling Mask"},{"floor":23,"key":"Potion Belt"},{"floor":26,"key":"Girya"}],"event_choices":[{"damage_healed":0,"gold_gain":0,"player_choice":"Upgraded","damage_taken":0,"max_hp_gain":0,"max_hp_loss":0,"event_name":"Upgrade Shrine","floor":5,"gold_loss":0,"cards_upgraded":["Rage"]},{"damage_healed":18,"gold_gain":0,"player_choice":"Healed","damage_taken":0,"max_hp_gain":0,"max_hp_loss":0,"event_name":"The Cleric","floor":12,"gold_loss":35},{"damage_healed":0,"gold_gain":0,"player_choice":"Grow","damage_taken":0,"max_hp_gain":0,"max_hp_loss":0,"event_name":"Living Wall","floor":13,"gold_loss":0,"cards_upgraded":["Searing Blow"]},{"cards_removed":["Strike_R"],"damage_healed":0,"gold_gain":0,"player_choice":"Gave Gold","damage_taken":0,"max_hp_gain":0,"max_hp_loss":0,"event_name":"Beggar","floor":20,"gold_loss":75},{"damage_healed":0,"gold_gain":0,"player_choice":"Ignored","damage_taken":0,"max_hp_gain":0,"max_hp_loss":0,"event_name":"Purifier","floor":21,"gold_loss":0},{"damage_healed":0,"gold_gain":0,"player_choice":"Trade","damage_taken":0,"relics_obtained":["FaceOfCleric"],"max_hp_gain":0,"max_hp_loss":0,"event_name":"FaceTrader","floor":29,"gold_loss":0}],"is_beta":false,"boss_relics":[{"not_picked":["Snecko Eye","Cursed Key"],"picked":"Runic Pyramid"}],"items_purged_floors":[],"is_endless":false,"potions_floor_spawned":[2,4,16,18,24],"killed_by":"Champ","ascension_level":0}