{"gold_per_floor":[117,137,157,177,177,177,209,219,243,243,274,274,298,329,329,329],"floor_reached":16,"playtime":729,"items_purged":[],"score":240,"play_id":"d25de199-65aa-462f-87b0-af56beea8f54","local_time":"20190224190251","is_ascension_mode":true,"campfire_choices":[{"data":"Bash","floor":6,"key":"SMITH"},{"data":"Clothesline","floor":12,"key":"SMITH"},{"data":"Disarm","floor":15,"key":"SMITH"}],"neow_cost":"NONE","seed_source_timestamp":7769683664535,"circlet_count":0,"master_deck":["AscendersBane","Strike_R","Strike_R","Strike_R","Strike_R","Strike_R","Defend_R","Defend_R","Defend_R","Defend_R","Bash+1","Rampage","Flame Barrier","Clothesline+1","Shockwave","Twin Strike","Disarm+1","Pommel Strike"],"relics":["Burning Blood","NeowsBlessing","FaceOfCleric","Nunchaku","Juzu Bracelet","Strawberry","Odd Mushroom","Anchor"],"potions_floor_usage":[7,7,11,16],"damage_taken":[{"damage":0,"enemies":"Cultist","floor":1,"turns":1},{"damage":0,"enemies":"Small Slimes","floor":2,"turns":1},{"damage":0,"enemies":"2 Louse","floor":3,"turns":1},{"damage":10,"enemies":"Exordium Wildlife","floor":4,"turns":4},{"damage":33,"enemies":"Gremlin Nob","floor":7,"turns":5},{"damage":5,"enemies":"3 Louse","floor":8,"turns":5},{"damage":20,"enemies":"Lagavulin","floor":11,"turns":8},{"damage":17,"enemies":"The Mushroom Lair","floor":13,"turns":7},{"damage":21,"enemies":"Gremlin Nob","floor":14,"turns":4},{"damage":38,"enemies":"Hexaghost","floor":16,"turns":11}],"seed_played":"1573357841413529115","potions_obtained":[{"floor":1,"key":"PowerPotion"},{"floor":4,"key":"Block Potion"},{"floor":7,"key":"Energy Potion"},{"floor":14,"key":"Regen Potion"}],"is_trial":false,"path_per_floor":["M","M","M","M","?","R","E","M","T","?","E","R","?","E","R","B"],"character_chosen":"IRONCLAD","items_purchased":[],"campfire_rested":0,"item_purchase_floors":[],"current_hp_per_floor":[74,75,75,71,71,71,45,47,47,52,46,46,36,22,22,0],"gold":329,"neow_bonus":"THREE_ENEMY_KILL","is_prod":false,"is_daily":false,"chose_seed":false,"campfire_upgraded":3,"win_rate":0,"timestamp":1550988171,"path_taken":["M","?","M","?","?","R","E","M","T","?","E","R","?","E","R","BOSS"],"build_version":"2019-01-23","purchased_purges":0,"victory":false,"max_hp_per_floor":[75,75,75,75,75,75,76,77,77,82,90,90,91,92,92,92],"card_choices":[{"not_picked":["Burning Pact","Heavy Blade"],"picked":"Rampage","floor":1},{"not_picked":["Blood for Blood","Body Slam"],"picked":"Flame Barrier","floor":2},{"not_picked":["Blood for Blood","Thunderclap"],"picked":"Clothesline","floor":3},{"not_picked":["Rage","Fire Breathing","Rupture"],"picked":"SKIP","floor":4},{"not_picked":["Twin Strike","Thunderclap"],"picked":"Shockwave","floor":7},{"not_picked":["Clash","Exhume"],"picked":"Twin Strike","floor":8},{"not_picked":["Body Slam","Rage","Warcry"],"picked":"SKIP","floor":11},{"not_picked":["Anger","Cleave"],"picked":"Disarm","floor":13},{"not_picked":["Entrench","Hemokinesis"],"picked":"Pommel Strike","floor":14}],"player_experience":435453,"relics_obtained":[{"floor":7,"key":"Nunchaku"},{"floor":9,"key":"Juzu Bracelet"},{"floor":11,"key":"Strawberry"},{"floor":13,"key":"Odd Mushroom"},{"floor":14,"key":"Anchor"}],"event_choices":[{"damage_healed":0,"gold_gain":0,"player_choice":"Trade","damage_taken":0,"relics_obtained":["FaceOfCleric"],"max_hp_gain":0,"max_hp_loss":0,"event_name":"FaceTrader","floor":5,"gold_loss":0},{"damage_healed":0,"gold_gain":0,"player_choice":"Donut","damage_taken":0,"max_hp_gain":5,"max_hp_loss":0,"event_name":"Big Fish","floor":10,"gold_loss":0},{"damage_healed":0,"gold_gain":0,"player_choice":"Fought Mushrooms","damage_taken":0,"max_hp_gain":0,"max_hp_loss":0,"event_name":"Mushrooms","floor":13,"gold_loss":0}],"is_beta":false,"boss_relics":[],"items_purged_floors":[],"is_endless":false,"potions_floor_spawned":[1,4,7,14],"killed_by":"Hexaghost","ascension_level":20}