{"gold_per_floor":[113,288,308,320,10,44,44,44,44,78,78],"floor_reached":11,"playtime":838,"items_purged":["Doubt"],"score":89,"play_id":"1dc16e51-6e96-4e75-8980-e6638b8dbd28","local_time":"20180930193427","is_ascension_mode":true,"campfire_choices":[{"data":"Concentrate","floor":8,"key":"SMITH"}],"neow_cost":"","seed_source_timestamp":21970585404156,"circlet_count":0,"master_deck":["Defend_G","Defend_G","Defend_G","Defend_G","Defend_G","Strike_G","Strike_G","Strike_G","Strike_G","Strike_G","Survivor","Neutralize","Riddle With Holes","Dodge and Roll","Concentrate+1","Magnetism","Underhanded Strike","Reflex","Acrobatics"],"relics":["Ring of the Snake","The Specimen","Incense Burner","Sundial"],"potions_floor_usage":[6,11],"damage_taken":[{"damage":6,"enemies":"Jaw Worm","floor":1,"turns":6},{"damage":4,"enemies":"Small Slimes","floor":3,"turns":3},{"damage":2,"enemies":"Cultist","floor":4,"turns":4},{"damage":51,"enemies":"Lagavulin","floor":6,"turns":9},{"damage":27,"enemies":"3 Sentries","floor":10,"turns":11},{"damage":24,"enemies":"Gremlin Gang","floor":11,"turns":3}],"seed_played":"7552972488052137466","potions_obtained":[{"floor":1,"key":"Weak Potion"},{"floor":10,"key":"Swift Potion"}],"is_trial":false,"path_per_floor":["M","?","M","M","$","E","?","R","T","E"],"character_chosen":"THE_SILENT","items_purchased":["Magnetism","Underhanded Strike"],"campfire_rested":0,"item_purchase_floors":[5,5],"current_hp_per_floor":[64,64,60,58,58,7,30,30,30,3,0],"gold":78,"neow_bonus":"","is_prod":false,"is_daily":false,"chose_seed":false,"campfire_upgraded":1,"win_rate":0,"timestamp":1538350467,"path_taken":["M","?","?","M","$","E","?","R","T","E","M"],"build_version":"2018-09-27","purchased_purges":1,"victory":false,"max_hp_per_floor":[70,70,70,70,70,70,70,70,70,70,70],"card_choices":[{"not_picked":["Slice","Dodge and Roll"],"picked":"Riddle With Holes","floor":1},{"not_picked":["PiercingWail","Acrobatics"],"picked":"Dodge and Roll","floor":3},{"not_picked":["Finisher","Masterful Stab"],"picked":"Concentrate","floor":4},{"not_picked":["Backflip","Dagger Throw"],"picked":"Reflex","floor":6},{"not_picked":["All Out Attack","Finisher"],"picked":"Acrobatics","floor":10}],"player_experience":703685,"relics_obtained":[{"floor":6,"key":"The Specimen"},{"floor":9,"key":"Incense Burner"},{"floor":10,"key":"Sundial"}],"event_choices":[{"event_name":"Liars Game","player_choice":"agreed","floor":2,"damage_taken":0},{"event_name":"Big Fish","player_choice":"Banana","floor":7,"damage_taken":0}],"is_beta":false,"boss_relics":[],"items_purged_floors":[5],"is_endless":false,"potions_floor_spawned":[1,10],"killed_by":"Gremlin Gang","ascension_level":2}