{"gold_per_floor":[118,118,132,132,149,149,178,155,181,181,239,269,284,297,297,399,399,416,432,412,429,37,37,65,65,65,0,0,0,12,40,40,139,139,158,158,171,171,70,97,97,56,56,66,166,214,42,62,62,62],"floor_reached":51,"playtime":3187,"items_purged":["Strike_G"],"score":1107,"play_id":"30c5475a-32fc-43ba-bdc6-779083ac7f67","local_time":"20181124052104","is_ascension_mode":true,"campfire_choices":[{"data":"Backflip","floor":6,"key":"SMITH"},{"floor":10,"key":"REST"},{"data":"Caltrops","floor":15,"key":"SMITH"},{"floor":23,"key":"REST"},{"floor":25,"key":"REST"},{"floor":28,"key":"REST"},{"floor":32,"key":"REST"},{"data":"Secret Technique","floor":49,"key":"SMITH"}],"neow_cost":"NONE","seed_source_timestamp":1904153408736,"circlet_count":0,"master_deck":["Defend_G+1","Defend_G+1","Defend_G","Strike_G","Strike_G","Strike_G","Survivor","Neutralize+1","Footwork","Backflip+1","Caltrops+1","Dagger Throw","Sucker Punch","Calculated Gamble","Night Terror","Backflip","Acrobatics","Tactician+1","Noxious Fumes","Blade Dance","Footwork+1","Cloak And Dagger","Envenom","Backflip+1","Dagger Throw","Backflip","Acrobatics+1","Finesse","Flash of Steel","Finesse","Cloak And Dagger","Injury","Dash","Cloak And Dagger","Secret Technique+1","Parasite","Footwork+1"],"relics":["Ring of the Snake","Bag of Preparation","War Paint","Ancient Tea Set","Darkstone Periapt","Sozu","FossilizedHelix","Matryoshka","Lantern","Paper Crane","Meat on the Bone","Cursed Key","The Courier","Ornamental Fan","Letter Opener","Tingsha","Pocketwatch"],"potions_floor_usage":[7,12,18,21],"damage_taken":[{"damage":1,"enemies":"Jaw Worm","floor":1,"turns":6},{"damage":0,"enemies":"Cultist","floor":3,"turns":4},{"damage":3,"enemies":"Small Slimes","floor":5,"turns":5},{"damage":27,"enemies":"Gremlin Nob","floor":7,"turns":7},{"damage":16,"enemies":"Lagavulin Event","floor":11,"turns":9},{"damage":0,"enemies":"3 Sentries","floor":12,"turns":9},{"damage":1,"enemies":"Red Slaver","floor":13,"turns":5},{"damage":0,"enemies":"Large Slime","floor":14,"turns":6},{"damage":10,"enemies":"The Guardian","floor":16,"turns":17},{"damage":8,"enemies":"Spheric Guardian","floor":18,"turns":4},{"damage":1,"enemies":"Chosen","floor":19,"turns":6},{"damage":46,"enemies":"Centurion and Healer","floor":21,"turns":12},{"damage":20,"enemies":"Slavers","floor":24,"turns":6},{"damage":0,"enemies":"Snecko","floor":30,"turns":6},{"damage":22,"enemies":"Book of Stabbing","floor":31,"turns":7},{"damage":0,"enemies":"Champ","floor":33,"turns":24},{"damage":20,"enemies":"3 Shapes","floor":35,"turns":6},{"damage":0,"enemies":"Orb Walker","floor":37,"turns":5},{"damage":18,"enemies":"Reptomancer","floor":40,"turns":10},{"damage":17,"enemies":"Sphere and 2 Shapes","floor":44,"turns":5},{"damage":0,"enemies":"Mind Bloom Boss Battle","floor":45,"turns":4},{"damage":27,"enemies":"2 Orb Walkers","floor":46,"turns":5},{"damage":0,"enemies":"Writhing Mass","floor":48,"turns":5},{"damage":4,"enemies":"Awakened One","floor":50,"turns":21}],"seed_played":"-8941693760956942755","potions_obtained":[{"floor":1,"key":"EssenceOfSteel"},{"floor":5,"key":"EssenceOfSteel"},{"floor":12,"key":"Weak Potion"},{"floor":13,"key":"Block Potion"}],"is_trial":false,"path_per_floor":["M","?","M","?","M","R","E","$","T","R","?","E","M","M","R","B",null,"M","M","?","M","$","R","E","R","T","?","R","?","M","E","R","B",null,"M","?","M","?","$","E","?","$","T","M","?","?","$","M","R","B",null],"character_chosen":"THE_SILENT","items_purchased":["Dagger Throw","Noxious Fumes","FossilizedHelix","Blade Dance","Backflip","Cloak And Dagger","Cloak And Dagger","Secret Technique"],"campfire_rested":5,"item_purchase_floors":[8,22,22,22,39,42,47,47],"current_hp_per_floor":[62,62,62,55,52,52,25,25,25,46,30,30,29,29,29,19,57,49,48,48,2,2,23,3,24,24,24,45,38,38,16,37,37,62,42,42,42,42,42,36,26,26,32,27,39,24,24,42,42,50],"gold":62,"neow_bonus":"UPGRADE_CARD","is_prod":false,"is_daily":false,"chose_seed":false,"campfire_upgraded":3,"win_rate":0,"timestamp":1542990064,"path_taken":["M","?","?","?","M","R","E","$","T","R","?","E","M","M","R","BOSS","M","M","?","?","$","R","E","R","T","?","R","?","?","E","R","BOSS","M","?","M","?","?","E","?","?","T","M","?","?","$","?","R","BOSS"],"build_version":"2018-11-15","purchased_purges":1,"victory":true,"max_hp_per_floor":[70,70,70,70,70,70,70,70,70,70,70,70,70,70,70,70,70,70,70,70,70,70,70,70,70,70,70,70,70,70,70,70,70,70,70,70,70,70,70,70,70,70,76,76,76,76,76,82,82,82],"card_choices":[{"not_picked":["Flechettes","Deflect","Underhanded Strike"],"picked":"SKIP","floor":1},{"not_picked":["Deflect","Outmaneuver"],"picked":"Footwork","floor":3},{"not_picked":["Outmaneuver","Underhanded Strike"],"picked":"Backflip","floor":5},{"not_picked":["Terror","Poisoned Stab"],"picked":"Caltrops","floor":7},{"not_picked":["Finisher","Prepared"],"picked":"Sucker Punch","floor":12},{"not_picked":["Tactician","Deadly Poison"],"picked":"Calculated Gamble","floor":13},{"not_picked":["Deadly Poison","Catalyst","Calculated Gamble"],"picked":"SKIP","floor":14},{"not_picked":["Unload","Wraith Form v2"],"picked":"Night Terror","floor":16},{"not_picked":["Bane","Crippling Poison"],"picked":"Backflip","floor":18},{"not_picked":["Tactician","Choke+1"],"picked":"Acrobatics","floor":19},{"not_picked":["PiercingWail","Sucker Punch"],"picked":"Tactician+1","floor":21},{"not_picked":["Accuracy","Masterful Stab"],"picked":"Footwork+1","floor":24},{"not_picked":["PiercingWail+1","Deadly Poison","Backstab"],"picked":"SKIP","floor":30},{"not_picked":["Glass Knife","Blade Dance"],"picked":"Cloak And Dagger","floor":31},{"not_picked":["Grand Finale","Die Die Die"],"picked":"Envenom","floor":33},{"not_picked":["Infinite Blades","Escape Plan"],"picked":"Backflip+1","floor":35},{"not_picked":["Dagger Spray","All Out Attack+1"],"picked":"Dagger Throw","floor":37},{"not_picked":["Underhanded Strike+1","Dagger Throw+1"],"picked":"Acrobatics+1","floor":40},{"not_picked":["Violence","Impatience"],"picked":"Finesse","floor":41},{"not_picked":["Master of Strategy","Forethought"],"picked":"Flash of Steel","floor":41},{"not_picked":["Madness","Thinking Ahead"],"picked":"Finesse","floor":41},{"not_picked":["Flying Knee+1","PiercingWail+1","Bane"],"picked":"SKIP","floor":44},{"not_picked":["Deflect+1","PiercingWail"],"picked":"Dash","floor":46},{"not_picked":["Catalyst+1","Riddle With Holes"],"picked":"Footwork+1","floor":48}],"player_experience":366571,"relics_obtained":[{"floor":7,"key":"Bag of Preparation"},{"floor":9,"key":"War Paint"},{"floor":11,"key":"Ancient Tea Set"},{"floor":12,"key":"Darkstone Periapt"},{"floor":24,"key":"Matryoshka"},{"floor":26,"key":"Lantern"},{"floor":26,"key":"Paper Crane"},{"floor":31,"key":"Meat on the Bone"},{"floor":40,"key":"The Courier"},{"floor":43,"key":"Ornamental Fan"},{"floor":43,"key":"Letter Opener"},{"floor":45,"key":"Tingsha"},{"floor":46,"key":"Pocketwatch"}],"event_choices":[{"cards_removed":["Strike_G"],"damage_healed":0,"gold_gain":0,"player_choice":"Offered Basic","damage_taken":0,"max_hp_gain":0,"max_hp_loss":0,"event_name":"Bonfire Elementals","floor":2,"gold_loss":0},{"cards_removed":["Defend_G"],"damage_healed":0,"gold_gain":0,"player_choice":"Card Removal","damage_taken":7,"max_hp_gain":0,"max_hp_loss":0,"event_name":"Golden Wing","floor":4,"gold_loss":0},{"damage_healed":0,"gold_gain":30,"player_choice":"Searched \u00272\u0027 times","damage_taken":0,"max_hp_gain":0,"max_hp_loss":0,"event_name":"Dead Adventurer","floor":11,"gold_loss":0},{"damage_healed":0,"gold_gain":0,"player_choice":"Bought 1 Potion","damage_taken":0,"max_hp_gain":0,"max_hp_loss":0,"event_name":"The Woman in Blue","floor":20,"gold_loss":0},{"damage_healed":0,"gold_gain":0,"player_choice":"Paid Fearfully","damage_taken":0,"max_hp_gain":0,"max_hp_loss":0,"event_name":"Masked Bandits","floor":27,"gold_loss":65},{"damage_healed":0,"gold_gain":0,"player_choice":"","damage_taken":7,"max_hp_gain":0,"max_hp_loss":0,"event_name":"Knowing Skull","floor":29,"potions_obtained":[],"gold_loss":0,"cards_obtained":[]},{"damage_healed":0,"gold_gain":0,"player_choice":"Ignored","damage_taken":0,"max_hp_gain":0,"max_hp_loss":0,"event_name":"Tomb of Lord Red Mask","floor":36,"gold_loss":0},{"cards_removed":["Defend_G"],"damage_healed":0,"gold_gain":0,"player_choice":"Removed Skill","damage_taken":0,"max_hp_gain":0,"max_hp_loss":0,"event_name":"Falling","floor":38,"gold_loss":0},{"damage_healed":0,"gold_gain":0,"player_choice":"Memory 3","damage_taken":10,"max_hp_gain":0,"max_hp_loss":0,"event_name":"SensoryStone","floor":41,"gold_loss":0},{"damage_healed":0,"gold_gain":0,"player_choice":"Fight","damage_taken":0,"max_hp_gain":0,"max_hp_loss":0,"event_name":"MindBloom","floor":45,"gold_loss":0},{"damage_healed":0,"gold_gain":0,"player_choice":"Fight","damage_taken":0,"max_hp_gain":0,"max_hp_loss":0,"event_name":"Mysterious Sphere","floor":46,"gold_loss":0}],"is_beta":false,"boss_relics":[{"not_picked":["Pandora\u0027s Box","Fusion Hammer"],"picked":"Sozu"},{"not_picked":["Empty Cage","Lizard Tail"],"picked":"Cursed Key"}],"items_purged_floors":[39],"is_endless":false,"potions_floor_spawned":[1,5,12,13,21,24,30,33,35,40,48],"ascension_level":7}