{"gold_per_floor":[118,118,19,29,45,79,79,79,79,112,133,133,174,198,198,321,321,340,353,353,1,36,80,80,118,118,217,238,281,316,23,23,148,148,169,169,23,42,68,109,109,124,124,159,180,201,201,235,235,235],"floor_reached":50,"playtime":2557,"items_purged":[],"score":1173,"play_id":"5c5ea3d4-f896-471b-b908-1710cc9170fc","local_time":"20190225013305","is_ascension_mode":true,"campfire_choices":[{"data":"Neutralize","floor":7,"key":"SMITH"},{"data":"Acrobatics","floor":12,"key":"SMITH"},{"data":"Bane","floor":15,"key":"SMITH"},{"data":"Blade Dance","floor":24,"key":"SMITH"},{"floor":32,"key":"RECALL"},{"data":"Backflip","floor":41,"key":"SMITH"},{"floor":47,"key":"REST"},{"data":"Dodge and Roll","floor":49,"key":"SMITH"}],"neow_cost":"NONE","seed_source_timestamp":43123340297111,"circlet_count":0,"master_deck":["AscendersBane","Defend_G","Defend_G","Defend_G","Defend_G","Defend_G","Strike_G","Strike_G","Strike_G","Strike_G","Strike_G","Survivor","Neutralize+1","Footwork+1","Flying Knee","Noxious Fumes+1","Bane+1","Predator","Acrobatics+1","Well Laid Plans+1","Backstab","Tools of the Trade+1","Backflip+1","Dagger Spray","Ghostly","Ghostly","Ghostly","Ghostly","Ghostly","Noxious Fumes+1","Blade Dance+1","Dodge and Roll+1","Dagger Spray","Dagger Throw+1","Noxious Fumes+1","Wraith Form v2+1","Doubt","Blade Dance+1","Transmutation+1","Transmutation+1","Panache+1","Leg Sweep+1","Caltrops+1","Blur+1","Cloak And Dagger+1","Dagger Throw+1","Blade Dance+1","Parasite"],"relics":["Ring of the Snake","NeowsBlessing","Frozen Egg 2","WingedGreaves","Golden Idol","Meat on the Bone","Shuriken","Bag of Marbles","Busted Crown","Bottled Tornado","Red Mask","Dream Catcher","Omamori","Toxic Egg 2","Boot","Incense Burner","Calling Bell","Juzu Bracelet","Mummified Hand","Dead Branch","Bronze Scales","Art of War","Kunai","The Specimen","Sundial"],"potions_floor_usage":[6,6,25,30,33,44,50,50],"damage_taken":[{"damage":0,"enemies":"Jaw Worm","floor":1,"turns":1},{"damage":0,"enemies":"Small Slimes","floor":4,"turns":1},{"damage":0,"enemies":"2 Louse","floor":5,"turns":1},{"damage":10,"enemies":"3 Sentries","floor":6,"turns":8},{"damage":17,"enemies":"Lagavulin","floor":10,"turns":6},{"damage":0,"enemies":"Large Slime","floor":11,"turns":5},{"damage":18,"enemies":"Gremlin Nob","floor":13,"turns":4},{"damage":2,"enemies":"Exordium Wildlife","floor":14,"turns":5},{"damage":32,"enemies":"The Guardian","floor":16,"turns":10},{"damage":27,"enemies":"Spheric Guardian","floor":18,"turns":4},{"damage":12,"enemies":"Chosen","floor":19,"turns":4},{"damage":5,"enemies":"Masked Bandits","floor":22,"turns":5},{"damage":1,"enemies":"Book of Stabbing","floor":23,"turns":7},{"damage":0,"enemies":"Slavers","floor":25,"turns":6},{"damage":10,"enemies":"Shelled Parasite and Fungi","floor":28,"turns":4},{"damage":3,"enemies":"Book of Stabbing","floor":29,"turns":6},{"damage":4,"enemies":"Slavers","floor":30,"turns":5},{"damage":16,"enemies":"Champ","floor":33,"turns":9},{"damage":0,"enemies":"Orb Walker","floor":35,"turns":2},{"damage":0,"enemies":"3 Shapes","floor":38,"turns":4},{"damage":0,"enemies":"Giant Head","floor":40,"turns":6},{"damage":8,"enemies":"Jaw Worm Horde","floor":42,"turns":3},{"damage":14,"enemies":"Nemesis","floor":44,"turns":5},{"damage":0,"enemies":"Transient","floor":45,"turns":5},{"damage":2,"enemies":"Writhing Mass","floor":46,"turns":5},{"damage":5,"enemies":"Giant Head","floor":48,"turns":6},{"damage":28,"enemies":"Awakened One","floor":50,"turns":2}],"seed_played":"-7743913118662146233","potions_obtained":[{"floor":4,"key":"Energy Potion"},{"floor":5,"key":"EssenceOfSteel"},{"floor":10,"key":"Dexterity Potion"},{"floor":16,"key":"Explosive Potion"},{"floor":23,"key":"EssenceOfSteel"},{"floor":28,"key":"SkillPotion"},{"floor":30,"key":"Poison Potion"},{"floor":33,"key":"SpeedPotion"},{"floor":45,"key":"Strength Potion"}],"is_trial":false,"path_per_floor":["M","?","$","M","M","E","R","?","T","E","M","R","E","M","R","B",null,"M","M","?","$","?","E","R","E","T","?","M","E","E","$","R","B",null,"M","?","$","M","T","E","R","M","T","E","M","M","R","E","R","B"],"character_chosen":"THE_SILENT","items_purchased":["Footwork+1","Flying Knee","Bottled Tornado","Noxious Fumes+1","Blade Dance","Incense Burner","Leg Sweep+1","Caltrops+1"],"campfire_rested":1,"item_purchase_floors":[3,3,21,21,21,31,37,37],"current_hp_per_floor":[63,51,51,51,51,41,41,41,41,36,36,36,30,40,40,20,54,39,39,32,32,27,26,26,26,26,26,28,25,21,21,21,17,28,28,18,18,18,18,18,18,22,22,20,20,18,27,22,22,0],"gold":235,"neow_bonus":"THREE_ENEMY_KILL","is_prod":false,"is_daily":false,"chose_seed":false,"campfire_upgraded":6,"win_rate":0,"timestamp":1551011585,"path_taken":["M","?","$","M","M","E","R","?","T","E","M","R","E","?","R","BOSS","M","M","?","$","?","E","R","E","T","?","?","E","E","$","R","BOSS","M","?","$","M","?","E","R","M","T","E","M","M","R","E","R","BOSS"],"build_version":"2019-01-23","purchased_purges":0,"victory":false,"max_hp_per_floor":[70,70,70,70,70,70,70,65,65,65,65,65,65,65,65,65,65,65,65,32,32,32,32,32,32,32,32,32,32,32,32,32,32,32,32,32,32,32,32,32,32,32,32,32,32,32,32,32,32,32],"card_choices":[{"not_picked":["Outmaneuver","Endless Agony","Bane"],"picked":"SKIP","floor":1},{"not_picked":["PiercingWail","Deadly Poison"],"picked":"Noxious Fumes+1","floor":4},{"not_picked":["Prepared","Sucker Punch"],"picked":"Bane","floor":5},{"not_picked":["PiercingWail","Finisher"],"picked":"Predator","floor":6},{"not_picked":["Burst","Distraction"],"picked":"Acrobatics","floor":10},{"not_picked":["Concentrate","Endless Agony"],"picked":"Well Laid Plans+1","floor":11},{"not_picked":["Expertise","Skewer","Flying Knee"],"picked":"SKIP","floor":13},{"not_picked":["Reflex","Flying Knee"],"picked":"Backstab","floor":14},{"not_picked":["Storm of Steel","Venomology"],"picked":"Tools of the Trade+1","floor":16},{"not_picked":[],"picked":"Backflip","floor":18},{"not_picked":[],"picked":"Dagger Spray","floor":19},{"not_picked":[],"picked":"Dodge and Roll","floor":22},{"not_picked":[],"picked":"Dagger Spray","floor":23},{"not_picked":["Acrobatics"],"picked":"SKIP","floor":25},{"not_picked":[],"picked":"Dagger Throw+1","floor":28},{"not_picked":[],"picked":"Noxious Fumes+1","floor":29},{"not_picked":["Deadly Poison+1"],"picked":"SKIP","floor":30},{"not_picked":[],"picked":"Wraith Form v2+1","floor":33},{"not_picked":[],"picked":"Blade Dance+1","floor":35},{"not_picked":[],"picked":"Transmutation+1","floor":36},{"not_picked":[],"picked":"Transmutation+1","floor":36},{"not_picked":[],"picked":"Panache+1","floor":36},{"not_picked":["Bouncing Flask+1"],"picked":"SKIP","floor":38},{"not_picked":[],"picked":"Blur+1","floor":40},{"not_picked":[],"picked":"Cloak And Dagger+1","floor":42},{"not_picked":[],"picked":"Dagger Throw+1","floor":44},{"not_picked":[],"picked":"Blade Dance+1","floor":45},{"not_picked":["Flying Knee"],"picked":"SKIP","floor":46},{"not_picked":["Eviscerate"],"picked":"SKIP","floor":48}],"player_experience":405639,"relics_obtained":[{"floor":6,"key":"WingedGreaves"},{"floor":9,"key":"Meat on the Bone"},{"floor":10,"key":"Shuriken"},{"floor":13,"key":"Bag of Marbles"},{"floor":22,"key":"Red Mask"},{"floor":23,"key":"Dream Catcher"},{"floor":25,"key":"Omamori"},{"floor":29,"key":"Toxic Egg 2"},{"floor":30,"key":"Boot"},{"floor":34,"key":"Juzu Bracelet"},{"floor":34,"key":"Mummified Hand"},{"floor":34,"key":"Dead Branch"},{"floor":39,"key":"Bronze Scales"},{"floor":40,"key":"Art of War"},{"floor":43,"key":"Kunai"},{"floor":44,"key":"The Specimen"},{"floor":48,"key":"Sundial"}],"event_choices":[{"damage_healed":0,"gold_gain":0,"player_choice":"Success","damage_taken":12,"relics_obtained":["Frozen Egg 2"],"max_hp_gain":0,"max_hp_loss":0,"event_name":"Scrap Ooze","floor":2,"gold_loss":0},{"damage_healed":0,"gold_gain":0,"player_choice":"Lose Max HP","damage_taken":0,"relics_obtained":["Golden Idol"],"max_hp_gain":0,"max_hp_loss":5,"event_name":"Golden Idol","floor":8,"gold_loss":0},{"damage_healed":0,"gold_gain":0,"player_choice":"Became a Ghost","damage_taken":0,"max_hp_gain":0,"max_hp_loss":33,"event_name":"Ghosts","floor":20,"gold_loss":0,"cards_obtained":["Ghostly","Ghostly","Ghostly","Ghostly","Ghostly"]},{"damage_healed":0,"gold_gain":0,"player_choice":"Fought Bandits","damage_taken":0,"max_hp_gain":0,"max_hp_loss":0,"event_name":"Masked Bandits","floor":22,"gold_loss":0},{"damage_healed":0,"gold_gain":99,"player_choice":"Stole From Cult","damage_taken":0,"max_hp_gain":0,"max_hp_loss":0,"event_name":"Nest","floor":27,"gold_loss":0},{"damage_healed":0,"gold_gain":0,"player_choice":"Memory 3","damage_taken":10,"max_hp_gain":0,"max_hp_loss":0,"event_name":"SensoryStone","floor":36,"gold_loss":0}],"is_beta":false,"boss_relics":[{"not_picked":["Runic Dome","Ectoplasm"],"picked":"Busted Crown"},{"not_picked":["WristBlade","Coffee Dripper"],"picked":"Calling Bell"}],"items_purged_floors":[],"is_endless":false,"potions_floor_spawned":[4,5,10,16,19,23,28,30,33,45,46],"killed_by":"Awakened One","ascension_level":11}