{"gold_per_floor":[110,124,124,137,148,176,176,208,208,208,208,225,258,276,276,353,353,365,74,74,74,74,74,32,93,143,143,154,186,186,199,199,274,274,290,50,0,17,17,17,50,60,138,168,188,188,35,62,62,62,62,62,62,62,91,91],"floor_reached":56,"playtime":3816,"items_purged":["Strike_R","Strike_R"],"score":2032,"play_id":"83bea19b-c3e8-4e12-bac1-7b1cb9ee95f3","local_time":"20190221001856","is_ascension_mode":true,"campfire_choices":[{"data":"Demon Form","floor":7,"key":"SMITH"},{"floor":10,"key":"REST"},{"data":"True Grit","floor":15,"key":"SMITH"},{"data":"Combust","floor":23,"key":"SMITH"},{"data":"Whirlwind","floor":27,"key":"SMITH"},{"data":"Seeing Red","floor":30,"key":"SMITH"},{"floor":32,"key":"REST"},{"data":"Double Tap","floor":40,"key":"SMITH"},{"data":"Heavy Blade","floor":46,"key":"SMITH"},{"floor":49,"key":"RECALL"},{"data":"Limit Break","floor":53,"key":"SMITH"}],"neow_cost":"NONE","seed_source_timestamp":36072082744814,"circlet_count":0,"master_deck":["AscendersBane","Strike_R","Strike_R","Strike_R","Defend_R+1","Defend_R","Defend_R","Defend_R+1","Bash","True Grit+1","Uppercut+1","Cleave","Hemokinesis","Demon Form+1","Battle Trance","Headbutt","Seeing Red+1","Combust+1","Reaper","Whirlwind+1","Shrug It Off","Dropkick","Double Tap+1","Heavy Blade+1","True Grit","Feel No Pain","Shrug It Off+1","Reaper","Reaper","Feel No Pain","Limit Break+1","True Grit+1"],"relics":["Burning Blood","War Paint","Kunai","Pen Nib","Sundial","WingedGreaves","Sozu","Chemical X","Tiny Chest","Art of War","Letter Opener","Snecko Eye","Red Mask","Singing Bowl","Orichalcum","Bottled Tornado","Blue Candle"],"potions_floor_usage":[8,25,56],"damage_taken":[{"damage":0,"enemies":"Cultist","floor":1,"turns":4},{"damage":9,"enemies":"Jaw Worm","floor":2,"turns":4},{"damage":4,"enemies":"Small Slimes","floor":4,"turns":3},{"damage":6,"enemies":"Exordium Wildlife","floor":5,"turns":4},{"damage":30,"enemies":"3 Sentries","floor":6,"turns":7},{"damage":44,"enemies":"Gremlin Nob","floor":8,"turns":5},{"damage":1,"enemies":"Blue Slaver","floor":12,"turns":6},{"damage":3,"enemies":"Lagavulin","floor":13,"turns":5},{"damage":7,"enemies":"Large Slime","floor":14,"turns":4},{"damage":20,"enemies":"Hexaghost","floor":16,"turns":7},{"damage":25,"enemies":"Shell Parasite","floor":18,"turns":7},{"damage":50,"enemies":"Book of Stabbing","floor":25,"turns":5},{"damage":0,"enemies":"2 Thieves","floor":28,"turns":1},{"damage":22,"enemies":"Gremlin Leader","floor":29,"turns":6},{"damage":14,"enemies":"Snake Plant","floor":31,"turns":3},{"damage":51,"enemies":"Automaton","floor":33,"turns":7},{"damage":34,"enemies":"3 Darklings","floor":35,"turns":4},{"damage":8,"enemies":"3 Shapes","floor":38,"turns":3},{"damage":42,"enemies":"Nemesis","floor":41,"turns":5},{"damage":3,"enemies":"Maw","floor":42,"turns":7},{"damage":14,"enemies":"Giant Head","floor":44,"turns":5},{"damage":27,"enemies":"Sphere and 2 Shapes","floor":45,"turns":6},{"damage":41,"enemies":"Reptomancer","floor":48,"turns":5},{"damage":95,"enemies":"Donu and Deca","floor":50,"turns":7},{"damage":66,"enemies":"Awakened One","floor":51,"turns":8},{"damage":65,"enemies":"Shield and Spear","floor":55,"turns":5},{"damage":62,"enemies":"The Heart","floor":56,"turns":2}],"seed_played":"8251466225746720564","potions_obtained":[{"floor":2,"key":"LiquidBronze"},{"floor":4,"key":"SteroidPotion"},{"floor":8,"key":"SteroidPotion"}],"is_trial":false,"path_per_floor":["M","M","?","M","M","E","R","E","T","R","?","M","E","M","R","B",null,"M","$","?","?","$","R","$","E","T","R","M","E","R","M","R","B",null,"M","$","?","M","?","R","E","M","T","E","M","R","$","E","R","B","B",null,"R","$","E","B"],"character_chosen":"IRONCLAD","items_purchased":["Chemical X","Whirlwind","True Grit","Feel No Pain","Limit Break"],"campfire_rested":2,"item_purchase_floors":[19,24,36,36,47],"current_hp_per_floor":[74,71,71,73,73,49,49,11,11,33,33,38,41,40,40,26,63,75,75,75,75,75,75,75,41,41,41,47,51,51,47,69,47,68,61,61,61,59,59,59,53,74,74,68,63,63,63,62,62,36,77,80,80,80,51,0],"gold":91,"neow_bonus":"RANDOM_COMMON_RELIC","is_prod":false,"is_daily":false,"chose_seed":false,"campfire_upgraded":8,"win_rate":0,"timestamp":1550661536,"path_taken":["M","M","?","M","M","E","R","E","T","R","?","M","E","M","R","BOSS","M","$","?","?","?","R","$","E","T","R","M","E","R","M","R","BOSS","M","$","?","M","?","R","E","M","T","E","?","R","?","E","R","BOSS","BOSS","R","$","E","BOSS"],"build_version":"2019-01-23","purchased_purges":2,"victory":false,"max_hp_per_floor":[75,75,75,75,75,75,75,75,75,75,75,75,75,75,75,75,75,75,75,75,75,75,75,75,75,75,75,75,75,75,75,75,75,75,75,75,75,75,75,75,75,75,75,77,79,79,79,81,81,81,81,81,81,81,81,81],"card_choices":[{"not_picked":["Sword Boomerang","Dropkick"],"picked":"True Grit","floor":1},{"not_picked":["Heavy Blade","Pommel Strike"],"picked":"Uppercut","floor":2},{"not_picked":["Sever Soul","Wild Strike"],"picked":"Cleave","floor":4},{"not_picked":["Burning Pact","Sword Boomerang"],"picked":"Hemokinesis","floor":5},{"not_picked":["Shrug It Off","Iron Wave"],"picked":"Demon Form","floor":6},{"not_picked":["Limit Break","Fire Breathing"],"picked":"Battle Trance","floor":8},{"not_picked":["Warcry","Metallicize"],"picked":"Headbutt","floor":12},{"not_picked":["Reckless Charge","Cleave"],"picked":"Seeing Red","floor":13},{"not_picked":["Wild Strike","Bloodletting"],"picked":"Combust","floor":14},{"not_picked":["Exhume","Bludgeon"],"picked":"Reaper","floor":16},{"not_picked":["Pummel","Whirlwind","Perfected Strike+1"],"picked":"SKIP","floor":18},{"not_picked":["Pummel","Whirlwind","Perfected Strike+1"],"picked":"SKIP","floor":18},{"not_picked":["Pummel","Whirlwind","Perfected Strike+1"],"picked":"SKIP","floor":18},{"not_picked":["Bludgeon","Warcry","Heavy Blade"],"picked":"SKIP","floor":25},{"not_picked":["Dropkick","Sword Boomerang"],"picked":"Shrug It Off","floor":28},{"not_picked":["Reckless Charge","Rage","Pommel Strike"],"picked":"SKIP","floor":29},{"not_picked":["Wild Strike","Cleave"],"picked":"Dropkick","floor":31},{"not_picked":["Brutality","Reaper"],"picked":"Double Tap","floor":33},{"not_picked":["Iron Wave+1","Whirlwind"],"picked":"Heavy Blade","floor":35},{"not_picked":["Clothesline","Uppercut+1"],"picked":"Shrug It Off+1","floor":38},{"not_picked":["Shockwave","Anger"],"picked":"Reaper","floor":41},{"not_picked":["Twin Strike","Iron Wave"],"picked":"Feel No Pain","floor":42},{"not_picked":["Metallicize","Twin Strike","Perfected Strike"],"picked":"Singing Bowl","floor":44},{"not_picked":["Clash","Rampage","Spot Weakness"],"picked":"Singing Bowl","floor":45},{"not_picked":["Rampage+1","Combust","Havoc"],"picked":"Singing Bowl","floor":48},{"not_picked":["Armaments","Reaper"],"picked":"True Grit+1","floor":55}],"player_experience":371916,"relics_obtained":[{"floor":6,"key":"Kunai"},{"floor":8,"key":"Pen Nib"},{"floor":9,"key":"Sundial"},{"floor":13,"key":"WingedGreaves"},{"floor":25,"key":"Tiny Chest"},{"floor":26,"key":"Art of War"},{"floor":29,"key":"Letter Opener"},{"floor":41,"key":"Singing Bowl"},{"floor":44,"key":"Orichalcum"},{"floor":48,"key":"Bottled Tornado"},{"floor":55,"key":"Blue Candle"}],"event_choices":[{"damage_healed":0,"gold_gain":0,"player_choice":"Grow","damage_taken":0,"max_hp_gain":0,"max_hp_loss":0,"event_name":"Living Wall","floor":3,"gold_loss":0,"cards_upgraded":["Uppercut"]},{"damage_healed":0,"gold_gain":0,"player_choice":"Ignored","damage_taken":0,"max_hp_gain":0,"max_hp_loss":0,"event_name":"Shining Light","floor":11,"gold_loss":0},{"damage_healed":0,"gold_gain":0,"player_choice":"Ignored","damage_taken":0,"max_hp_gain":0,"max_hp_loss":0,"event_name":"Vampires","floor":20,"gold_loss":0},{"damage_healed":0,"gold_gain":0,"player_choice":"Ignored","damage_taken":0,"max_hp_gain":0,"max_hp_loss":0,"event_name":"Ghosts","floor":21,"gold_loss":0},{"damage_healed":0,"gold_gain":0,"player_choice":"Paid","damage_taken":0,"relics_obtained":["Red Mask"],"max_hp_gain":0,"max_hp_loss":0,"event_name":"Tomb of Lord Red Mask","floor":37,"gold_loss":50},{"damage_healed":0,"gold_gain":0,"player_choice":"Copied","damage_taken":0,"max_hp_gain":0,"max_hp_loss":0,"event_name":"Duplicator","floor":39,"gold_loss":0,"cards_obtained":["Reaper"]}],"is_beta":false,"boss_relics":[{"not_picked":["Cursed Key","Empty Cage"],"picked":"Sozu"},{"not_picked":["Pandora\u0027s Box","Busted Crown"],"picked":"Snecko Eye"}],"items_purged_floors":[19,36],"is_endless":false,"potions_floor_spawned":[2,4,8,13,14,25,28,29,33,38,41,44,55],"killed_by":"The Heart","ascension_level":20}