{"gold_per_floor":[119,129,144,157,13,13,13,48,48,48,73,86,86,111,111,236,236,176,91,107,127,127,127],"floor_reached":23,"playtime":2008,"items_purged":["Defend_R"],"score":218,"play_id":"c48c00d2-1040-47ba-b5cc-1e012a1e6c1e","local_time":"20180704002223","is_ascension_mode":false,"campfire_choices":[{"data":"Bash","floor":6.0,"key":"SMITH"},{"floor":10.0,"key":"REST"},{"floor":15.0,"key":"REST"}],"neow_cost":"","seed_source_timestamp":0,"circlet_count":0,"master_deck":["Defend_R","Defend_R","Defend_R","Bash+1","Warcry","True Grit","Iron Wave","Flame Barrier","Dropkick","Thunderclap","Sentinel","Burning Pact","Juggernaut","Iron Wave","Bite","Bite","Bite","Bite","Bite"],"special_seed":0,"relics":["Lizard Tail","Golden Idol","Ornamental Fan","Letter Opener","Odd Mushroom","Eternal Feather","Vajra"],"potions_floor_usage":[18,23],"damage_taken":[{"damage":4.0,"enemies":"Cultist","floor":1.0,"turns":4.0},{"damage":6.0,"enemies":"2 Louse","floor":2.0,"turns":4.0},{"damage":11.0,"enemies":"Jaw Worm","floor":3.0,"turns":4.0},{"damage":1.0,"enemies":"Large Slime","floor":4.0,"turns":6.0},{"damage":33.0,"enemies":"Lagavulin","floor":8.0,"turns":10.0},{"damage":17.0,"floor":11.0,"turns":4.0},{"damage":4.0,"enemies":"2 Fungi Beasts","floor":12.0,"turns":4.0},{"damage":4.0,"enemies":"Blue Slaver","floor":14.0,"turns":5.0},{"damage":44.0,"enemies":"The Guardian","floor":16.0,"turns":14.0},{"damage":12,"enemies":"2 Thieves","floor":18,"turns":3},{"damage":38,"enemies":"Shell Parasite","floor":20,"turns":13},{"damage":26,"enemies":"Snecko","floor":21,"turns":8},{"damage":12,"enemies":"Slavers","floor":23,"turns":1}],"seed_played":"-1410616675168470021","potions_obtained":[{"floor":2.0,"key":"Fire Potion"},{"floor":8.0,"key":"Fire Potion"},{"floor":14.0,"key":"AttackPotion"},{"floor":16.0,"key":"SmokeBomb"},{"floor":21,"key":"Regen Potion"}],"is_trial":false,"path_per_floor":["M","M","M","M","$","R","?","E","T","R","?","M","?","M","R","B",null,"M","?","M","M","?"],"character_chosen":"IRONCLAD","items_purchased":["Dropkick"],"campfire_rested":2,"item_purchase_floors":[],"current_hp_per_floor":[76,70,59,58,58,58,38,5,5,29,12,8,8,4,28,24,80,68,68,30,4,4,0],"gold":127,"neow_bonus":"","is_prod":false,"is_daily":false,"chose_seed":false,"campfire_upgraded":1,"win_rate":0.0,"timestamp":1530678143,"path_taken":["M","M","M","M","?","R","?","E","T","R","?","M","?","M","R","BOSS","M","?","?","M","?","E"],"build_version":"2018-06-28","purchased_purges":1,"victory":false,"max_hp_per_floor":[80,80,80,80,80,80,80,80,80,80,80,80,80,80,80,80,80,80,80,80,80,56,56],"card_choices":[{"not_picked":["Cleave","Sword Boomerang"],"picked":"Warcry","floor":1.0},{"not_picked":["Clothesline","Entrench"],"picked":"True Grit","floor":2.0},{"not_picked":["Pommel Strike","Warcry"],"picked":"Iron Wave","floor":3.0},{"not_picked":["Shrug It Off","Body Slam"],"picked":"Flame Barrier","floor":4.0},{"not_picked":["Anger","Perfected Strike"],"picked":"Thunderclap","floor":8.0},{"not_picked":["Cleave","Body Slam"],"picked":"Sentinel","floor":12.0},{"not_picked":["Anger","Wild Strike"],"picked":"Burning Pact","floor":14.0},{"not_picked":["Reaper","Dark Embrace"],"picked":"Juggernaut","floor":16.0},{"not_picked":["Reckless Charge+1","Cleave","Disarm"],"picked":"SKIP","floor":20},{"not_picked":["Perfected Strike+1","Sword Boomerang"],"picked":"Iron Wave","floor":21}],"player_experience":92210,"relics_obtained":[{"floor":8.0,"key":"Ornamental Fan"},{"floor":9.0,"key":"Letter Opener"},{"floor":11.0,"key":"Odd Mushroom"}],"event_choices":[{"event_name":"Golden Idol","player_choice":"Take Damage","floor":7.0,"damage_taken":0.0},{"event_name":"Mushrooms","player_choice":"Fought Mushrooms","floor":11.0,"damage_taken":0.0},{"event_name":"Scrap Ooze","player_choice":"unsuccessful","floor":13.0,"damage_taken":0.0},{"event_name":"Addict","player_choice":"Obtained Relic","floor":19,"damage_taken":0},{"event_name":"Vampires","player_choice":"Became a vampire","floor":22,"damage_taken":0}],"boss_relics":[{"not_picked":["Orrery","White Beast Statue"],"picked":"Eternal Feather"}],"items_purged_floors":[],"is_endless":false,"potions_floor_spawned":[2,8,14,16,21],"killed_by":"Slavers","ascension_level":0}