{"gold_per_floor":[114,46,146,158,169,169,197,197,197,223,240,190,190,61,61,165,165,181,96,113,113,113,113,143,143,143,93,93,113,113],"floor_reached":30,"playtime":2237,"items_purged":["Strike_B","Strike_B"],"score":356,"play_id":"f4203e33-b06b-44db-895a-ded463b317af","local_time":"20190208203600","is_ascension_mode":true,"campfire_choices":[{"data":"Defragment","floor":6,"key":"SMITH"},{"data":"Seek","floor":8,"key":"SMITH"},{"data":"Loop","floor":13,"key":"SMITH"},{"data":"Redo","floor":15,"key":"SMITH"},{"floor":23,"key":"REST"},{"data":"Zap","floor":25,"key":"SMITH"}],"neow_cost":"NONE","seed_source_timestamp":10381783153410,"circlet_count":0,"master_deck":["Strike_B","Defend_B","Defend_B","Defend_B","Defend_B","Zap+1","Dualcast","Defragment+1","Doom and Gloom","Coolheaded","Seek+1","Redo+1","Echo Form","Loop+1","Ball Lightning","Amplify","Turbo","Coolheaded+1","Sunder+1"],"relics":["Sozu","Peace Pipe","Kunai","Turnip","Inserter","Emotion Chip","Smiling Mask","Mercury Hourglass","Molten Egg 2"],"potions_floor_usage":[],"damage_taken":[{"damage":2,"enemies":"Jaw Worm","floor":1,"turns":3},{"damage":1,"enemies":"Cultist","floor":4,"turns":3},{"damage":0,"enemies":"Small Slimes","floor":5,"turns":3},{"damage":5,"enemies":"Lagavulin","floor":7,"turns":6},{"damage":14,"enemies":"3 Sentries","floor":10,"turns":6},{"damage":0,"enemies":"2 Fungi Beasts","floor":11,"turns":5},{"damage":6,"enemies":"Hexaghost","floor":16,"turns":7},{"damage":8,"enemies":"Shell Parasite","floor":18,"turns":7},{"damage":19,"enemies":"Spheric Guardian","floor":20,"turns":4},{"damage":27,"enemies":"Slavers","floor":24,"turns":5},{"damage":29,"enemies":"Snake Plant","floor":29,"turns":5},{"damage":9,"enemies":"Centurion and Healer","floor":30,"turns":2}],"seed_played":"-1404586818981509870","potions_obtained":[],"is_trial":false,"path_per_floor":["M","$","?","M","M","R","E","R","T","E","M","?","R","$","R","B",null,"M","?","M","?","$","R","E","R","T","$","T","M","M"],"character_chosen":"DEFECT","items_purchased":["Doom and Gloom","Ball Lightning"],"campfire_rested":1,"item_purchase_floors":[2,14],"current_hp_per_floor":[66,66,66,65,65,65,60,60,60,46,46,46,46,46,46,40,66,58,58,39,39,39,61,34,34,34,34,34,5,0],"gold":113,"neow_bonus":"BOSS_RELIC","is_prod":false,"is_daily":false,"chose_seed":false,"campfire_upgraded":5,"win_rate":1,"timestamp":1549611360,"path_taken":["M","$","?","M","?","R","E","R","T","E","M","?","R","$","R","BOSS","M","?","M","?","$","R","E","R","T","$","?","M","M"],"build_version":"2019-01-23","purchased_purges":2,"victory":false,"max_hp_per_floor":[75,75,75,75,75,75,75,75,75,75,75,75,75,75,75,75,75,75,75,75,75,75,75,75,75,75,75,75,75,75],"card_choices":[{"not_picked":["Hologram","Compile Driver"],"picked":"Defragment","floor":1},{"not_picked":["Steam Power","Beam Cell"],"picked":"Coolheaded","floor":4},{"not_picked":["Barrage","Reinforced Body"],"picked":"Seek","floor":5},{"not_picked":["Hologram","Gash"],"picked":"Redo","floor":7},{"not_picked":["Force Field","Steam"],"picked":"Echo Form","floor":10},{"not_picked":["Redo","Turbo"],"picked":"Loop","floor":11},{"not_picked":["Meteor Strike","Seek"],"picked":"Amplify","floor":16},{"not_picked":["Blizzard","Steam"],"picked":"Turbo","floor":18},{"not_picked":["Stack+1","Turbo"],"picked":"Coolheaded+1","floor":20},{"not_picked":["Cold Snap","Capacitor"],"picked":"Sunder+1","floor":24},{"not_picked":["Scrape+1","Blizzard+1","Heatsinks"],"picked":"SKIP","floor":29}],"player_experience":194306,"relics_obtained":[{"floor":7,"key":"Peace Pipe"},{"floor":9,"key":"Kunai"},{"floor":10,"key":"Turnip"},{"floor":24,"key":"Smiling Mask"},{"floor":26,"key":"Mercury Hourglass"},{"floor":28,"key":"Molten Egg 2"}],"event_choices":[{"damage_healed":0,"gold_gain":100,"player_choice":"Pray","damage_taken":0,"max_hp_gain":0,"max_hp_loss":0,"event_name":"Golden Shrine","floor":3,"gold_loss":0},{"cards_removed":["Strike_B"],"damage_healed":0,"gold_gain":0,"player_choice":"Card Removal","damage_taken":0,"max_hp_gain":0,"max_hp_loss":0,"event_name":"The Cleric","floor":12,"gold_loss":50},{"damage_healed":0,"gold_gain":0,"player_choice":"Obtained Relic","damage_taken":0,"relics_obtained":["Emotion Chip"],"max_hp_gain":0,"max_hp_loss":0,"event_name":"Addict","floor":19,"gold_loss":85},{"damage_healed":0,"gold_gain":0,"player_choice":"Ignored","damage_taken":0,"max_hp_gain":0,"max_hp_loss":0,"event_name":"Ghosts","floor":21,"gold_loss":0}],"is_beta":false,"boss_relics":[{"not_picked":["Runic Pyramid","Astrolabe"],"picked":"Inserter"}],"items_purged_floors":[14,27],"is_endless":false,"potions_floor_spawned":[4,5,11,16,20,24],"killed_by":"Centurion and Healer","ascension_level":8}