{"gold_per_floor":[115,125,6,17,17,17,50,50,50,50,62,62,112,132,132,230,230,230,230,230,230,230,230,230,45,45,45,45,45,45,45,45,45],"floor_reached":33,"playtime":1957,"items_purged":["Strike_G"],"score":469,"play_id":"59ce3bde-6a38-40bf-8eb2-0aac40f9b4f1","local_time":"20190210170537","is_ascension_mode":true,"campfire_choices":[{"data":"Skewer","floor":6,"key":"SMITH"},{"data":"Dagger Spray","floor":8,"key":"SMITH"},{"data":"Neutralize","floor":15,"key":"SMITH"},{"data":"Malaise","floor":23,"key":"SMITH"},{"data":"Well Laid Plans","floor":27,"key":"SMITH"},{"data":"Catalyst","floor":32,"key":"SMITH"}],"neow_cost":"NONE","seed_source_timestamp":17354803629576,"circlet_count":0,"master_deck":["AscendersBane","Defend_G","Defend_G","Defend_G","Defend_G+1","Defend_G","Strike_G","Strike_G","Strike_G","Strike_G","Survivor","Neutralize+1","Sucker Punch","Deadly Poison","Skewer+1","PiercingWail+1","Dagger Spray+1","Backflip","Dodge and Roll","Malaise+1","Acrobatics","Crippling Poison","Catalyst+1","Deadly Poison","Well Laid Plans+1","Predator+1","Blur+1"],"relics":["Ring of the Snake","NeowsBlessing","Sundial","Strawberry","Bloody Idol","Ectoplasm","Molten Egg 2"],"potions_floor_usage":[7,19,33,33],"damage_taken":[{"damage":0,"enemies":"Cultist","floor":1,"turns":1},{"damage":0,"enemies":"Small Slimes","floor":2,"turns":1},{"damage":0,"enemies":"Jaw Worm","floor":4,"turns":1},{"damage":3,"enemies":"Gremlin Nob","floor":7,"turns":3},{"damage":2,"enemies":"3 Louse","floor":11,"turns":5},{"damage":0,"enemies":"Large Slime","floor":14,"turns":5},{"damage":11,"enemies":"The Guardian","floor":16,"turns":15},{"damage":4,"enemies":"Shell Parasite","floor":18,"turns":9},{"damage":5,"enemies":"3 Byrds","floor":19,"turns":6},{"damage":4,"enemies":"Centurion and Healer","floor":28,"turns":10},{"damage":8,"enemies":"Chosen and Byrds","floor":29,"turns":6},{"damage":4,"enemies":"3 Cultists","floor":30,"turns":5},{"damage":0,"enemies":"Snecko","floor":31,"turns":6},{"damage":42,"enemies":"Collector","floor":33,"turns":14}],"seed_played":"-5774587778385170356","potions_obtained":[{"floor":4,"key":"FearPotion"},{"floor":7,"key":"GhostInAJar"},{"floor":16,"key":"AttackPotion"},{"floor":29,"key":"GhostInAJar"}],"is_trial":false,"path_per_floor":["M","M","$","M","?","R","E","R","T","?","M","?","?","M","R","B",null,"M","M","?","?","?","R","?","$","T","R","M","M","M","M","R","B"],"character_chosen":"THE_SILENT","items_purchased":["Skewer","Catalyst","Deadly Poison","Well Laid Plans"],"campfire_rested":0,"item_purchase_floors":[3,25,25,25],"current_hp_per_floor":[59,59,59,59,59,59,56,56,63,41,39,39,39,39,39,28,57,53,48,48,48,48,48,48,48,48,48,44,36,32,32,32,0],"gold":45,"neow_bonus":"THREE_ENEMY_KILL","is_prod":false,"is_daily":false,"chose_seed":false,"campfire_upgraded":6,"win_rate":0,"timestamp":1549771537,"path_taken":["M","M","$","?","?","R","E","R","T","?","M","?","?","?","R","BOSS","M","M","?","?","?","R","?","$","T","R","M","M","M","M","R","BOSS"],"build_version":"2019-01-23","purchased_purges":1,"victory":false,"max_hp_per_floor":[66,66,66,66,66,66,66,66,73,73,73,66,66,66,66,66,66,66,66,66,66,66,66,66,66,66,66,66,66,66,66,66,66],"card_choices":[{"not_picked":["Underhanded Strike","Infinite Blades"],"picked":"Sucker Punch","floor":1},{"not_picked":["Dagger Spray","Dodge and Roll"],"picked":"Deadly Poison","floor":2},{"not_picked":["Reflex","Infinite Blades"],"picked":"PiercingWail","floor":4},{"not_picked":["Accuracy","Deadly Poison"],"picked":"Dagger Spray","floor":7},{"not_picked":["Flechettes","Deadly Poison"],"picked":"Backflip","floor":11},{"not_picked":["Quick Slash","Skewer"],"picked":"Dodge and Roll","floor":14},{"not_picked":["Bullet Time","Venomology"],"picked":"Malaise","floor":16},{"not_picked":["Bane","Distraction"],"picked":"Acrobatics","floor":18},{"not_picked":["Infinite Blades","Caltrops","Blade Dance"],"picked":"SKIP","floor":19},{"not_picked":["Bane+1","Backflip","Choke+1"],"picked":"SKIP","floor":28},{"not_picked":["Quick Slash+1","Dodge and Roll"],"picked":"Predator+1","floor":29},{"not_picked":["Flechettes+1","Slice+1","Sucker Punch+1"],"picked":"SKIP","floor":30},{"not_picked":["Blade Dance","Prepared"],"picked":"Blur+1","floor":31}],"player_experience":212161,"relics_obtained":[{"floor":7,"key":"Sundial"},{"floor":9,"key":"Strawberry"},{"floor":26,"key":"Molten Egg 2"}],"event_choices":[{"damage_healed":0,"gold_gain":0,"player_choice":"Leave","damage_taken":0,"max_hp_gain":0,"max_hp_loss":0,"event_name":"The Cleric","floor":5,"gold_loss":0},{"damage_healed":0,"gold_gain":0,"player_choice":"Entered Light","damage_taken":22,"max_hp_gain":0,"max_hp_loss":0,"event_name":"Shining Light","floor":10,"gold_loss":0,"cards_upgraded":["PiercingWail","Defend_G"]},{"damage_healed":0,"gold_gain":0,"player_choice":"Lose Max HP","damage_taken":0,"relics_obtained":["Golden Idol"],"max_hp_gain":0,"max_hp_loss":7,"event_name":"Golden Idol","floor":12,"gold_loss":0},{"damage_healed":0,"gold_gain":50,"player_choice":"Pray","damage_taken":0,"max_hp_gain":0,"max_hp_loss":0,"event_name":"Golden Shrine","floor":13,"gold_loss":0},{"damage_healed":0,"gold_gain":0,"player_choice":"Gave Idol","damage_taken":0,"relics_obtained":["Bloody Idol"],"max_hp_gain":0,"max_hp_loss":0,"event_name":"Forgotten Altar","floor":20,"relics_lost":["Golden Idol"],"gold_loss":0},{"damage_healed":0,"gold_gain":0,"player_choice":"Ignored","damage_taken":0,"max_hp_gain":0,"max_hp_loss":0,"event_name":"Beggar","floor":21,"gold_loss":0},{"damage_healed":0,"gold_gain":0,"player_choice":"Read","damage_taken":0,"max_hp_gain":0,"max_hp_loss":0,"event_name":"The Library","floor":22,"gold_loss":0,"cards_obtained":["Crippling Poison"]},{"damage_healed":0,"gold_gain":50,"player_choice":"Stole From Cult","damage_taken":0,"max_hp_gain":0,"max_hp_loss":0,"event_name":"Nest","floor":24,"gold_loss":0}],"is_beta":false,"boss_relics":[{"not_picked":["Black Star","Runic Pyramid"],"picked":"Ectoplasm"}],"items_purged_floors":[3],"is_endless":false,"potions_floor_spawned":[4,7,16,18,29,31],"killed_by":"Collector","ascension_level":18}