{"gold_per_floor":[110,110,129,204,231,257,257,274,274,274,292,292,317,339,351,459,471,503,515,626,655,582,594,636,39,39,56,88,107,138,138,138,138],"floor_reached":33,"playtime":941,"items_purged":["Strike_G"],"score":488,"play_id":"2ff769fd-b0c9-4b6a-9f13-02a90b860f4e","local_time":"20181118231320","is_ascension_mode":true,"campfire_choices":[{"data":"Terror","floor":12,"key":"SMITH"},{"data":"Neutralize","floor":15,"key":"SMITH"},{"floor":23,"key":"REST"},{"data":"Venomology","floor":32,"key":"SMITH"}],"neow_cost":"NONE","seed_source_timestamp":3129193196096335,"circlet_count":0,"master_deck":["Defend_G","Defend_G","Defend_G","Defend_G","Defend_G","Strike_G","Strike_G","Strike_G","Strike_G","Survivor","Neutralize+1","Terror+1","Burst","Flying Knee","Sucker Punch","Sucker Punch","Dagger Throw","Venomology+1","Backstab","Footwork+1","Glass Knife","Blade Dance","Backflip"],"relics":["Ring of the Snake","NeowsBlessing","Bronze Scales","Blood Vial","FaceOfCleric","Juzu Bracelet","Ancient Tea Set","MawBank","Philosopher\u0027s Stone","MutagenicStrength","Darkstone Periapt","Vajra","Ninja Scroll","TwistedFunnel","Meat on the Bone","Red Mask","Pear"],"potions_floor_usage":[16,16,24,24,24,24,29,30,30,30,30,33],"damage_taken":[{"damage":0,"enemies":"2 Louse","floor":1,"turns":1},{"damage":0,"enemies":"Cultist","floor":3,"turns":1},{"damage":0,"enemies":"3 Sentries","floor":6,"turns":1},{"damage":0,"enemies":"Small Slimes","floor":8,"turns":3},{"damage":2,"enemies":"Exordium Wildlife","floor":11,"turns":3},{"damage":13,"enemies":"Gremlin Nob","floor":13,"turns":5},{"damage":7,"enemies":"2 Fungi Beasts","floor":14,"turns":3},{"damage":32,"enemies":"Slime Boss","floor":16,"turns":9},{"damage":32,"enemies":"Spheric Guardian","floor":18,"turns":6},{"damage":0,"enemies":"Chosen","floor":21,"turns":4},{"damage":3,"enemies":"Book of Stabbing","floor":24,"turns":4},{"damage":9,"enemies":"Centurion and Healer","floor":27,"turns":4},{"damage":0,"enemies":"Masked Bandits","floor":28,"turns":4},{"damage":14,"enemies":"Snecko","floor":29,"turns":3},{"damage":0,"enemies":"Gremlin Leader","floor":30,"turns":4},{"damage":80,"enemies":"Champ","floor":33,"turns":6}],"seed_played":"3529539133405174755","potions_obtained":[{"floor":6,"key":"Explosive Potion"},{"floor":8,"key":"Explosive Potion"},{"floor":13,"key":"FearPotion"},{"floor":27,"key":"Swift Potion"},{"floor":29,"key":"Explosive Potion"}],"is_trial":false,"path_per_floor":["M","?","M","?","T","E","?","M","T","?","M","R","E","M","R","B",null,"M","?","?","M","?","R","E","$","T","M","?","M","E","?","R","B"],"character_chosen":"THE_SILENT","items_purchased":["Ninja Scroll","Backstab","TwistedFunnel"],"campfire_rested":1,"item_purchase_floors":[25,25,25],"current_hp_per_floor":[63,63,63,52,52,52,52,55,55,52,53,53,43,39,39,10,59,30,30,30,33,33,56,56,56,56,50,53,42,55,55,55,0],"gold":138,"neow_bonus":"THREE_ENEMY_KILL","is_prod":false,"is_daily":false,"chose_seed":false,"campfire_upgraded":3,"win_rate":0,"timestamp":1542536000,"path_taken":["M","?","?","?","?","E","?","M","T","?","M","R","E","M","R","BOSS","M","?","?","M","?","R","E","?","T","M","?","M","E","?","R","BOSS"],"build_version":"2018-11-15","purchased_purges":1,"victory":false,"max_hp_per_floor":[70,70,70,70,70,70,70,71,71,71,72,72,73,74,74,75,75,76,76,76,77,77,77,78,78,78,79,80,81,92,92,92,92],"card_choices":[{"not_picked":["Sucker Punch","Leg Sweep"],"picked":"Terror","floor":1},{"not_picked":["Choke","Acrobatics"],"picked":"Flying Knee","floor":3},{"not_picked":["Flying Knee","Blade Dance"],"picked":"Sucker Punch","floor":6},{"not_picked":["Outmaneuver","Phantasmal Killer"],"picked":"Sucker Punch","floor":8},{"not_picked":["Deflect","Deadly Poison","Crippling Poison"],"picked":"SKIP","floor":11},{"not_picked":["Bane","Underhanded Strike"],"picked":"Dagger Throw","floor":13},{"not_picked":["Sucker Punch","Flechettes","Infinite Blades"],"picked":"SKIP","floor":14},{"not_picked":["Doppelganger","Phantasmal Killer"],"picked":"Venomology","floor":16},{"not_picked":["Dodge and Roll","Flechettes+1","Underhanded Strike"],"picked":"SKIP","floor":18},{"not_picked":["Slice","Dodge and Roll","Deflect+1"],"picked":"SKIP","floor":21},{"not_picked":["Underhanded Strike","Deadly Poison","PiercingWail"],"picked":"SKIP","floor":24},{"not_picked":["Quick Slash+1","Tactician"],"picked":"Footwork+1","floor":27},{"not_picked":["Distraction","Cloak And Dagger"],"picked":"Glass Knife","floor":28},{"not_picked":["Underhanded Strike","Flechettes","Dodge and Roll"],"picked":"SKIP","floor":29},{"not_picked":["Reflex","Underhanded Strike"],"picked":"Blade Dance","floor":30}],"player_experience":359850,"relics_obtained":[{"floor":5,"key":"Bronze Scales"},{"floor":6,"key":"Blood Vial"},{"floor":9,"key":"Juzu Bracelet"},{"floor":13,"key":"MawBank"},{"floor":24,"key":"Vajra"},{"floor":26,"key":"Meat on the Bone"},{"floor":28,"key":"Red Mask"},{"floor":30,"key":"Pear"}],"event_choices":[{"damage_healed":0,"gold_gain":0,"player_choice":"1 cards matched","damage_taken":0,"max_hp_gain":0,"max_hp_loss":0,"event_name":"Match and Keep!","floor":2,"gold_loss":0,"cards_obtained":["Burst"]},{"damage_healed":0,"gold_gain":75,"player_choice":"Gather Gold","damage_taken":11,"max_hp_gain":0,"max_hp_loss":0,"event_name":"World of Goop","floor":4,"gold_loss":0},{"damage_healed":0,"gold_gain":0,"player_choice":"Trade","damage_taken":0,"relics_obtained":["FaceOfCleric"],"max_hp_gain":0,"max_hp_loss":0,"event_name":"FaceTrader","floor":7,"gold_loss":0},{"damage_healed":0,"gold_gain":0,"player_choice":"Success","damage_taken":3,"relics_obtained":["Ancient Tea Set"],"max_hp_gain":0,"max_hp_loss":0,"event_name":"Scrap Ooze","floor":10,"gold_loss":0},{"damage_healed":0,"gold_gain":0,"player_choice":"Inject Mutagens","damage_taken":0,"relics_obtained":["MutagenicStrength"],"max_hp_gain":0,"max_hp_loss":0,"event_name":"Drug Dealer","floor":19,"gold_loss":0},{"damage_healed":0,"gold_gain":99,"player_choice":"Stole From Cult","damage_taken":0,"max_hp_gain":0,"max_hp_loss":0,"event_name":"Nest","floor":20,"gold_loss":0},{"damage_healed":0,"gold_gain":0,"player_choice":"Obtained Relic","damage_taken":0,"relics_obtained":["Darkstone Periapt"],"max_hp_gain":0,"max_hp_loss":0,"event_name":"Addict","floor":22,"gold_loss":85},{"damage_healed":0,"gold_gain":0,"player_choice":"Fought Bandits","damage_taken":0,"max_hp_gain":0,"max_hp_loss":0,"event_name":"Masked Bandits","floor":28,"gold_loss":0},{"damage_healed":0,"gold_gain":0,"player_choice":"Read","damage_taken":0,"max_hp_gain":0,"max_hp_loss":0,"event_name":"The Library","floor":31,"gold_loss":0,"cards_obtained":["Backflip"]}],"is_beta":false,"boss_relics":[{"not_picked":["Coffee Dripper","Runic Dome"],"picked":"Philosopher\u0027s Stone"}],"items_purged_floors":[25],"is_endless":false,"potions_floor_spawned":[6,8,13,14,27,29],"killed_by":"Champ","ascension_level":7}