{"gold_per_floor":[366,366,379,13,26,26,52,52,77,403,403,403,403,418,418,491,491,506,506,375,392,78,113,113,133,133,144,156,166,110,126,126,203,203,222,235,149,149,164,164,39,72,72,83,111,111,121,141,141,141],"floor_reached":51,"playtime":3642,"items_purged":["Regret","Writhe","Strike_B"],"score":1612,"play_id":"02b45001-3dfb-4ee3-ab1c-939b95f8cfea","local_time":"20190217123337","is_ascension_mode":true,"campfire_choices":[{"data":"Sunder","floor":6,"key":"SMITH"},{"data":"Defragment","floor":8,"key":"SMITH"},{"data":"Zap","floor":11,"key":"SMITH"},{"data":"Loop","floor":13,"key":"SMITH"},{"floor":15,"key":"REST"},{"data":"Defragment","floor":24,"key":"SMITH"},{"floor":32,"key":"REST"},{"data":"Defragment","floor":40,"key":"SMITH"},{"data":"Biased Cognition","floor":46,"key":"SMITH"},{"data":"Capacitor","floor":49,"key":"SMITH"}],"neow_cost":"CURSE","seed_source_timestamp":3098780913454,"circlet_count":0,"master_deck":["AscendersBane","Strike_B","Strike_B","Defend_B","Defend_B","Defend_B","Defend_B","Zap+1","Dualcast","Defragment+1","Biased Cognition+1","Sweeping Beam","Sunder+1","Loop+1","Reinforced Body","Leap","Defragment+1","Rainbow","Coolheaded+1","Chill+1","Cold Snap","Defragment+1","PanicButton","Coolheaded+1","White Noise+1","Hologram+1","Amplify+1","Coolheaded+1","Fission+1","Capacitor+1"],"relics":["Cracked Core","OrangePellets","Dream Catcher","PreservedInsect","Old Coin","GremlinMask","Cursed Key","Symbiotic Virus","Bag of Marbles","Toxic Egg 2","Runic Pyramid","Pen Nib","Mummified Hand"],"potions_floor_usage":[7,16,25,29,33,44,50],"damage_taken":[{"damage":2,"enemies":"Small Slimes","floor":1,"turns":4},{"damage":16,"enemies":"Cultist","floor":3,"turns":5},{"damage":10,"enemies":"2 Louse","floor":5,"turns":2},{"damage":8,"enemies":"Gremlin Nob","floor":7,"turns":3},{"damage":0,"enemies":"3 Sentries","floor":10,"turns":3},{"damage":20,"enemies":"Red Slaver","floor":14,"turns":4},{"damage":10,"enemies":"Hexaghost","floor":16,"turns":8},{"damage":15,"enemies":"Shell Parasite","floor":18,"turns":5},{"damage":0,"enemies":"Spheric Guardian","floor":21,"turns":4},{"damage":13,"enemies":"Gremlin Leader","floor":23,"turns":6},{"damage":6,"enemies":"3 Cultists","floor":25,"turns":5},{"damage":0,"enemies":"Centurion and Healer","floor":27,"turns":7},{"damage":0,"enemies":"Sentry and Sphere","floor":28,"turns":5},{"damage":0,"enemies":"Snake Plant","floor":29,"turns":4},{"damage":8,"enemies":"Shelled Parasite and Fungi","floor":31,"turns":5},{"damage":0,"enemies":"Automaton","floor":33,"turns":7},{"damage":0,"enemies":"Orb Walker","floor":35,"turns":4},{"damage":0,"enemies":"3 Shapes","floor":36,"turns":4},{"damage":0,"enemies":"Transient","floor":39,"turns":6},{"damage":0,"enemies":"Nemesis","floor":42,"turns":5},{"damage":0,"enemies":"Writhing Mass","floor":44,"turns":6},{"damage":8,"enemies":"Reptomancer","floor":45,"turns":6},{"damage":0,"enemies":"Spire Growth","floor":47,"turns":5},{"damage":0,"enemies":"Transient","floor":48,"turns":6},{"damage":23,"enemies":"Time Eater","floor":50,"turns":10}],"seed_played":"6732129783198549173","potions_obtained":[{"floor":5,"key":"PowerPotion"},{"floor":10,"key":"Dexterity Potion"},{"floor":21,"key":"SneckoOil"},{"floor":27,"key":"Energy Potion"},{"floor":29,"key":"PowerPotion"},{"floor":33,"key":"SteroidPotion"},{"floor":35,"key":"Energy Potion"},{"floor":44,"key":"Ancient Potion"}],"is_trial":false,"path_per_floor":["M","?","M","$","M","R","E","R","T","E","R","?","R","M","R","B",null,"M","?","?","M","$","E","R","M","T","M","M","M","$","M","R","B",null,"M","M","$","?","M","R","$","E","T","M","E","R","M","M","R","B",null],"character_chosen":"DEFECT","items_purchased":["OrangePellets","Sunder","Cold Snap","Defragment","PanicButton","SpeedPotion","Capacitor"],"campfire_rested":2,"item_purchase_floors":[4,4,22,22,22,30,37],"current_hp_per_floor":[62,62,46,46,36,36,28,28,28,28,28,28,28,8,29,19,58,43,43,43,43,43,30,30,24,24,24,24,24,24,16,37,37,63,63,63,63,63,63,63,63,63,63,63,55,55,55,55,55,32],"gold":141,"neow_bonus":"TWO_FIFTY_GOLD","is_prod":false,"is_daily":false,"chose_seed":false,"campfire_upgraded":8,"win_rate":0,"timestamp":1550360017,"path_taken":["M","?","?","$","M","R","E","R","T","E","R","?","R","M","R","BOSS","M","?","?","?","$","E","R","M","T","M","M","M","$","M","R","BOSS","M","M","$","?","?","R","$","E","T","M","E","R","M","?","R","BOSS"],"build_version":"2019-01-23","purchased_purges":3,"victory":true,"max_hp_per_floor":[71,71,71,71,71,71,71,71,71,71,71,71,71,71,71,71,71,71,71,71,71,71,71,71,71,71,71,71,71,71,71,71,71,71,71,71,71,71,71,71,71,71,71,71,71,71,71,71,71,71],"card_choices":[{"not_picked":["Compile Driver","BootSequence"],"picked":"Defragment","floor":1},{"not_picked":["Turbo","Recycle"],"picked":"Sweeping Beam","floor":3},{"not_picked":["Leap","Consume"],"picked":"Loop","floor":5},{"not_picked":["Lockon","Double Energy","Redo"],"picked":"SKIP","floor":7},{"not_picked":["Consume","Turbo"],"picked":"Reinforced Body","floor":10},{"not_picked":["Rebound","Scrape"],"picked":"Leap","floor":14},{"not_picked":["Ball Lightning","Reboot"],"picked":"Defragment","floor":15},{"not_picked":["Buffer","Hyperbeam"],"picked":"Rainbow","floor":16},{"not_picked":["Defragment","Sweeping Beam"],"picked":"Coolheaded+1","floor":18},{"not_picked":["Turbo","Sweeping Beam"],"picked":"Chill+1","floor":21},{"not_picked":["Sunder","Undo"],"picked":"Coolheaded","floor":23},{"not_picked":["Heatsinks","Defragment","Sweeping Beam"],"picked":"SKIP","floor":25},{"not_picked":["Beam Cell","Leap+1"],"picked":"White Noise+1","floor":27},{"not_picked":["Recycle+1","Beam Cell","Go for the Eyes"],"picked":"SKIP","floor":28},{"not_picked":["Storm","Leap+1"],"picked":"Hologram+1","floor":29},{"not_picked":["Rebound","Glacier+1"],"picked":"Amplify+1","floor":31},{"not_picked":["Undo+1","Reinforced Body+1"],"picked":"Coolheaded+1","floor":32},{"not_picked":["Core Surge","Reboot+1"],"picked":"Fission+1","floor":33},{"not_picked":["Skim+1","Go for the Eyes","Melter"],"picked":"SKIP","floor":35},{"not_picked":["Go for the Eyes","Blizzard","Beam Cell"],"picked":"SKIP","floor":36},{"not_picked":["Capacitor+1","Tempest+1","Hologram+1"],"picked":"SKIP","floor":39},{"not_picked":["Conserve Battery+1","Leap+1","Steam+1"],"picked":"SKIP","floor":42},{"not_picked":["Loop","Sweeping Beam","Scrape"],"picked":"SKIP","floor":44},{"not_picked":["Loop","Sweeping Beam","Scrape"],"picked":"SKIP","floor":44},{"not_picked":["Barrage+1","Darkness+1","Fusion+1"],"picked":"SKIP","floor":45},{"not_picked":["Cold Snap","Skim+1","All For One"],"picked":"SKIP","floor":47},{"not_picked":["Redo+1","Recycle+1","Loop"],"picked":"SKIP","floor":48}],"player_experience":281545,"relics_obtained":[{"floor":7,"key":"Dream Catcher"},{"floor":9,"key":"PreservedInsect"},{"floor":10,"key":"Old Coin"},{"floor":23,"key":"Toxic Egg 2"},{"floor":42,"key":"Pen Nib"},{"floor":45,"key":"Mummified Hand"}],"event_choices":[{"damage_healed":0,"gold_gain":0,"cards_transformed":["Strike_B"],"player_choice":"Transformed","damage_taken":0,"max_hp_gain":0,"max_hp_loss":0,"event_name":"Transmorgrifier","floor":2,"gold_loss":0,"cards_obtained":["Biased Cognition"]},{"damage_healed":0,"gold_gain":0,"player_choice":"Trade","damage_taken":0,"relics_obtained":["GremlinMask"],"max_hp_gain":0,"max_hp_loss":0,"event_name":"FaceTrader","floor":12,"gold_loss":0},{"damage_healed":0,"gold_gain":0,"player_choice":"Opened","damage_taken":0,"relics_obtained":["Symbiotic Virus"],"max_hp_gain":0,"max_hp_loss":0,"event_name":"The Mausoleum","floor":19,"gold_loss":0,"cards_obtained":["Writhe"]},{"damage_healed":0,"gold_gain":0,"player_choice":"Paid Gold","damage_taken":0,"relics_obtained":["Bag of Marbles"],"max_hp_gain":0,"max_hp_loss":0,"event_name":"WeMeetAgain","floor":20,"gold_loss":131},{"damage_healed":0,"gold_gain":0,"player_choice":"Got Potions","damage_taken":0,"max_hp_gain":0,"max_hp_loss":0,"event_name":"Lab","floor":38,"gold_loss":0}],"is_beta":false,"boss_relics":[{"not_picked":["Pandora\u0027s Box","Eternal Feather"],"picked":"Cursed Key"},{"not_picked":["Empty Cage","Lizard Tail"],"picked":"Runic Pyramid"}],"items_purged_floors":[4,22,41],"is_endless":false,"potions_floor_spawned":[5,10,21,27,29,31,33,35,36,44],"ascension_level":19}