{"gold_per_floor":[145,145,98,112,112,143,143,155,181,193,193,218,19,39,39,138,138,157,157,157,157,171,200,200,229,229,261,261,271,18,37,37,135,135,146,146,146,163,179,179,89,117,117,129,142,170,190,221,233,245],"floor_reached":50,"playtime":3071,"items_purged":[],"score":850,"play_id":"854dab15-9187-4bbb-b9b5-e618d3d665eb","local_time":"20181115081218","is_ascension_mode":true,"campfire_choices":[{"floor":7,"key":"REST"},{"data":"Hologram","floor":11,"key":"SMITH"},{"data":"Zap","floor":15,"key":"SMITH"},{"data":"Electrodynamics","floor":24,"key":"SMITH"},{"data":"Hologram","floor":28,"key":"SMITH"},{"data":"Conserve Battery","floor":32,"key":"SMITH"},{"data":"Loop","floor":40,"key":"SMITH"},{"floor":49,"key":"REST"}],"neow_cost":"NONE","seed_source_timestamp":2813784654687229,"circlet_count":0,"master_deck":["Defend_B+1","Defend_B+1","Defend_B+1","Defend_B+1","Zap+1","Dualcast+1","Conserve Battery+1","Go for the Eyes","Echo Form","Hologram+1","Conserve Battery+1","Gash","Leap+1","Electrodynamics+1","Beam Cell+1","Bite","Bite","Bite+1","Bite+1","Bite","Gash+1","Hologram+1","Leap+1","Gash","Core Surge","Loop+1","Madness","Madness","Gash+1","Capacitor","Hologram+1","Parasite","White Noise+1","Scrape","Sweeping Beam+1"],"relics":["Cracked Core","Tiny Chest","FaceOfCleric","Bag of Preparation","Pen Nib","Bronze Scales","Velvet Choker","War Paint","Whetstone","Sundial","Bird Faced Urn","Ornamental Fan","Philosopher\u0027s Stone","PreservedInsect","Matryoshka","Dodecahedron","MawBank"],"potions_floor_usage":[16,16,23,23,25,45,48,48,48,50],"damage_taken":[{"damage":11,"enemies":"Small Slimes","floor":1,"turns":3},{"damage":0,"enemies":"Cultist","floor":4,"turns":3},{"damage":26,"enemies":"Lagavulin","floor":6,"turns":10},{"damage":9,"enemies":"Jaw Worm","floor":8,"turns":4},{"damage":0,"enemies":"3 Louse","floor":10,"turns":3},{"damage":18,"enemies":"3 Sentries","floor":12,"turns":12},{"damage":0,"enemies":"Large Slime","floor":14,"turns":6},{"damage":33,"enemies":"The Guardian","floor":16,"turns":12},{"damage":2,"enemies":"3 Byrds","floor":18,"turns":3},{"damage":1,"enemies":"Spheric Guardian","floor":22,"turns":4},{"damage":24,"enemies":"Gremlin Leader","floor":23,"turns":5},{"damage":5,"enemies":"Book of Stabbing","floor":25,"turns":4},{"damage":9,"enemies":"Gremlin Leader","floor":27,"turns":5},{"damage":0,"enemies":"3 Cultists","floor":29,"turns":2},{"damage":14,"enemies":"Snake Plant","floor":31,"turns":3},{"damage":33,"enemies":"Champ","floor":33,"turns":12},{"damage":17,"enemies":"3 Darklings","floor":35,"turns":3},{"damage":0,"enemies":"3 Shapes","floor":38,"turns":5},{"damage":14,"enemies":"Jaw Worm Horde","floor":39,"turns":3},{"damage":65,"enemies":"Nemesis","floor":42,"turns":9},{"damage":2,"enemies":"Sphere and 2 Shapes","floor":44,"turns":4},{"damage":17,"enemies":"Writhing Mass","floor":45,"turns":5},{"damage":27,"enemies":"Giant Head","floor":46,"turns":7},{"damage":0,"enemies":"Maw","floor":47,"turns":7},{"damage":30,"enemies":"Reptomancer","floor":48,"turns":5},{"damage":91,"enemies":"Time Eater","floor":50,"turns":11}],"seed_played":"-9162289764941775364","potions_obtained":[{"floor":6,"key":"Block Potion"},{"floor":14,"key":"SteroidPotion"},{"floor":16,"key":"Block Potion"},{"floor":18,"key":"Swift Potion"},{"floor":23,"key":"FocusPotion"},{"floor":29,"key":"LiquidBronze"},{"floor":39,"key":"EssenceOfSteel"},{"floor":42,"key":"AttackPotion"},{"floor":47,"key":"GamblersBrew"},{"floor":48,"key":"SteroidPotion"}],"is_trial":false,"path_per_floor":["M","?","$","M","?","E","R","M","T","M","R","E","$","M","R","B",null,"M","?","?","?","M","E","R","E","T","E","R","M","$","M","R","B",null,"M","?","$","M","M","R","?","E","T","M","M","E","M","E","R","B"],"character_chosen":"DEFECT","items_purchased":["Go for the Eyes","Gash","Bronze Scales","Ornamental Fan"],"campfire_rested":2,"item_purchase_floors":[3,13,13,30],"current_hp_per_floor":[64,64,64,65,50,25,48,42,42,45,45,30,30,33,33,3,62,63,63,47,47,57,40,40,42,42,45,45,55,55,50,50,54,85,82,70,70,84,75,75,75,34,34,42,38,34,53,40,71,0],"gold":245,"neow_bonus":"RANDOM_COMMON_RELIC","is_prod":false,"is_daily":false,"chose_seed":false,"campfire_upgraded":6,"win_rate":0,"timestamp":1542222738,"path_taken":["M","?","?","?","?","E","R","M","T","M","R","E","?","M","R","BOSS","M","?","?","?","M","E","R","E","T","E","R","M","$","M","R","BOSS","M","?","$","M","M","R","?","E","T","M","?","E","M","E","R","BOSS"],"build_version":"2018-11-08","purchased_purges":0,"victory":false,"max_hp_per_floor":[75,75,75,76,76,77,77,78,78,79,79,80,80,81,81,82,82,83,83,88,88,89,90,90,91,91,92,92,93,93,94,94,95,95,96,96,96,97,98,98,98,99,99,100,101,102,103,104,104,104],"card_choices":[{"not_picked":["Redo","Steam"],"picked":"Conserve Battery","floor":1},{"not_picked":["Turbo","Compile Driver"],"picked":"Go for the Eyes","floor":4},{"not_picked":["Stack","Coolheaded"],"picked":"Echo Form","floor":6},{"not_picked":["Go for the Eyes","Aggregate"],"picked":"Hologram","floor":8},{"not_picked":["Recycle","Leap"],"picked":"Conserve Battery","floor":10},{"not_picked":["Go for the Eyes","Compile Driver","Hologram"],"picked":"SKIP","floor":12},{"not_picked":["Hello World","Steam"],"picked":"Leap","floor":14},{"not_picked":["Creative AI","Seek"],"picked":"Electrodynamics","floor":16},{"not_picked":["Conserve Battery+1","Melter"],"picked":"Beam Cell+1","floor":18},{"not_picked":["Undo","Double Energy"],"picked":"Gash","floor":22},{"not_picked":["Double Energy","Redo+1"],"picked":"Hologram","floor":23},{"not_picked":["Chill+1","Glacier+1"],"picked":"Leap+1","floor":25},{"not_picked":["Sunder+1","Sweeping Beam","Reprogram"],"picked":"SKIP","floor":27},{"not_picked":["Lockon","Turbo"],"picked":"Gash","floor":29},{"not_picked":["Steam+1","Conserve Battery","Redo"],"picked":"SKIP","floor":31},{"not_picked":["Machine Learning","Rainbow"],"picked":"Core Surge","floor":33},{"not_picked":["Steam+1","Beam Cell"],"picked":"Loop","floor":35},{"not_picked":["Genetic Algorithm","Consume+1","Turbo"],"picked":"SKIP","floor":38},{"not_picked":["Hologram+1","Go for the Eyes+1"],"picked":"Gash+1","floor":39},{"not_picked":["Stack+1","Fission"],"picked":"Capacitor","floor":42},{"not_picked":["Auto Shields","Capacitor+1"],"picked":"Hologram+1","floor":44},{"not_picked":["Aggregate+1","Hologram"],"picked":"White Noise+1","floor":45},{"not_picked":["Gash","Consume"],"picked":"Scrape","floor":46},{"not_picked":["Leap+1","Stack"],"picked":"Sweeping Beam+1","floor":47},{"not_picked":["Static Discharge+1","Barrage","Rebound"],"picked":"SKIP","floor":48}],"player_experience":356779,"relics_obtained":[{"floor":6,"key":"Blood Vial"},{"floor":9,"key":"Bag of Preparation"},{"floor":12,"key":"Pen Nib"},{"floor":23,"key":"War Paint"},{"floor":25,"key":"Whetstone"},{"floor":26,"key":"Sundial"},{"floor":27,"key":"Bird Faced Urn"},{"floor":42,"key":"PreservedInsect"},{"floor":43,"key":"Matryoshka"},{"floor":46,"key":"Dodecahedron"},{"floor":48,"key":"MawBank"}],"event_choices":[{"damage_healed":0,"gold_gain":0,"player_choice":"Trade","damage_taken":0,"relics_obtained":["FaceOfCleric"],"max_hp_gain":0,"max_hp_loss":0,"event_name":"FaceTrader","floor":2,"gold_loss":0},{"damage_healed":0,"gold_gain":0,"player_choice":"Entered Light","damage_taken":15,"max_hp_gain":0,"max_hp_loss":0,"event_name":"Shining Light","floor":5,"gold_loss":0,"cards_upgraded":["Dualcast","Defend_B"]},{"damage_healed":0,"gold_gain":0,"player_choice":"Simplicity","damage_taken":0,"max_hp_gain":0,"max_hp_loss":0,"event_name":"Back to Basics","floor":19,"gold_loss":0,"cards_upgraded":["Strike_B","Strike_B","Strike_B","Strike_B","Defend_B","Defend_B","Defend_B"]},{"damage_healed":0,"gold_gain":0,"player_choice":"Shed Blood","damage_taken":21,"max_hp_gain":5,"max_hp_loss":0,"event_name":"Forgotten Altar","floor":20,"gold_loss":0},{"damage_healed":0,"gold_gain":0,"player_choice":"Became a vampire (Vial)","damage_taken":0,"max_hp_gain":0,"max_hp_loss":0,"event_name":"Vampires","floor":21,"relics_lost":["Blood Vial"],"gold_loss":0,"cards_obtained":["Bite","Bite","Bite","Bite","Bite"]},{"damage_healed":0,"gold_gain":0,"player_choice":"Embrace Madness","damage_taken":12,"max_hp_gain":0,"max_hp_loss":0,"event_name":"Winding Halls","floor":36,"gold_loss":0,"cards_obtained":["Madness","Madness"]},{"cards_removed":["Go for the Eyes"],"damage_healed":0,"gold_gain":0,"player_choice":"Upgrade and Remove","damage_taken":0,"max_hp_gain":0,"max_hp_loss":0,"event_name":"Designer","floor":41,"gold_loss":90,"cards_upgraded":["Bite"]}],"is_beta":false,"boss_relics":[{"not_picked":["Empty Cage","Orrery"],"picked":"Velvet Choker"},{"not_picked":["Astrolabe","Runic Dome"],"picked":"Philosopher\u0027s Stone"}],"items_purged_floors":[],"is_endless":false,"potions_floor_spawned":[6,14,16,18,23,29,39,42,47,48],"killed_by":"Time Eater","ascension_level":5}