{"gold_per_floor":[114,114,189,154,166,166,201,201,201,229,229,249,424,52,52,157,157,168,179,193,193,208,238,238,266,266,266,216,216],"floor_reached":29,"playtime":1039,"items_purged":["Doubt"],"score":321,"play_id":"29fc703c-31a7-49e8-b3b7-941f2be2b902","local_time":"20190227054405","is_ascension_mode":true,"campfire_choices":[{"data":"Iron Wave","floor":6,"key":"SMITH"},{"data":"Fire Breathing","floor":8,"key":"SMITH"},{"data":"1","floor":11,"key":"LIFT"},{"data":"2","floor":15,"key":"LIFT"},{"data":"Seeing Red","floor":24,"key":"SMITH"}],"neow_cost":"NONE","seed_source_timestamp":1122710930133853,"circlet_count":0,"master_deck":["Defend_R","Defend_R","Defend_R","Defend_R","Bash","Brutality","Iron Wave+1","Sword Boomerang","Fire Breathing+1","Metallicize","Pummel","Uppercut","Thunderclap","Dramatic Entrance","Bloodletting","Barricade","Flame Barrier","Burning Pact","Feel No Pain","Seeing Red+1","Body Slam","True Grit","Havoc+1","Bite","Bite","Bite","Bite","Bite"],"relics":["Burning Blood","Juzu Bracelet","Pantograph","Girya","Paper Frog","Busted Crown","WingedGreaves","Bag of Preparation","Magic Flower"],"potions_floor_usage":[25,29,29],"damage_taken":[{"damage":11,"enemies":"Jaw Worm","floor":1,"turns":5},{"damage":1,"enemies":"2 Louse","floor":5,"turns":3},{"damage":50,"enemies":"3 Sentries","floor":7,"turns":12},{"damage":19,"enemies":"Gremlin Nob","floor":10,"turns":4},{"damage":0,"enemies":"Small Slimes","floor":12,"turns":2},{"damage":42,"enemies":"The Guardian","floor":16,"turns":11},{"damage":6,"enemies":"2 Thieves","floor":18,"turns":2},{"damage":0,"enemies":"Chosen","floor":19,"turns":3},{"damage":10,"enemies":"Snecko","floor":20,"turns":5},{"damage":9,"enemies":"Centurion and Healer","floor":22,"turns":7},{"damage":46,"enemies":"Slavers","floor":23,"turns":6},{"damage":31,"enemies":"Book of Stabbing","floor":25,"turns":5},{"damage":12,"enemies":"Snake Plant","floor":29,"turns":2}],"seed_played":"8477194502553473854","potions_obtained":[{"floor":7,"key":"EssenceOfSteel"},{"floor":10,"key":"PowerPotion"},{"floor":16,"key":"AttackPotion"}],"is_trial":false,"path_per_floor":["M","?","?","?","M","R","E","R","T","E","R","M","?","$","R","B",null,"M","M","M","?","M","E","R","E","T","?","?","M"],"character_chosen":"IRONCLAD","items_purchased":["Uppercut","Thunderclap","Dramatic Entrance","Bloodletting"],"campfire_rested":0,"item_purchase_floors":[14,14,14,14],"current_hp_per_floor":[75,72,61,80,80,80,36,36,36,23,23,29,29,29,29,18,80,80,80,76,76,73,33,33,8,8,8,8,0],"gold":216,"neow_bonus":"ONE_RANDOM_RARE_CARD","is_prod":false,"is_daily":false,"chose_seed":false,"campfire_upgraded":3,"win_rate":0,"timestamp":1551213845,"path_taken":["M","?","?","?","M","R","E","R","T","E","R","M","?","$","R","BOSS","M","M","M","?","M","E","R","E","T","?","?","M"],"build_version":"2019-01-23","purchased_purges":1,"victory":false,"max_hp_per_floor":[80,80,80,80,80,80,80,80,80,80,80,80,80,80,80,80,80,80,80,80,80,80,80,80,80,80,56,56,56],"card_choices":[{"not_picked":["Body Slam","Anger"],"picked":"Iron Wave","floor":1},{"not_picked":["Flex","Clash"],"picked":"Sword Boomerang","floor":5},{"not_picked":["Intimidate","Flex"],"picked":"Fire Breathing","floor":7},{"not_picked":["Searing Blow","Flex"],"picked":"Metallicize","floor":10},{"not_picked":["Headbutt","Entrench"],"picked":"Pummel","floor":12},{"not_picked":["Exhume","Limit Break"],"picked":"Barricade","floor":16},{"not_picked":[],"picked":"Flame Barrier","floor":18},{"not_picked":[],"picked":"Burning Pact","floor":19},{"not_picked":[],"picked":"Feel No Pain","floor":20},{"not_picked":[],"picked":"Body Slam","floor":22},{"not_picked":[],"picked":"True Grit","floor":23},{"not_picked":[],"picked":"Havoc+1","floor":25}],"player_experience":153172,"relics_obtained":[{"floor":7,"key":"Pantograph"},{"floor":9,"key":"Girya"},{"floor":10,"key":"Paper Frog"},{"floor":23,"key":"WingedGreaves"},{"floor":25,"key":"Bag of Preparation"},{"floor":26,"key":"Magic Flower"}],"event_choices":[{"damage_healed":0,"gold_gain":0,"player_choice":"Success","damage_taken":3,"relics_obtained":["Juzu Bracelet"],"max_hp_gain":0,"max_hp_loss":0,"event_name":"Scrap Ooze","floor":2,"gold_loss":0},{"damage_healed":0,"gold_gain":75,"player_choice":"Gather Gold","damage_taken":11,"max_hp_gain":0,"max_hp_loss":0,"event_name":"World of Goop","floor":3,"gold_loss":0},{"damage_healed":20,"gold_gain":0,"player_choice":"Healed","damage_taken":0,"max_hp_gain":0,"max_hp_loss":0,"event_name":"The Cleric","floor":4,"gold_loss":35},{"damage_healed":0,"gold_gain":175,"player_choice":"AGREE","damage_taken":0,"max_hp_gain":0,"max_hp_loss":0,"event_name":"Liars Game","floor":13,"gold_loss":0,"cards_obtained":["Doubt"]},{"damage_healed":0,"gold_gain":0,"player_choice":"Read","damage_taken":0,"max_hp_gain":0,"max_hp_loss":0,"event_name":"The Library","floor":21,"gold_loss":0,"cards_obtained":["Seeing Red"]},{"damage_healed":0,"gold_gain":0,"player_choice":"Became a vampire","damage_taken":0,"max_hp_gain":0,"max_hp_loss":24,"event_name":"Vampires","floor":27,"gold_loss":0,"cards_obtained":["Bite","Bite","Bite","Bite","Bite"]},{"damage_healed":0,"gold_gain":0,"player_choice":"Bet on Murderer","damage_taken":0,"max_hp_gain":0,"max_hp_loss":0,"event_name":"The Joust","floor":28,"gold_loss":50}],"is_beta":false,"boss_relics":[{"not_picked":["Ectoplasm","Empty Cage"],"picked":"Busted Crown"}],"items_purged_floors":[14],"is_endless":false,"potions_floor_spawned":[7,10,16,18,20],"killed_by":"Snake Plant","ascension_level":2}