{"gold_per_floor":[114,129,145,159,13,28,28,42,42,57,232,232,246,263,263,263],"floor_reached":16,"playtime":1838,"items_purged":[],"score":98,"play_id":"85d899fe-439d-4476-9c0c-3ecab35e380c","local_time":"20180629014254","is_ascension_mode":false,"campfire_choices":[{"data":"Neutralize","floor":7,"key":"SMITH"},{"floor":12,"key":"REST"},{"floor":15,"key":"REST"}],"neow_cost":"","seed_source_timestamp":0,"circlet_count":0,"master_deck":["Defend_G","Defend_G","Defend_G","Defend_G","Defend_G","Strike_G","Strike_G","Strike_G","Strike_G","Survivor","Neutralize+1","Reflex","Acrobatics","Endless Agony","Backflip","Night Terror","Endless Agony","Doubt","Deadly Poison","Tactician"],"special_seed":0,"relics":["Ring of the Snake","Snake Skull","Bottled Lightning"],"potions_floor_usage":[4,16,16,16],"damage_taken":[{"damage":1,"enemies":"Cultist","floor":1,"turns":4},{"damage":3,"enemies":"Jaw Worm","floor":2,"turns":6},{"damage":0,"enemies":"Small Slimes","floor":3,"turns":4},{"damage":9,"enemies":"3 Louse","floor":4,"turns":3},{"damage":4,"enemies":"Blue Slaver","floor":6,"turns":6},{"damage":4,"enemies":"Exordium Thugs","floor":8,"turns":8},{"damage":27,"enemies":"Exordium Wildlife","floor":10,"turns":8},{"damage":17,"enemies":"Red Slaver","floor":13,"turns":5},{"damage":0,"enemies":"Blue Slaver","floor":14,"turns":6},{"damage":48,"enemies":"Slime Boss","floor":16,"turns":9}],"seed_played":"574788357903295618","potions_obtained":[{"floor":2,"key":"Block Potion"},{"floor":6,"key":"Strength Potion"},{"floor":8,"key":"Strength Potion"},{"floor":13,"key":"Energy Potion"}],"is_trial":false,"path_per_floor":["M","M","M","M","$","M","R","M","T","M","?","R","M","M","R"],"character_chosen":"THE_SILENT","items_purchased":["Snake Skull"],"campfire_rested":2,"item_purchase_floors":[5],"current_hp_per_floor":[69,66,66,57,57,53,53,49,49,22,22,43,26,26,47,0],"gold":263,"neow_bonus":"","is_prod":false,"is_daily":false,"chose_seed":false,"campfire_upgraded":1,"win_rate":0.0,"timestamp":1530250974,"path_taken":["M","M","M","M","$","M","R","M","T","M","?","R","M","M","R","BOSS"],"build_version":"2018-06-28","purchased_purges":0,"victory":false,"max_hp_per_floor":[70,70,70,70,70,70,70,70,70,70,70,70,70,70,70,70],"card_choices":[{"not_picked":["PiercingWail","Caltrops"],"picked":"Acrobatics","floor":1},{"not_picked":["Slice","Infinite Blades"],"picked":"Endless Agony","floor":2},{"not_picked":["Acrobatics","Caltrops","Deflect"],"picked":"SKIP","floor":3},{"not_picked":["PiercingWail","Sucker Punch"],"picked":"Backflip","floor":4},{"not_picked":["Sucker Punch","Masterful Stab","Blade Dance"],"picked":"SKIP","floor":6},{"not_picked":["PiercingWail","Dodge and Roll"],"picked":"Night Terror","floor":8},{"not_picked":["Backflip","Prepared"],"picked":"Endless Agony","floor":10},{"not_picked":["Dagger Throw","PiercingWail"],"picked":"Deadly Poison","floor":13},{"not_picked":["Terror","Leg Sweep"],"picked":"Tactician","floor":14}],"player_experience":65208,"relics_obtained":[{"floor":9,"key":"Bottled Lightning"}],"event_choices":[{"event_name":"Liars Game","player_choice":"agreed","floor":11,"damage_taken":0}],"boss_relics":[],"items_purged_floors":[],"is_endless":false,"potions_floor_spawned":[2,6,8,13],"killed_by":"Slime Boss","ascension_level":0}