{"gold_per_floor":[109,119,135,135,210,210,225,260,260,273,273,298,317,334,334,408,408,422,422,439,439,458,458,468,479,503,521,521,435,435,454,454,454],"floor_reached":33,"playtime":2638,"items_purged":[],"score":526,"play_id":"95113856-5d63-45a5-bfd5-f91613dd826c","local_time":"20190301021736","is_ascension_mode":true,"campfire_choices":[{"data":"Neutralize","floor":6,"key":"SMITH"},{"floor":11,"key":"REST"},{"floor":15,"key":"REST"},{"data":"Crippling Poison","floor":23,"key":"SMITH"},{"data":"Leg Sweep","floor":28,"key":"SMITH"},{"data":"Leg Sweep","floor":30,"key":"SMITH"},{"floor":32,"key":"REST"}],"neow_cost":"NONE","seed_source_timestamp":48578443930679,"circlet_count":0,"master_deck":["AscendersBane","Defend_G","Defend_G","Defend_G","Defend_G","Defend_G","Strike_G","Strike_G","Strike_G","Strike_G","Survivor","Neutralize+1","Dash","Blur","Leg Sweep+1","Dash","Dagger Throw","PiercingWail","Blur","PiercingWail","Backstab","Bullet Time","Crippling Poison+1","Flying Knee","PiercingWail","Leg Sweep+1","Predator"],"relics":["Ring of the Snake","NeowsBlessing","Pantograph","Unceasing Top","Nunchaku","Snecko Eye","Happy Flower","Calipers"],"potions_floor_usage":[8,12,12,20,22,31],"damage_taken":[{"damage":0,"enemies":"Cultist","floor":1,"turns":1},{"damage":0,"enemies":"Small Slimes","floor":2,"turns":1},{"damage":0,"enemies":"2 Louse","floor":3,"turns":1},{"damage":5,"enemies":"Lots of Slimes","floor":7,"turns":8},{"damage":48,"enemies":"Gremlin Nob","floor":8,"turns":5},{"damage":0,"enemies":"Looter","floor":10,"turns":5},{"damage":17,"enemies":"3 Sentries","floor":12,"turns":11},{"damage":0,"enemies":"Gremlin Gang","floor":13,"turns":9},{"damage":0,"enemies":"Blue Slaver","floor":14,"turns":5},{"damage":20,"enemies":"The Guardian","floor":16,"turns":32},{"damage":0,"enemies":"Shell Parasite","floor":18,"turns":6},{"damage":23,"enemies":"Chosen","floor":20,"turns":11},{"damage":0,"enemies":"Snake Plant","floor":22,"turns":9},{"damage":0,"enemies":"Centurion and Healer","floor":24,"turns":10},{"damage":5,"enemies":"Shelled Parasite and Fungi","floor":25,"turns":9},{"damage":11,"enemies":"3 Cultists","floor":27,"turns":6},{"damage":3,"enemies":"Snake Plant","floor":31,"turns":7},{"damage":0,"enemies":"Champ","floor":33,"turns":29}],"seed_played":"-4485471807032026304","potions_obtained":[{"floor":1,"key":"FearPotion"},{"floor":7,"key":"FairyPotion"},{"floor":8,"key":"Poison Potion"},{"floor":12,"key":"Fruit Juice"},{"floor":16,"key":"GamblersBrew"},{"floor":18,"key":"EssenceOfSteel"},{"floor":20,"key":"FearPotion"},{"floor":22,"key":"GhostInAJar"},{"floor":31,"key":"Fruit Juice"}],"is_trial":false,"path_per_floor":["M","M","M","$","?","R","M","E","T","M","R","E","M","M","R","B",null,"M","?","M","?","M","R","M","M","T","M","R","?","R","M","R","B"],"character_chosen":"THE_SILENT","items_purchased":[],"campfire_rested":3,"item_purchase_floors":[],"current_hp_per_floor":[59,59,59,59,48,48,43,6,6,6,25,13,13,13,34,39,63,63,63,40,40,40,40,40,35,35,24,24,24,24,26,48,73],"gold":454,"neow_bonus":"THREE_ENEMY_KILL","is_prod":false,"is_daily":false,"chose_seed":false,"campfire_upgraded":4,"win_rate":0,"timestamp":1551359856,"path_taken":["M","M","?","$","?","R","M","E","T","M","R","E","M","M","R","BOSS","M","?","M","?","?","R","M","M","T","M","R","?","R","M","R","BOSS"],"build_version":"2019-01-23","purchased_purges":0,"victory":false,"max_hp_per_floor":[66,66,66,66,66,66,66,66,66,66,66,71,71,71,71,71,71,71,71,71,71,71,71,71,71,71,71,71,71,71,76,76,76],"card_choices":[{"not_picked":["Terror","Poisoned Stab"],"picked":"Dash","floor":1},{"not_picked":["Reflex","Acrobatics"],"picked":"Blur","floor":2},{"not_picked":["Underhanded Strike","Bane"],"picked":"Leg Sweep","floor":3},{"not_picked":["Escape Plan","Finisher"],"picked":"Dash","floor":7},{"not_picked":["Slice","Outmaneuver"],"picked":"Dagger Throw","floor":8},{"not_picked":["Catalyst","Doppelganger"],"picked":"PiercingWail","floor":10},{"not_picked":["Finisher","Grand Finale"],"picked":"Blur","floor":12},{"not_picked":["Dagger Throw","Dodge and Roll"],"picked":"PiercingWail","floor":13},{"not_picked":["Predator","Catalyst"],"picked":"Backstab","floor":14},{"not_picked":["Grand Finale","Unload"],"picked":"Bullet Time","floor":16},{"not_picked":["Dodge and Roll","Underhanded Strike","Cloak And Dagger"],"picked":"SKIP","floor":18},{"not_picked":["Cloak And Dagger","Underhanded Strike","Reflex"],"picked":"SKIP","floor":20},{"not_picked":["Escape Plan","Bane"],"picked":"Flying Knee","floor":22},{"not_picked":["Expertise","Quick Slash"],"picked":"PiercingWail","floor":24},{"not_picked":["Bane","Outmaneuver"],"picked":"Leg Sweep","floor":25},{"not_picked":["Prepared","Outmaneuver","Distraction"],"picked":"SKIP","floor":27},{"not_picked":["Prepared","Outmaneuver","Distraction"],"picked":"SKIP","floor":27},{"not_picked":["Dodge and Roll","A Thousand Cuts"],"picked":"Predator","floor":31}],"player_experience":504041,"relics_obtained":[{"floor":8,"key":"Pantograph"},{"floor":9,"key":"Unceasing Top"},{"floor":12,"key":"Nunchaku"},{"floor":26,"key":"Happy Flower"}],"event_choices":[{"damage_healed":0,"gold_gain":75,"player_choice":"Gather Gold","damage_taken":11,"max_hp_gain":0,"max_hp_loss":0,"event_name":"World of Goop","floor":5,"gold_loss":0},{"damage_healed":0,"gold_gain":0,"player_choice":"Read","damage_taken":0,"max_hp_gain":0,"max_hp_loss":0,"event_name":"The Library","floor":19,"gold_loss":0,"cards_obtained":["Crippling Poison"]},{"cards_removed":["Strike_G"],"damage_healed":0,"gold_gain":0,"player_choice":"Card Removal","damage_taken":0,"max_hp_gain":0,"max_hp_loss":0,"event_name":"Wheel of Change","floor":21,"gold_loss":0},{"damage_healed":0,"gold_gain":0,"player_choice":"Paid Gold","damage_taken":0,"relics_obtained":["Calipers"],"max_hp_gain":0,"max_hp_loss":0,"event_name":"WeMeetAgain","floor":29,"gold_loss":86}],"is_beta":false,"boss_relics":[{"not_picked":["Astrolabe","Empty Cage"],"picked":"Snecko Eye"}],"items_purged_floors":[],"is_endless":false,"potions_floor_spawned":[1,7,8,12,16,18,20,22,31],"killed_by":"Champ","ascension_level":20}