{"gold_per_floor":[116,135,210,228,240,240,254,254,299,330,330,345,401,18,18,123,123,135,123,142,142,19,32,32,48,48,48,48,67,67,93,93,93],"floor_reached":33,"playtime":3298,"items_purged":["Defend_G"],"score":282,"play_id":"9e5eac81-cc62-431e-8860-aed50a93cd47","local_time":"20180924002743","is_ascension_mode":true,"campfire_choices":[{"data":"Cloak And Dagger","floor":6.0,"key":"SMITH"},{"data":"Neutralize","floor":8.0,"key":"SMITH"},{"data":"Distraction","floor":11.0,"key":"SMITH"},{"floor":15.0,"key":"REST"},{"floor":24,"key":"REST"},{"data":"Sucker Punch","floor":28,"key":"SMITH"},{"data":"Footwork","floor":30,"key":"SMITH"},{"floor":32,"key":"REST"}],"neow_cost":"","seed_source_timestamp":0,"circlet_count":0,"master_deck":["Defend_G","Defend_G","Defend_G","Defend_G","Strike_G","Strike_G","Strike_G","Strike_G","Strike_G","Survivor","Neutralize+1","Cloak And Dagger+1","Predator","Outmaneuver","Slice","Distraction+1","Heel Hook","Sucker Punch+1","A Thousand Cuts","Dagger Throw","Skewer","Dash","Slice+1","Backflip+1","Necronomicurse","Choke","Setup","Footwork+1","Sucker Punch","Backstab"],"special_seed":0,"relics":["Ring of the Snake","Art of War","Matryoshka","ClockworkSouvenir","Orrery","Necronomicon","Bag of Preparation","Bottled Lightning","Mummified Hand"],"potions_floor_usage":[18,18,19,20,23,31],"damage_taken":[{"damage":0.0,"enemies":"2 Louse","floor":1.0,"turns":3.0},{"damage":5.0,"enemies":"Jaw Worm","floor":2.0,"turns":5.0},{"damage":0.0,"enemies":"Small Slimes","floor":4.0,"turns":4.0},{"damage":2.0,"enemies":"3 Louse","floor":5.0,"turns":4.0},{"damage":5.0,"enemies":"Gremlin Gang","floor":7.0,"turns":6.0},{"damage":19.0,"enemies":"Lagavulin","floor":10.0,"turns":10.0},{"damage":0.0,"enemies":"Large Slime","floor":12.0,"turns":5.0},{"damage":28.0,"enemies":"The Guardian","floor":16.0,"turns":17.0},{"damage":7,"enemies":"3 Byrds","floor":18,"turns":7},{"damage":16,"enemies":"2 Thieves","floor":19,"turns":4},{"damage":7,"enemies":"Centurion and Healer","floor":20,"turns":6},{"damage":11,"enemies":"Shelled Parasite and Fungi","floor":23,"turns":5},{"damage":6,"enemies":"Chosen and Byrds","floor":25,"turns":4},{"damage":8,"enemies":"Snake Plant","floor":29,"turns":5},{"damage":18,"enemies":"Book of Stabbing","floor":31,"turns":6},{"damage":56,"enemies":"Automaton","floor":33,"turns":6}],"seed_played":"2848184771777016662","potions_obtained":[{"floor":1.0,"key":"SkillPotion"},{"floor":10.0,"key":"Poison Potion"},{"floor":16.0,"key":"AttackPotion"},{"floor":19,"key":"Swift Potion"},{"floor":23,"key":"Ancient Potion"},{"floor":25,"key":"SteroidPotion"}],"is_trial":false,"path_per_floor":["M","M","?","M","M","R","M","R","T","E","R","M","?","$","R","B",null,"M","M","M","?","$","M","R","M","T","?","R","M","R","E","R"],"character_chosen":"THE_SILENT","items_purchased":["ClockworkSouvenir","Sucker Punch","SpeedPotion","Choke","SpeedPotion"],"campfire_rested":3,"item_purchase_floors":[14,14,14,22,22],"current_hp_per_floor":[70,65,54,54,52,52,47,47,47,28,28,28,28,28,49,21,70,63,47,40,24,24,13,34,28,28,51,51,43,43,25,46,0],"gold":93,"neow_bonus":"","is_prod":false,"is_daily":false,"chose_seed":false,"campfire_upgraded":5,"win_rate":0,"timestamp":1537763263,"path_taken":["M","M","?","M","M","R","M","R","T","E","R","M","?","$","R","BOSS","M","M","?","?","$","M","R","M","T","?","R","M","R","E","R","BOSS"],"build_version":"2018-09-20","purchased_purges":1,"victory":false,"max_hp_per_floor":[70,70,70,70,70,70,70,70,70,70,70,70,70,70,70,70,70,70,70,70,70,70,70,70,70,70,70,70,70,70,70,70,70],"card_choices":[{"not_picked":["Endless Agony","Blade Dance"],"picked":"Cloak And Dagger","floor":1.0},{"not_picked":["Catalyst","Deflect","Underhanded Strike"],"picked":"SKIP","floor":2.0},{"not_picked":["Bane","Escape Plan"],"picked":"Predator","floor":4.0},{"not_picked":["Quick Slash","PiercingWail"],"picked":"Outmaneuver","floor":5.0},{"not_picked":["Tools of the Trade","Well Laid Plans"],"picked":"Slice","floor":7.0},{"not_picked":["Deadly Poison","Blur"],"picked":"Distraction","floor":10.0},{"not_picked":["Acrobatics","Predator"],"picked":"Heel Hook","floor":12.0},{"not_picked":["Tools of the Trade","Wraith Form v2"],"picked":"A Thousand Cuts","floor":16.0},{"not_picked":["Distraction","Leg Sweep"],"picked":"Dagger Throw","floor":17},{"not_picked":["Prepared","Dagger Spray"],"picked":"Skewer","floor":17},{"not_picked":["Slice","Outmaneuver"],"picked":"Dash","floor":17},{"not_picked":["Accuracy","PiercingWail+1"],"picked":"Slice+1","floor":18},{"not_picked":["Blade Dance","Accuracy","Underhanded Strike+1"],"picked":"SKIP","floor":19},{"not_picked":["Outmaneuver","Skewer"],"picked":"Backflip+1","floor":20},{"not_picked":["Riddle With Holes","Phantasmal Killer"],"picked":"Setup","floor":23},{"not_picked":["Quick Slash","Deflect+1"],"picked":"Footwork","floor":25},{"not_picked":["Dagger Spray","Acrobatics"],"picked":"Sucker Punch","floor":29},{"not_picked":["Flying Knee","Dagger Spray"],"picked":"Backstab","floor":31}],"player_experience":631782,"relics_obtained":[{"floor":9.0,"key":"Art of War"},{"floor":10.0,"key":"Matryoshka"},{"floor":21,"key":"Necronomicon"},{"floor":26,"key":"Bag of Preparation"},{"floor":26,"key":"Bottled Lightning"},{"floor":31,"key":"Mummified Hand"}],"event_choices":[{"event_name":"World of Goop","player_choice":"Gather Gold","floor":3.0,"damage_taken":0.0},{"event_name":"Golden Wing","player_choice":"Gained Gold","floor":13.0,"damage_taken":0.0},{"event_name":"Cursed Tome","player_choice":"Obtained Book","floor":21,"damage_taken":0},{"event_name":"The Library","player_choice":"Heal","floor":27,"damage_taken":0}],"is_beta":false,"boss_relics":[{"not_picked":["Runic Dome","Runic Pyramid"],"picked":"Orrery"}],"items_purged_floors":[14],"is_endless":false,"potions_floor_spawned":[1,10,16,19,23,25],"killed_by":"Automaton","ascension_level":1}