{"gold_per_floor":[362,28,28,48,67,67,102,102,129,50,50,80,97,130,130,201,201,215,114,129,142,160,160,214,241,303,335,347,89,119,119,119,198,198,209,222,239,17,17,17,42,55,55,55,0,24,59,7,7,7,7],"floor_reached":51,"playtime":3471,"items_purged":["Strike_R","Strike_R","Strike_R"],"score":1497,"play_id":"70a8cbe2-94a7-4920-90e6-7c75c3e45166","local_time":"20190220230048","is_ascension_mode":true,"campfire_choices":[{"data":"Bash","floor":6.0,"key":"SMITH"},{"data":"Combust","floor":8.0,"key":"SMITH"},{"data":"Uppercut","floor":15.0,"key":"SMITH"},{"data":"Disarm","floor":23.0,"key":"SMITH"},{"data":"Heavy Blade","floor":28.0,"key":"SMITH"},{"floor":32.0,"key":"REST"},{"data":"Limit Break","floor":40.0,"key":"SMITH"},{"data":"Spot Weakness","floor":44,"key":"SMITH"},{"floor":49,"key":"REST"}],"neow_cost":"TEN_PERCENT_HP_LOSS","seed_source_timestamp":0,"circlet_count":0,"master_deck":["AscendersBane","Strike_R","Strike_R","Defend_R","Defend_R","Defend_R","Defend_R","Bash+1","Combust+1","Iron Wave","Spot Weakness+1","Shockwave","Uppercut+1","Iron Wave","Inflame","Disarm+1","Shrug It Off","Heavy Blade+1","Metallicize","Disarm","Offering","Metallicize","Uppercut+1","Limit Break+1","Disarm","Rupture+1","Impervious","Whirlwind","True Grit","Headbutt","Shrug It Off"],"special_seed":0,"relics":["Burning Blood","Pocketwatch","Smiling Mask","Bag of Preparation","Red Skull","Omamori","Blue Candle","Velvet Choker","Regal Pillow","MawBank","Ancient Tea Set","DollysMirror","Pen Nib","Cursed Key","Bottled Tornado","Juzu Bracelet","Calipers"],"potions_floor_usage":[50,51],"damage_taken":[{"damage":3.0,"enemies":"2 Louse","floor":1.0,"turns":4.0},{"damage":4.0,"enemies":"Jaw Worm","floor":4.0,"turns":6.0},{"damage":3.0,"enemies":"Cultist","floor":5.0,"turns":3.0},{"damage":30.0,"enemies":"3 Sentries","floor":7.0,"turns":7.0},{"damage":15.0,"enemies":"Lagavulin","floor":12.0,"turns":6.0},{"damage":4.0,"enemies":"Red Slaver","floor":13.0,"turns":3.0},{"damage":17.0,"enemies":"Gremlin Nob","floor":14.0,"turns":4.0},{"damage":12.0,"enemies":"Hexaghost","floor":16.0,"turns":8.0},{"damage":17.0,"enemies":"Spheric Guardian","floor":18.0,"turns":3.0},{"damage":0.0,"enemies":"Chosen","floor":20.0,"turns":4.0},{"damage":12.0,"enemies":"Snake Plant","floor":21.0,"turns":4.0},{"damage":10.0,"enemies":"Cultist and Chosen","floor":22.0,"turns":5.0},{"damage":22.0,"enemies":"Book of Stabbing","floor":25.0,"turns":5.0},{"damage":9.0,"enemies":"3 Cultists","floor":27.0,"turns":3.0},{"damage":10.0,"enemies":"Gremlin Leader","floor":30.0,"turns":4.0},{"damage":37.0,"enemies":"Automaton","floor":33.0,"turns":9.0},{"damage":27.0,"enemies":"3 Darklings","floor":35.0,"turns":4.0},{"damage":4.0,"enemies":"3 Shapes","floor":36.0,"turns":5.0},{"damage":19.0,"enemies":"3 Darklings","floor":37.0,"turns":6.0},{"damage":37,"enemies":"Giant Head","floor":41,"turns":6},{"damage":17,"enemies":"Sphere and 2 Shapes","floor":42,"turns":9},{"damage":11,"enemies":"Reptomancer","floor":47,"turns":4},{"damage":30,"enemies":"Time Eater","floor":50,"turns":8},{"damage":46,"enemies":"Donu and Deca","floor":51,"turns":4}],"seed_played":"5145882984704333159","potions_obtained":[{"floor":1.0,"key":"GamblersBrew"},{"floor":5.0,"key":"LiquidBronze"},{"floor":7.0,"key":"EntropicBrew"},{"floor":13.0,"key":"Ancient Potion"},{"floor":14.0,"key":"EssenceOfSteel"},{"floor":22.0,"key":"BloodPotion"},{"floor":25.0,"key":"Block Potion"},{"floor":27.0,"key":"PowerPotion"},{"floor":37.0,"key":"Dexterity Potion"},{"floor":41,"key":"Swift Potion"}],"is_trial":false,"path_per_floor":["M","$","?","M","M","R","E","R","T","$","?","E","M","E","R","B",null,"M","$","M","M","M","R","T","E","T","M","R","$","E","?","R","B",null,"M","M","M","$","?","R","E","M","T","R","$","T","E","$","R","B","B"],"character_chosen":"IRONCLAD","items_purchased":["Pocketwatch","Shockwave","Shrug It Off","DollysMirror","Impervious","True Grit","Shrug It Off"],"campfire_rested":2,"item_purchase_floors":[2,10,19,29,38,45,48],"current_hp_per_floor":[68,68,68,68,68,68,44,44,44,44,44,35,37,26,26,20,56,45,45,51,45,41,41,41,25,25,22,22,22,18,18,53,22,57,36,38,25,25,78,78,47,36,36,36,36,36,31,31,69,45,0],"gold":7,"neow_bonus":"TWO_FIFTY_GOLD","is_prod":false,"is_daily":false,"chose_seed":false,"campfire_upgraded":7,"win_rate":0,"timestamp":1550656848,"path_taken":["M","$","?","M","M","R","E","R","T","$","?","E","M","E","R","BOSS","M","$","M","M","M","R","?","E","T","?","R","$","E","?","R","BOSS","M","?","M","$","?","R","E","M","T","R","$","?","E","?","R","BOSS","BOSS"],"build_version":"2019-01-23","purchased_purges":3,"victory":false,"max_hp_per_floor":[68,68,68,68,68,68,68,68,68,68,68,68,68,68,68,68,68,68,68,68,68,68,68,68,68,68,68,68,68,68,68,68,68,68,68,68,68,68,78,78,78,78,78,78,78,78,78,78,78,78,78],"card_choices":[{"not_picked":["Burning Pact","Warcry","Body Slam"],"picked":"SKIP","floor":1.0},{"not_picked":["Rage","Clash"],"picked":"Combust","floor":4.0},{"not_picked":["Ghostly Armor","Spot Weakness"],"picked":"Iron Wave","floor":5.0},{"not_picked":["Body Slam","Shockwave"],"picked":"Spot Weakness","floor":7.0},{"not_picked":["Dropkick","Seeing Red"],"picked":"Uppercut","floor":12.0},{"not_picked":["Clash","Hemokinesis"],"picked":"Iron Wave","floor":13.0},{"not_picked":["Flex","Feel No Pain"],"picked":"Inflame","floor":14.0},{"not_picked":["Exhume","Juggernaut"],"picked":"Offering","floor":16.0},{"not_picked":["Dual Wield","Iron Wave+1"],"picked":"Disarm","floor":18.0},{"not_picked":["Flex+1","Anger"],"picked":"Heavy Blade","floor":20.0},{"not_picked":["Havoc","Flex","Heavy Blade"],"picked":"SKIP","floor":21.0},{"not_picked":["Thunderclap+1","Corruption","Intimidate"],"picked":"SKIP","floor":22.0},{"not_picked":["Cleave","Warcry"],"picked":"Metallicize","floor":25.0},{"not_picked":["True Grit","Warcry"],"picked":"Disarm","floor":27.0},{"not_picked":["Dark Embrace","Berserk"],"picked":"Metallicize","floor":30.0},{"not_picked":["Immolate","Impervious"],"picked":"Limit Break","floor":33.0},{"not_picked":["Warcry","Heavy Blade+1"],"picked":"Disarm","floor":35.0},{"not_picked":["Havoc+1","Infernal Blade","Second Wind"],"picked":"SKIP","floor":36.0},{"not_picked":["Bloodletting+1","Twin Strike"],"picked":"Rupture+1","floor":37.0},{"not_picked":["Rage","Sentinel+1"],"picked":"Whirlwind","floor":41},{"not_picked":["Flex","Dropkick","Warcry"],"picked":"SKIP","floor":42},{"not_picked":["Armaments","Wild Strike"],"picked":"Headbutt","floor":47}],"player_experience":367611,"relics_obtained":[{"floor":7.0,"key":"Smiling Mask"},{"floor":9.0,"key":"Bag of Preparation"},{"floor":12.0,"key":"Omamori"},{"floor":14.0,"key":"Blue Candle"},{"floor":24.0,"key":"Regal Pillow"},{"floor":25.0,"key":"MawBank"},{"floor":26.0,"key":"Ancient Tea Set"},{"floor":30.0,"key":"Pen Nib"},{"floor":41,"key":"Bottled Tornado"},{"floor":46,"key":"Juzu Bracelet"},{"floor":47,"key":"Calipers"}],"event_choices":[{"damage_healed":0.0,"max_hp_gain":0.0,"max_hp_loss":0.0,"gold_gain":0.0,"event_name":"The Cleric","player_choice":"Leave","floor":3.0,"gold_loss":0.0,"damage_taken":0.0},{"damage_healed":0.0,"max_hp_gain":0.0,"max_hp_loss":0.0,"gold_gain":0.0,"event_name":"WeMeetAgain","player_choice":"Gave Potion","floor":11.0,"gold_loss":0.0,"damage_taken":0.0,"relics_obtained":["Red Skull"]},{"damage_healed":0.0,"max_hp_gain":0.0,"max_hp_loss":0.0,"gold_gain":0.0,"event_name":"Duplicator","player_choice":"Copied","floor":31.0,"gold_loss":0.0,"damage_taken":0.0,"cards_obtained":["Uppercut"]},{"cards_removed":["Offering"],"damage_healed":43.0,"max_hp_gain":10.0,"max_hp_loss":0.0,"gold_gain":0.0,"event_name":"Bonfire Elementals","player_choice":"Offered Rare","floor":39.0,"gold_loss":0.0,"damage_taken":0.0}],"is_beta":false,"boss_relics":[{"not_picked":["Astrolabe","Pandora\u0027s Box"],"picked":"Velvet Choker"},{"not_picked":["Tiny House","Philosopher\u0027s Stone"],"picked":"Cursed Key"}],"items_purged_floors":[19,29,38],"is_endless":false,"potions_floor_spawned":[1,5,7,13,14,22,25,27,37,41,42,47],"killed_by":"Donu and Deca","ascension_level":20}