{"gold_per_floor":[119,149,168,168,180,215,215,229,229,242,262,48,82,102,102,198,198,213,18,18,18,35,60,75,75,99,99,117,6,6,19,19,19],"floor_reached":33,"playtime":1927,"items_purged":["Regret"],"score":335,"play_id":"a5321d83-5da8-4aa4-93ff-7c01bffc3112","local_time":"20190223022232","is_ascension_mode":true,"campfire_choices":[{"data":"Flechettes","floor":7,"key":"SMITH"},{"data":"Calculated Gamble","floor":15,"key":"SMITH"},{"floor":27,"key":"REST"},{"data":"Venomology","floor":30,"key":"SMITH"},{"floor":32,"key":"REST"}],"neow_cost":"PERCENT_DAMAGE","seed_source_timestamp":764126429877792,"circlet_count":0,"master_deck":["Defend_G+1","Defend_G+1","Defend_G+1","Defend_G+1","Defend_G+1","Strike_G+1","Strike_G+1","Strike_G+1","Survivor","Neutralize","Storm of Steel","Flechettes+1","Deflect","Predator","Tactician+1","Escape Plan","Acrobatics","Flechettes","Outmaneuver","Calculated Gamble+1","Night Terror","Flechettes","Doppelganger","Underhanded Strike","Dodge and Roll","Flying Knee","Dagger Throw","Cloak And Dagger","Backstab","Venomology+1","Slice","Eviscerate","Accuracy","Predator+1"],"relics":["Ring of the Snake","Tiny Chest","Letter Opener","Lantern","War Paint","Mummified Hand","Philosopher\u0027s Stone","Enchiridion","Ancient Tea Set","MutagenicStrength","Art of War"],"potions_floor_usage":[16,16,23,31,33,33,33],"damage_taken":[{"damage":0,"enemies":"Jaw Worm","floor":1,"turns":3},{"damage":2,"enemies":"2 Louse","floor":3,"turns":3},{"damage":0,"enemies":"Cultist","floor":5,"turns":2},{"damage":31,"enemies":"Gremlin Nob","floor":6,"turns":5},{"damage":1,"enemies":"Large Slime","floor":8,"turns":5},{"damage":0,"enemies":"2 Fungi Beasts","floor":10,"turns":2},{"damage":2,"enemies":"Blue Slaver","floor":11,"turns":3},{"damage":7,"enemies":"Lagavulin","floor":13,"turns":4},{"damage":4,"enemies":"Lots of Slimes","floor":14,"turns":2},{"damage":22,"enemies":"The Guardian","floor":16,"turns":13},{"damage":15,"enemies":"Spheric Guardian","floor":18,"turns":4},{"damage":2,"enemies":"Shell Parasite","floor":22,"turns":3},{"damage":37,"enemies":"Slavers","floor":23,"turns":7},{"damage":1,"enemies":"Shelled Parasite and Fungi","floor":24,"turns":4},{"damage":14,"enemies":"3 Cultists","floor":28,"turns":5},{"damage":0,"enemies":"Centurion and Healer","floor":31,"turns":5},{"damage":44,"enemies":"Champ","floor":33,"turns":7}],"seed_played":"6578444355213371121","potions_obtained":[{"floor":3,"key":"LiquidBronze"},{"floor":6,"key":"SpeedPotion"},{"floor":8,"key":"Poison Potion"},{"floor":10,"key":"Energy Potion"},{"floor":18,"key":"Regen Potion"},{"floor":22,"key":"EssenceOfSteel"}],"is_trial":false,"path_per_floor":["M","?","M","?","M","E","R","M","T","M","M","$","E","M","R","B",null,"M","$","?","?","M","E","M","?","T","R","M","$","R","M","R","B"],"character_chosen":"THE_SILENT","items_purchased":["Calculated Gamble","War Paint","Dodge and Roll","Flying Knee","Dagger Throw","Eviscerate","Accuracy"],"campfire_rested":2,"item_purchase_floors":[12,12,19,19,19,29,29],"current_hp_per_floor":[49,49,47,70,70,39,39,38,38,38,36,36,29,25,25,3,70,55,55,39,39,37,15,14,14,14,35,21,21,21,21,42,0],"gold":19,"neow_bonus":"TRANSFORM_TWO_CARDS","is_prod":false,"is_daily":false,"chose_seed":false,"campfire_upgraded":3,"win_rate":0,"timestamp":1550856152,"path_taken":["M","?","M","?","?","E","R","M","T","M","M","$","E","M","R","BOSS","M","$","?","?","M","E","M","?","T","R","M","?","R","M","R","BOSS"],"build_version":"2019-01-23","purchased_purges":1,"victory":false,"max_hp_per_floor":[70,70,70,70,70,70,70,70,70,70,70,70,70,70,70,70,70,70,70,70,70,70,70,70,70,70,70,70,70,70,70,70,70],"card_choices":[{"not_picked":["Prepared","Acrobatics"],"picked":"Deflect","floor":1},{"not_picked":["Blur","PiercingWail"],"picked":"Predator","floor":3},{"not_picked":["Noxious Fumes","Grand Finale"],"picked":"Tactician","floor":5},{"not_picked":["Acrobatics","Dagger Spray"],"picked":"Escape Plan","floor":6},{"not_picked":["Deadly Poison","Dash"],"picked":"Acrobatics","floor":8},{"not_picked":["Bane","Deflect"],"picked":"Flechettes","floor":10},{"not_picked":["Prepared","Dagger Spray"],"picked":"Outmaneuver","floor":11},{"not_picked":["Slice","Dagger Throw"],"picked":"Night Terror","floor":13},{"not_picked":["Flying Knee","Deflect"],"picked":"Flechettes","floor":14},{"not_picked":["Tools of the Trade","Unload"],"picked":"Doppelganger","floor":16},{"not_picked":["Cloak And Dagger","Flying Knee"],"picked":"Underhanded Strike","floor":18},{"not_picked":["Masterful Stab","Dash"],"picked":"Cloak And Dagger","floor":22},{"not_picked":["Flying Knee+1","Blur"],"picked":"Backstab","floor":23},{"not_picked":["Poisoned Stab+1","Noxious Fumes+1"],"picked":"Venomology","floor":24},{"not_picked":["Deadly Poison","Bane"],"picked":"Slice","floor":28},{"not_picked":["Caltrops","Deflect"],"picked":"Predator+1","floor":31}],"player_experience":136914,"relics_obtained":[{"floor":6,"key":"Letter Opener"},{"floor":9,"key":"Lantern"},{"floor":13,"key":"Mummified Hand"},{"floor":20,"key":"Enchiridion"},{"floor":23,"key":"Ancient Tea Set"},{"floor":26,"key":"Art of War"}],"event_choices":[{"damage_healed":0,"gold_gain":0,"player_choice":"Box","damage_taken":0,"relics_obtained":["Tiny Chest"],"max_hp_gain":0,"max_hp_loss":0,"event_name":"Big Fish","floor":2,"gold_loss":0,"cards_obtained":["Regret"]},{"damage_healed":23,"gold_gain":0,"player_choice":"Full Heal","damage_taken":0,"max_hp_gain":0,"max_hp_loss":0,"event_name":"Wheel of Change","floor":4,"gold_loss":0},{"damage_healed":0,"gold_gain":0,"player_choice":"Obtained Book","damage_taken":16,"max_hp_gain":0,"max_hp_loss":0,"event_name":"Cursed Tome","floor":20,"gold_loss":0},{"damage_healed":0,"gold_gain":0,"player_choice":"Simplicity","damage_taken":0,"max_hp_gain":0,"max_hp_loss":0,"event_name":"Back to Basics","floor":21,"gold_loss":0,"cards_upgraded":["Defend_G","Defend_G","Defend_G","Defend_G","Strike_G","Strike_G","Strike_G"]},{"damage_healed":0,"gold_gain":0,"player_choice":"Inject Mutagens","damage_taken":0,"relics_obtained":["MutagenicStrength"],"max_hp_gain":0,"max_hp_loss":0,"event_name":"Drug Dealer","floor":25,"gold_loss":0}],"is_beta":false,"boss_relics":[{"not_picked":["Cursed Key","Tiny House"],"picked":"Philosopher\u0027s Stone"}],"items_purged_floors":[19],"is_endless":false,"potions_floor_spawned":[3,6,8,10,11,18,22],"killed_by":"Champ","ascension_level":4}