{"gold_per_floor":[110,122,132,151,151,151,226,237,264,281,344,357,357,357],"floor_reached":14,"playtime":702,"items_purged":[],"score":99,"play_id":"c0265097-ff59-4478-a44d-b52e71b0a930","local_time":"20180922022526","is_ascension_mode":true,"campfire_choices":[{"data":"Escape Plan","floor":6,"key":"SMITH"}],"neow_cost":"NONE","seed_source_timestamp":46647056068212,"circlet_count":0,"master_deck":["Defend_G","Defend_G","Defend_G","Defend_G","Defend_G","Strike_G","Strike_G","Strike_G","Survivor","Neutralize+1","Escape Plan+1","Flying Knee","Dodge and Roll","Catalyst+1","Caltrops","Envenom","Bane"],"relics":["Ring of the Snake","Orichalcum","Tiny Chest"],"potions_floor_usage":[11,12],"damage_taken":[{"damage":0,"enemies":"Jaw Worm","floor":1,"turns":4},{"damage":0,"enemies":"Cultist","floor":2,"turns":5},{"damage":0,"enemies":"Small Slimes","floor":3,"turns":4},{"damage":0,"enemies":"2 Fungi Beasts","floor":4,"turns":4},{"damage":3,"enemies":"Red Slaver","floor":8,"turns":6},{"damage":4,"enemies":"Blue Slaver","floor":10,"turns":6},{"damage":19,"enemies":"Gremlin Nob","floor":11,"turns":4},{"damage":3,"enemies":"3 Louse","floor":12,"turns":5},{"damage":12,"enemies":"3 Sentries","floor":14,"turns":5}],"seed_played":"-8595934298185514564","potions_obtained":[{"floor":1,"key":"SkillPotion"},{"floor":4,"key":"GamblersBrew"},{"floor":12,"key":"SteroidPotion"}],"is_trial":false,"path_per_floor":["M","M","M","M","?","R","?","M","T","M","E","M","?"],"character_chosen":"THE_SILENT","items_purchased":[],"campfire_rested":0,"item_purchase_floors":[],"current_hp_per_floor":[70,70,70,70,70,70,59,56,56,52,33,30,16,4],"gold":357,"neow_bonus":"REMOVE_CARD","is_prod":false,"is_daily":false,"chose_seed":false,"campfire_upgraded":1,"win_rate":0,"timestamp":1537597526,"path_taken":["M","M","M","M","?","R","?","M","T","M","E","M","?","E"],"build_version":"2018-09-20","purchased_purges":0,"victory":false,"max_hp_per_floor":[70,70,70,70,70,70,70,70,70,70,70,70,70,70],"card_choices":[{"not_picked":["Dagger Throw","Flying Knee"],"picked":"Escape Plan","floor":1},{"not_picked":["Bane","Concentrate"],"picked":"Flying Knee","floor":2},{"not_picked":["Quick Slash","Acrobatics"],"picked":"Dodge and Roll","floor":3},{"not_picked":["Dodge and Roll","Acrobatics","Expertise"],"picked":"SKIP","floor":4},{"not_picked":["Accuracy","Backflip"],"picked":"Caltrops","floor":8},{"not_picked":["Bane","Acrobatics","Sucker Punch"],"picked":"SKIP","floor":10},{"not_picked":["Finisher","Dagger Spray"],"picked":"Envenom","floor":11},{"not_picked":["Blur","Cloak And Dagger"],"picked":"Bane","floor":12}],"player_experience":620038,"relics_obtained":[{"floor":9,"key":"Orichalcum"},{"floor":11,"key":"Tiny Chest"}],"event_choices":[{"event_name":"Transmorgrifier","player_choice":"Transform","floor":5,"damage_taken":0},{"event_name":"World of Goop","player_choice":"Gather Gold","floor":7,"damage_taken":0},{"event_name":"Shining Light","player_choice":"Entered Light","floor":13,"damage_taken":0}],"is_beta":false,"boss_relics":[],"items_purged_floors":[],"is_endless":false,"potions_floor_spawned":[1,4,12],"killed_by":"3 Sentries","ascension_level":1}