{"gold_per_floor":[109,109,109,109,127,127,137,137],"floor_reached":8,"playtime":245,"items_purged":[],"score":71,"play_id":"fa3e8f14-1e5b-4e62-bf98-1bb56174b363","local_time":"20190225175616","is_ascension_mode":true,"campfire_choices":[{"data":"Expertise","floor":6,"key":"SMITH"}],"neow_cost":"NONE","seed_source_timestamp":3003190907691,"circlet_count":0,"master_deck":["AscendersBane","Defend_G","Defend_G","Defend_G+1","Defend_G","Defend_G","Strike_G","Strike_G","Strike_G+1","Strike_G","Strike_G","Survivor","Neutralize+1","Backflip+1","Expertise+1","Backflip"],"relics":["Ring of the Snake","Bag of Preparation"],"potions_floor_usage":[8,8],"damage_taken":[{"damage":0,"enemies":"Small Slimes","floor":1,"turns":4},{"damage":2,"enemies":"Jaw Worm","floor":5,"turns":4},{"damage":0,"enemies":"2 Louse","floor":7,"turns":4},{"damage":47,"enemies":"Lagavulin","floor":8,"turns":11}],"seed_played":"-171961091059693253","potions_obtained":[{"floor":1,"key":"Block Potion"},{"floor":5,"key":"AttackPotion"}],"is_trial":false,"path_per_floor":["M","?","?","?","M","R","M","E"],"character_chosen":"THE_SILENT","items_purchased":[],"campfire_rested":0,"item_purchase_floors":[],"current_hp_per_floor":[63,60,46,46,44,44,44,0],"gold":137,"neow_bonus":"UPGRADE_CARD","is_prod":false,"is_daily":false,"chose_seed":false,"campfire_upgraded":1,"win_rate":0,"timestamp":1551070576,"path_taken":["M","?","?","?","M","R","M","E"],"build_version":"2019-01-23","purchased_purges":0,"victory":false,"max_hp_per_floor":[70,70,70,70,70,70,70,70],"card_choices":[{"not_picked":["Infinite Blades","PiercingWail"],"picked":"Backflip","floor":1},{"not_picked":["Outmaneuver","Dagger Throw"],"picked":"Expertise","floor":5},{"not_picked":["Leg Sweep","Skewer"],"picked":"Backflip","floor":7}],"player_experience":410245,"relics_obtained":[],"event_choices":[{"damage_healed":0,"gold_gain":0,"player_choice":"Success","damage_taken":3,"relics_obtained":["Bag of Preparation"],"max_hp_gain":0,"max_hp_loss":0,"event_name":"Scrap Ooze","floor":2,"gold_loss":0},{"damage_healed":0,"gold_gain":0,"player_choice":"Entered Light","damage_taken":14,"max_hp_gain":0,"max_hp_loss":0,"event_name":"Shining Light","floor":3,"gold_loss":0,"cards_upgraded":["Defend_G","Strike_G"]},{"damage_healed":0,"gold_gain":0,"player_choice":"Grow","damage_taken":0,"max_hp_gain":0,"max_hp_loss":0,"event_name":"Living Wall","floor":4,"gold_loss":0,"cards_upgraded":["Backflip"]}],"is_beta":false,"boss_relics":[],"items_purged_floors":[],"is_endless":false,"potions_floor_spawned":[1,5],"killed_by":"Lagavulin","ascension_level":11}