{"gold_per_floor":[116,135,155,169,134,168,168,181,181,181,194,209,241,241,241,241],"floor_reached":16,"playtime":513,"items_purged":[],"score":148,"play_id":"8c1d360e-316e-4562-bcb9-ab7a3a0903e7","local_time":"20181125183351","is_ascension_mode":true,"campfire_choices":[{"floor":7,"key":"REST"},{"data":"Loop","floor":15,"key":"SMITH"}],"neow_cost":"TEN_PERCENT_HP_LOSS","seed_source_timestamp":8079487463011,"circlet_count":0,"master_deck":["Strike_B","Strike_B","Strike_B","Strike_B","Defend_B","Defend_B","Defend_B","Defend_B","Zap","Dualcast","Dramatic Entrance","Panacea","Genetic Algorithm","Loop+1","Leap","Sweeping Beam","Steam","Seek","Glacier"],"relics":["Cracked Core","Orichalcum","Kunai","Calipers"],"potions_floor_usage":[12,13,13,13,13,13,13],"damage_taken":[{"damage":7,"enemies":"Small Slimes","floor":1,"turns":3},{"damage":5,"enemies":"2 Louse","floor":2,"turns":2},{"damage":6,"enemies":"Jaw Worm","floor":3,"turns":3},{"damage":16,"enemies":"Exordium Thugs","floor":4,"turns":5},{"damage":40,"enemies":"Lagavulin","floor":6,"turns":8},{"damage":1,"enemies":"2 Fungi Beasts","floor":8,"turns":3},{"damage":8,"enemies":"3 Louse","floor":11,"turns":3},{"damage":14,"enemies":"Large Slime","floor":12,"turns":5},{"damage":3,"enemies":"Gremlin Nob","floor":13,"turns":4},{"damage":36,"enemies":"Hexaghost","floor":16,"turns":14}],"seed_played":"-8987593897067461128","potions_obtained":[{"floor":2,"key":"Energy Potion"},{"floor":3,"key":"Explosive Potion"},{"floor":11,"key":"LiquidBronze"},{"floor":12,"key":"EntropicBrew"},{"floor":13,"key":"SmokeBomb"}],"is_trial":false,"path_per_floor":["M","M","M","M","?","E","R","M","T","?","M","M","E","?","R","B"],"character_chosen":"DEFECT","items_purchased":[],"campfire_rested":1,"item_purchase_floors":[],"current_hp_per_floor":[61,56,50,34,51,11,31,30,30,30,22,8,5,27,27,0],"gold":241,"neow_bonus":"RANDOM_COLORLESS_2","is_prod":false,"is_daily":false,"chose_seed":false,"campfire_upgraded":1,"win_rate":0,"timestamp":1543124031,"path_taken":["M","M","M","M","?","E","R","M","T","?","M","M","E","?","R","BOSS"],"build_version":"2018-11-15","purchased_purges":0,"victory":false,"max_hp_per_floor":[68,68,68,68,68,68,68,68,68,68,68,68,68,68,68,68],"card_choices":[{"not_picked":["Reinforced Body","Redo","Hologram"],"picked":"SKIP","floor":1},{"not_picked":["Streamline","Rebound"],"picked":"Genetic Algorithm","floor":2},{"not_picked":["Force Field","Double Energy","Doom and Gloom"],"picked":"SKIP","floor":3},{"not_picked":["Double Energy","Heatsinks"],"picked":"Loop","floor":4},{"not_picked":["Barrage","Conserve Battery"],"picked":"Leap","floor":6},{"not_picked":["Genetic Algorithm","Leap"],"picked":"Sweeping Beam","floor":8},{"not_picked":["Auto Shields","Reinforced Body"],"picked":"Steam","floor":11},{"not_picked":["Coolheaded","Go for the Eyes"],"picked":"Seek","floor":12},{"not_picked":["Reprogram","Go for the Eyes"],"picked":"Glacier","floor":13}],"player_experience":388288,"relics_obtained":[{"floor":6,"key":"Orichalcum"},{"floor":9,"key":"Kunai"},{"floor":13,"key":"Calipers"}],"event_choices":[{"damage_healed":17,"gold_gain":0,"player_choice":"Healed","damage_taken":0,"max_hp_gain":0,"max_hp_loss":0,"event_name":"The Cleric","floor":5,"gold_loss":35},{"damage_healed":0,"gold_gain":0,"player_choice":"Ignored","damage_taken":0,"max_hp_gain":0,"max_hp_loss":0,"event_name":"Liars Game","floor":10,"gold_loss":0},{"damage_healed":22,"gold_gain":0,"player_choice":"Banana","damage_taken":0,"max_hp_gain":0,"max_hp_loss":0,"event_name":"Big Fish","floor":14,"gold_loss":0}],"is_beta":false,"boss_relics":[],"items_purged_floors":[],"is_endless":false,"potions_floor_spawned":[2,3,11,12,13],"killed_by":"Hexaghost","ascension_level":6}