{"path_per_floor":["M","M","M","M","M","E","R","E","T","E","R","$","M","?","R","B",null,"M","?","M","$","?","E","R","?","T","E","$","E","M","M","R","B",null,"M","T","$","?","M","R","E","M","T","M","E","$","T","M","R","B"],"character_chosen":"DEFECT","items_purchased":["Loop","Coolheaded","Blizzard","Vajra","Coolheaded","Heatsinks","Capacitor","Cold Snap"],"gold_per_floor":[109,124,137,149,166,195,195,230,255,290,290,19,31,31,31,126,126,142,142,160,7,0,34,34,34,34,59,10,44,54,69,69,169,169,187,187,109,0,11,11,36,51,51,66,95,9,80,95,95,95],"floor_reached":51,"campfire_rested":1,"playtime":2042,"item_purchase_floors":[12,12,12,21,28,37,46,46],"current_hp_per_floor":[75,75,73,70,64,67,67,67,67,56,56,56,56,56,56,53,74,76,60,51,51,51,37,59,59,59,57,57,38,40,54,54,35,82,84,84,84,84,72,72,47,59,59,66,80,80,80,87,87,52],"items_purged":["Parasite"],"gold":95,"score":1012,"play_id":"55b5bf0d-2a73-46e8-93bb-5e065a405d33","local_time":"20180529082929","is_prod":false,"is_daily":false,"chose_seed":false,"is_ascension_mode":true,"campfire_upgraded":6,"win_rate":0,"timestamp":1527539369,"campfire_choices":[{"data":"Defragment","floor":7,"key":"SMITH"},{"data":"Defragment","floor":11,"key":"SMITH"},{"data":"Zap","floor":15,"key":"SMITH"},{"floor":24,"key":"REST"},{"data":"Tempest","floor":32,"key":"SMITH"},{"data":"Creative AI","floor":40,"key":"SMITH"},{"data":"Echo Form","floor":49,"key":"SMITH"}],"path_taken":["M","?","?","M","M","E","R","E","T","E","R","$","M","?","R","BOSS","M","?","M","$","?","E","R","?","T","E","?","E","M","M","R","BOSS","M","?","$","?","M","R","E","M","T","M","E","?","?","M","R","BOSS"],"build_version":"2018-05-27","seed_source_timestamp":32634409434667,"purchased_purges":1,"victory":true,"master_deck":["Strike_B","Strike_B+1","Strike_B","Strike_B","Defend_B","Defend_B","Defend_B","Defend_B","Zap+1","Dualcast","Auto Shields","Ball Lightning","Streamline","Cold Snap","Ball Lightning","Defragment+1","Defragment+1","Loop+1","Coolheaded","Blizzard+1","Self Repair","Echo Form+1","Necronomicurse","Coolheaded","Tempest+1","Heatsinks+1","Coolheaded","Leap","Tempest","Creative AI+1","Static Discharge","Static Discharge","Defragment","Heatsinks","Self Repair+1","Heatsinks+1","Capacitor","Cold Snap","Loop"],"max_hp_per_floor":[75,75,75,75,75,75,75,75,75,77,77,74,74,74,74,74,74,76,76,76,76,76,76,76,76,76,76,76,76,76,78,78,78,82,84,84,84,84,86,86,86,86,86,88,90,90,90,90,90,90],"relics":["Cracked Core","Thread and Needle","Art of War","Oddly Smooth Stone","Lantern","Singing Bowl","Velvet Choker","Necronomicon","Vajra","Juzu Bracelet","Mummified Hand","Emotion Chip","Bag of Preparation","Orichalcum","Orrery","Regal Pillow","Red Mask","Whetstone","Matryoshka","Anchor","Meat on the Bone","The Courier"],"card_choices":[{"not_picked":["Conserve Battery","Go for the Eyes"],"picked":"Auto Shields","floor":1},{"not_picked":["Static Discharge","Compile Driver"],"picked":"Ball Lightning","floor":2},{"not_picked":["Chill","Undo"],"picked":"Streamline","floor":3},{"not_picked":["Turbo","Streamline"],"picked":"Cold Snap","floor":4},{"not_picked":["Steam","Chill"],"picked":"Ball Lightning","floor":5},{"not_picked":["Go for the Eyes","Recycle"],"picked":"Defragment","floor":6},{"not_picked":["BootSequence","Stack"],"picked":"Defragment","floor":8},{"not_picked":["Stack","Core Surge","Beam Cell"],"picked":"Singing Bowl","floor":10},{"not_picked":["Turbo","Barrage"],"picked":"Self Repair","floor":13},{"not_picked":["Fission","Buffer"],"picked":"Echo Form","floor":16},{"not_picked":["Self Repair","Streamline","Fusion"],"picked":"Singing Bowl","floor":18},{"not_picked":["Genetic Algorithm","Ball Lightning"],"picked":"Coolheaded","floor":20},{"not_picked":["Steam+1","Coolheaded"],"picked":"Tempest","floor":23},{"not_picked":["Cold Snap","Ball Lightning"],"picked":"Heatsinks+1","floor":27},{"not_picked":["Doom and Gloom","Steam"],"picked":"Leap","floor":29},{"not_picked":["Rebound+1","Biased Cognition"],"picked":"Tempest","floor":30},{"not_picked":["Redo","Fusion","Barrage"],"picked":"Singing Bowl","floor":31},{"not_picked":["Multi-Cast","Buffer"],"picked":"Creative AI","floor":33},{"not_picked":["Genetic Algorithm+1","Barrage","Hologram"],"picked":"Singing Bowl","floor":34},{"not_picked":["Streamline+1","Ball Lightning"],"picked":"Static Discharge","floor":34},{"not_picked":["Hologram","Lockon+1"],"picked":"Static Discharge","floor":34},{"not_picked":["Darkness","Turbo+1"],"picked":"Defragment","floor":34},{"not_picked":["Recycle","Core Surge","Rebound"],"picked":"Singing Bowl","floor":34},{"not_picked":["Leap+1","Stack+1","Core Surge"],"picked":"Singing Bowl","floor":35},{"not_picked":["Stack+1","Hologram+1","Rebound"],"picked":"Singing Bowl","floor":39},{"not_picked":["Core Surge","Doom and Gloom+1"],"picked":"Self Repair+1","floor":41},{"not_picked":["Steam","Redo+1"],"picked":"Heatsinks+1","floor":42},{"not_picked":["Compile Driver+1","Heatsinks","Double Energy"],"picked":"Singing Bowl","floor":44},{"not_picked":["FTL","Barrage","Beam Cell"],"picked":"Singing Bowl","floor":45},{"not_picked":["Reprogram","Compile Driver+1"],"picked":"Loop","floor":48}],"player_experience":301062,"potions_floor_usage":[6,8,16,23,23,23,39,39,41,41,50,50],"damage_taken":[{"damage":0,"enemies":"Cultist","floor":1,"turns":3},{"damage":0,"enemies":"2 Louse","floor":2,"turns":2},{"damage":2,"enemies":"Jaw Worm","floor":3,"turns":3},{"damage":3,"enemies":"Large Slime","floor":4,"turns":4},{"damage":6,"enemies":"Blue Slaver","floor":5,"turns":3},{"damage":11,"enemies":"3 Sentries","floor":6,"turns":5},{"damage":0,"enemies":"Lagavulin","floor":8,"turns":6},{"damage":13,"enemies":"Gremlin Nob","floor":10,"turns":4},{"damage":0,"enemies":"3 Louse","floor":13,"turns":3},{"damage":10,"enemies":"Hexaghost","floor":16,"turns":8},{"damage":4,"enemies":"Chosen","floor":18,"turns":4},{"damage":16,"enemies":"Shell Parasite","floor":20,"turns":4},{"damage":28,"enemies":"Slavers","floor":23,"turns":4},{"damage":16,"enemies":"Book of Stabbing","floor":27,"turns":4},{"damage":26,"enemies":"Gremlin Leader","floor":29,"turns":5},{"damage":5,"enemies":"Snake Plant","floor":30,"turns":3},{"damage":2,"enemies":"Snecko","floor":31,"turns":4},{"damage":26,"enemies":"Automaton","floor":33,"turns":9},{"damage":0,"enemies":"Orb Walker","floor":35,"turns":4},{"damage":21,"enemies":"3 Darklings","floor":39,"turns":5},{"damage":25,"enemies":"2 Orb Walkers","floor":41,"turns":3},{"damage":5,"enemies":"Spire Growth","floor":42,"turns":4},{"damage":12,"enemies":"Transient","floor":44,"turns":5},{"damage":5,"enemies":"Nemesis","floor":45,"turns":7},{"damage":10,"enemies":"Maw","floor":48,"turns":7},{"damage":81,"enemies":"Awakened One","floor":50,"turns":7}],"relics_obtained":[{"floor":6,"key":"Art of War"},{"floor":8,"key":"Oddly Smooth Stone"},{"floor":9,"key":"Lantern"},{"floor":10,"key":"Singing Bowl"},{"floor":19,"key":"Necronomicon"},{"floor":23,"key":"Juzu Bracelet"},{"floor":26,"key":"Emotion Chip"},{"floor":27,"key":"Bag of Preparation"},{"floor":29,"key":"Orichalcum"},{"floor":36,"key":"Regal Pillow"},{"floor":41,"key":"Whetstone"},{"floor":43,"key":"Matryoshka"},{"floor":45,"key":"Anchor"},{"floor":47,"key":"Meat on the Bone"},{"floor":47,"key":"The Courier"}],"event_choices":[{"event_name":"Living Wall","player_choice":"Grow","floor":14,"damage_taken":0},{"event_name":"Cursed Tome","player_choice":"Obtained Book","floor":19,"damage_taken":0},{"event_name":"Masked Bandits","player_choice":"Paid Bandits 7 gold","floor":22,"damage_taken":0},{"event_name":"The Mausoleum","player_choice":"Yes","floor":25,"damage_taken":0},{"event_name":"Tomb of Lord Red Mask","player_choice":"Paid","floor":38,"damage_taken":0}],"boss_relics":[{"not_picked":["Runic Dome","Ectoplasm"],"picked":"Velvet Choker"},{"not_picked":["White Beast Statue","Black Star"],"picked":"Orrery"}],"items_purged_floors":[12],"potions_floor_spawned":[3,6,10,13,16,20,29,31,33,35,39,45,48],"seed_played":"557692110849989081","ascension_level":4,"potions_obtained":[{"floor":3,"key":"Regen Potion"},{"floor":6,"key":"Poison Potion"},{"floor":10,"key":"Block Potion"},{"floor":13,"key":"Energy Potion"},{"floor":16,"key":"Fire Potion"},{"floor":20,"key":"PowerPotion"},{"floor":29,"key":"Energy Potion"},{"floor":31,"key":"Ancient Potion"},{"floor":33,"key":"Swift Potion"},{"floor":35,"key":"LiquidBronze"},{"floor":39,"key":"Fire Potion"},{"floor":45,"key":"Strength Potion"},{"floor":48,"key":"PowerPotion"}],"is_trial":false}