{"gold_per_floor":[116,116,116,116,116,116,160,160,187,207,220,256,256,11,11,137,137,158,158,176,126,149,149,72,4,4,38,38],"floor_reached":28,"playtime":625,"items_purged":[],"score":331,"play_id":"e70210cc-a02a-4b0c-9456-9c82a336545a","local_time":"20180712024725","is_ascension_mode":true,"campfire_choices":[{"floor":6,"key":"REST"},{"floor":8,"key":"REST"},{"data":"1","floor":13,"key":"LIFT"},{"data":"2","floor":15,"key":"LIFT"},{"data":"3","floor":23,"key":"LIFT"}],"neow_cost":"FIFTY_PERCENT_DAMAGE","seed_source_timestamp":0,"circlet_count":0,"master_deck":["Strike_B+1","Defend_B","Defend_B","Defend_B","Defend_B","Zap","Dualcast+1","Core Surge+1","Beam Cell+1","Beam Cell","Steam","Rip and Tear","Scrape","Gash","Creative AI","Beam Cell","J.A.X.","FTL","Glacier+1"],"special_seed":17723,"relics":["Cracked Core","Girya","Golden Idol","Whetstone","Potion Belt","Singing Bowl","ClockworkSouvenir","Empty Cage","Dream Catcher","Letter Opener","Lantern"],"potions_floor_usage":[12,27,27,27],"damage_taken":[{"damage":0,"enemies":"Small Slimes","floor":1,"turns":4},{"damage":17,"enemies":"3 Sentries","floor":7,"turns":8},{"damage":7,"enemies":"Jaw Worm","floor":10,"turns":3},{"damage":0,"enemies":"2 Louse","floor":11,"turns":1},{"damage":0,"enemies":"Gremlin Nob","floor":12,"turns":2},{"damage":21,"enemies":"Hexaghost","floor":16,"turns":6},{"damage":1,"enemies":"Chosen","floor":18,"turns":3},{"damage":22,"enemies":"Shell Parasite","floor":20,"turns":4},{"damage":19,"enemies":"Gremlin Leader","floor":27,"turns":4},{"damage":18,"enemies":"Snecko","floor":28,"turns":2}],"seed_played":"-1904894230533814690","potions_obtained":[{"floor":7,"key":"AttackPotion"},{"floor":12,"key":"Energy Potion"},{"floor":16,"key":"Energy Potion"},{"floor":20,"key":"EssenceOfSteel"}],"is_trial":false,"path_per_floor":["M","?","?","?","?","R","E","R","T","M","M","E","R","$","R","B",null,"M","?","M","?","T","R","?","$","T","E"],"character_chosen":"DEFECT","items_purchased":["Gash","ClockworkSouvenir","FTL"],"campfire_rested":2,"item_purchase_floors":[14,14,25],"current_hp_per_floor":[38,23,11,11,11,31,14,34,34,27,27,27,27,27,27,6,53,54,54,32,32,32,32,32,32,32,13,0],"gold":38,"neow_bonus":"THREE_RARE_CARDS","is_prod":false,"is_daily":false,"chose_seed":false,"campfire_upgraded":0,"win_rate":0,"timestamp":1531320445,"path_taken":["M","?","?","?","?","R","E","R","T","M","?","E","R","$","R","BOSS","M","?","M","?","?","R","?","$","T","E","?"],"build_version":"2018-07-05","purchased_purges":0,"victory":false,"max_hp_per_floor":[75,75,75,69,69,69,69,69,69,69,69,69,69,69,69,69,69,71,71,71,71,71,71,71,71,71,71,71],"card_choices":[{"not_picked":["Thunder Strike","Creative AI"],"picked":"Core Surge","floor":0},{"not_picked":["Streamline","Rebound"],"picked":"Beam Cell","floor":1},{"not_picked":["Creative AI","Reinforced Body"],"picked":"Beam Cell","floor":7},{"not_picked":["Genetic Algorithm","Stack"],"picked":"Steam","floor":10},{"not_picked":["White Noise","Rebound"],"picked":"Rip and Tear","floor":11},{"not_picked":["Self Repair","White Noise"],"picked":"Scrape","floor":12},{"not_picked":["Multi-Cast","Thunder Strike"],"picked":"Creative AI","floor":16},{"not_picked":["Rebound","Force Field","Redo+1"],"picked":"Singing Bowl","floor":18},{"not_picked":["Turbo+1","Streamline"],"picked":"Beam Cell","floor":20},{"not_picked":["Ball Lightning+1","Darkness+1"],"picked":"Glacier+1","floor":27}],"player_experience":285598,"relics_obtained":[{"floor":7,"key":"Whetstone"},{"floor":9,"key":"Potion Belt"},{"floor":12,"key":"Singing Bowl"},{"floor":22,"key":"Dream Catcher"},{"floor":26,"key":"Letter Opener"},{"floor":27,"key":"Lantern"}],"event_choices":[{"event_name":"Shining Light","player_choice":"Entered Light","floor":2,"damage_taken":0},{"event_name":"Scrap Ooze","player_choice":"success","floor":3,"damage_taken":12},{"event_name":"Golden Idol","player_choice":"Lose Max HP","floor":4,"damage_taken":0},{"event_name":"Living Wall","player_choice":"Grow","floor":5,"damage_taken":0},{"event_name":"Purifier","player_choice":"One Purge","floor":19,"damage_taken":0},{"event_name":"The Joust","player_choice":"Bet on Owner","floor":21,"damage_taken":0},{"event_name":"Drug Dealer","player_choice":"Got JAXXED","floor":24,"damage_taken":0}],"boss_relics":[{"not_picked":["Velvet Choker","Tiny House"],"picked":"Empty Cage"}],"items_purged_floors":[],"is_endless":false,"potions_floor_spawned":[7,12,16,20],"killed_by":"Snecko","ascension_level":5}