{"gold_per_floor":[117,131,142,142,161,161,187,19,19,19,31,31,6,23,23,127,127,143,143,160,174,174,174,174],"floor_reached":24,"playtime":957,"items_purged":[],"score":297,"play_id":"0673403e-0f09-42ff-a05a-6367fd0e9900","local_time":"20181125182501","is_ascension_mode":true,"campfire_choices":[{"data":"Predator","floor":6,"key":"SMITH"},{"floor":12,"key":"REST"},{"floor":15,"key":"REST"},{"floor":23,"key":"REST"}],"neow_cost":"PERCENT_DAMAGE","seed_source_timestamp":7096698653234,"circlet_count":0,"master_deck":["AscendersBane","Survivor","Neutralize","Die Die Die","Acrobatics","Predator+1","Cloak And Dagger","Metamorphosis","Distraction","Cloak And Dagger","Well Laid Plans","After Image","Outmaneuver","Flying Knee","Escape Plan","Backflip","Finisher","Dagger Spray","Blade Dance","Bane","Deadly Poison","Dash","Writhe","Escape Plan"],"relics":["Ring of the Snake","Peace Pipe","Unceasing Top","Pandora\u0027s Box","Singing Bowl"],"potions_floor_usage":[11,16,16,22,22,22],"damage_taken":[{"damage":0,"enemies":"2 Louse","floor":1,"turns":1},{"damage":0,"enemies":"Cultist","floor":2,"turns":4},{"damage":2,"enemies":"Jaw Worm","floor":3,"turns":6},{"damage":6,"enemies":"Blue Slaver","floor":5,"turns":5},{"damage":25,"enemies":"Gremlin Nob","floor":7,"turns":4},{"damage":8,"enemies":"Exordium Wildlife","floor":11,"turns":3},{"damage":17,"enemies":"Large Slime","floor":14,"turns":7},{"damage":21,"enemies":"The Guardian","floor":16,"turns":13},{"damage":10,"enemies":"3 Byrds","floor":18,"turns":5},{"damage":21,"enemies":"2 Thieves","floor":20,"turns":3},{"damage":9,"enemies":"Centurion and Healer","floor":21,"turns":4},{"damage":15,"enemies":"Colosseum Slavers","floor":22,"turns":4},{"damage":30,"enemies":"Gremlin Leader","floor":24,"turns":2}],"seed_played":"-5946631664460574141","potions_obtained":[{"floor":2,"key":"LiquidBronze"},{"floor":3,"key":"Dexterity Potion"},{"floor":7,"key":"Poison Potion"},{"floor":14,"key":"GamblersBrew"},{"floor":16,"key":"Ancient Potion"},{"floor":18,"key":"Fire Potion"},{"floor":21,"key":"PowerPotion"}],"is_trial":false,"path_per_floor":["M","M","M","?","M","R","E","$","T","$","M","R","$","M","R","B",null,"M","?","M","M","?","R","E"],"character_chosen":"THE_SILENT","items_purchased":["Metamorphosis","Cloak And Dagger"],"campfire_rested":3,"item_purchase_floors":[8,13],"current_hp_per_floor":[45,45,43,43,37,37,12,12,12,12,4,25,25,8,29,8,55,45,45,24,17,2,23,0],"gold":174,"neow_bonus":"THREE_RARE_CARDS","is_prod":false,"is_daily":false,"chose_seed":false,"campfire_upgraded":1,"win_rate":0,"timestamp":1543123501,"path_taken":["M","M","M","?","M","R","E","$","T","?","M","R","?","M","R","BOSS","M","?","M","M","?","R","E"],"build_version":"2018-11-15","purchased_purges":0,"victory":false,"max_hp_per_floor":[70,70,70,70,70,70,70,70,70,70,70,70,70,70,70,70,70,70,70,70,72,72,72,72],"card_choices":[{"not_picked":["Night Terror","Wraith Form v2"],"picked":"Die Die Die","floor":0},{"not_picked":["Poisoned Stab","Footwork"],"picked":"Acrobatics","floor":1},{"not_picked":["Blur","Heel Hook","Endless Agony"],"picked":"SKIP","floor":2},{"not_picked":["Poisoned Stab","Quick Slash"],"picked":"Predator","floor":3},{"not_picked":["Deadly Poison","Tactician","Catalyst"],"picked":"SKIP","floor":5},{"not_picked":["Tactician","PiercingWail"],"picked":"Cloak And Dagger","floor":7},{"not_picked":["Leg Sweep","Deflect"],"picked":"Distraction","floor":11},{"not_picked":["Dagger Throw","Poisoned Stab"],"picked":"Well Laid Plans","floor":14},{"not_picked":["Glass Knife","Doppelganger"],"picked":"After Image","floor":16},{"not_picked":["Poisoned Stab","Cloak And Dagger"],"picked":"Dash","floor":18},{"not_picked":["Dodge and Roll+1","Unload"],"picked":"Escape Plan","floor":20},{"not_picked":["Masterful Stab","Dagger Spray","Deadly Poison"],"picked":"Singing Bowl","floor":21}],"player_experience":387331,"relics_obtained":[{"floor":7,"key":"Peace Pipe"},{"floor":9,"key":"Unceasing Top"}],"event_choices":[{"cards_removed":["Strike_G"],"damage_healed":0,"gold_gain":0,"player_choice":"Offered Basic","damage_taken":0,"max_hp_gain":0,"max_hp_loss":0,"event_name":"Bonfire Elementals","floor":4,"gold_loss":0},{"damage_healed":0,"gold_gain":0,"player_choice":"Opened","damage_taken":0,"relics_obtained":["Singing Bowl"],"max_hp_gain":0,"max_hp_loss":0,"event_name":"The Mausoleum","floor":19,"gold_loss":0,"cards_obtained":["Writhe"]},{"damage_healed":0,"gold_gain":0,"player_choice":"Fight","damage_taken":0,"max_hp_gain":0,"max_hp_loss":0,"event_name":"Colosseum","floor":22,"gold_loss":0},{"damage_healed":0,"gold_gain":0,"player_choice":"Fled From Nobs","damage_taken":0,"max_hp_gain":0,"max_hp_loss":0,"event_name":"Colosseum","floor":22,"gold_loss":0}],"is_beta":false,"boss_relics":[{"not_picked":["Fusion Hammer","Ectoplasm"],"picked":"Pandora\u0027s Box"}],"items_purged_floors":[],"is_endless":false,"potions_floor_spawned":[2,3,7,14,16,18,21],"killed_by":"Gremlin Leader","ascension_level":10}