{"gold_per_floor":[115,127,76,93,113,113,123,123,123,157,157,157,177,187,187,187],"floor_reached":16,"playtime":1110,"items_purged":[],"score":114,"play_id":"4cb21174-9083-4d60-b8c7-40e8d1a109f6","local_time":"20180930144806","is_ascension_mode":true,"campfire_choices":[{"data":"Prepared","floor":6,"key":"SMITH"},{"data":"Caltrops","floor":8,"key":"SMITH"},{"data":"Eviscerate","floor":15,"key":"SMITH"}],"neow_cost":"","seed_source_timestamp":4517751846325,"circlet_count":0,"master_deck":["Defend_G","Defend_G","Defend_G","Defend_G","Strike_G","Strike_G","Strike_G","Strike_G","Strike_G","Survivor","Neutralize","Deflect","Prepared+1","Backflip","Caltrops+1","Eviscerate+1","Escape Plan","Outmaneuver","Footwork"],"relics":["Ring of the Snake","Sundial","Regal Pillow"],"potions_floor_usage":[5,7,10,16],"damage_taken":[{"damage":0,"enemies":"Small Slimes","floor":1,"turns":4},{"damage":0,"enemies":"2 Louse","floor":2,"turns":3},{"damage":0,"enemies":"Cultist","floor":4,"turns":4},{"damage":0,"enemies":"3 Louse","floor":5,"turns":2},{"damage":1,"enemies":"Large Slime","floor":7,"turns":9},{"damage":43,"enemies":"Gremlin Nob","floor":10,"turns":5},{"damage":0,"enemies":"Exordium Wildlife","floor":13,"turns":4},{"damage":2,"enemies":"Looter","floor":14,"turns":3},{"damage":53,"enemies":"Slime Boss","floor":16,"turns":10}],"seed_played":"7009402461298146764","potions_obtained":[{"floor":1,"key":"Explosive Potion"},{"floor":4,"key":"Explosive Potion"},{"floor":5,"key":"LiquidBronze"},{"floor":10,"key":"Explosive Potion"}],"is_trial":false,"path_per_floor":["M","M","$","M","M","R","M","R","T","E","?","?","M","M","R"],"character_chosen":"THE_SILENT","items_purchased":["AttackPotion"],"campfire_rested":0,"item_purchase_floors":[3],"current_hp_per_floor":[70,70,70,70,70,70,69,69,69,26,26,49,49,47,47,0],"gold":187,"neow_bonus":"","is_prod":false,"is_daily":false,"chose_seed":false,"campfire_upgraded":3,"win_rate":0,"timestamp":1538333286,"path_taken":["M","M","$","M","M","R","M","R","T","E","?","?","M","M","R","BOSS"],"build_version":"2018-09-27","purchased_purges":0,"victory":false,"max_hp_per_floor":[70,70,70,70,70,70,70,70,70,70,70,70,70,70,70,70],"card_choices":[{"not_picked":["Catalyst","Predator","Acrobatics"],"picked":"SKIP","floor":1},{"not_picked":["Dodge and Roll","Acrobatics"],"picked":"Deflect","floor":2},{"not_picked":["Riddle With Holes","Deadly Poison"],"picked":"Prepared","floor":4},{"not_picked":["Heel Hook","Dagger Throw"],"picked":"Backflip","floor":5},{"not_picked":["Flying Knee","Deadly Poison"],"picked":"Caltrops","floor":7},{"not_picked":["Blur","Heel Hook"],"picked":"Eviscerate","floor":10},{"not_picked":["After Image","Backflip"],"picked":"Outmaneuver","floor":13},{"not_picked":["Blade Dance","Dagger Spray"],"picked":"Footwork","floor":14}],"player_experience":702135,"relics_obtained":[{"floor":9,"key":"Sundial"},{"floor":10,"key":"Regal Pillow"}],"event_choices":[{"event_name":"Living Wall","player_choice":"Change","floor":11,"damage_taken":0},{"event_name":"Big Fish","player_choice":"Banana","floor":12,"damage_taken":0}],"is_beta":false,"boss_relics":[],"items_purged_floors":[],"is_endless":false,"potions_floor_spawned":[1,4,5,10],"killed_by":"Slime Boss","ascension_level":2}