{"gold_per_floor":[217,233,233,383,31,31,61,61,134,151,184,184,184,200,200,200],"floor_reached":16,"playtime":656,"items_purged":["Doubt"],"score":216,"play_id":"7b5eb1c3-6f4e-4831-99e1-546df592fccd","local_time":"20190211021603","is_ascension_mode":true,"campfire_choices":[{"data":"Cloak And Dagger","floor":6,"key":"SMITH"},{"floor":8,"key":"REST"},{"data":"Leg Sweep","floor":13,"key":"SMITH"},{"floor":15,"key":"REST"}],"neow_cost":"NONE","seed_source_timestamp":51682635830553,"circlet_count":0,"master_deck":["AscendersBane","Defend_G","Defend_G","Defend_G","Defend_G","Defend_G+1","Strike_G","Strike_G","Strike_G","Strike_G","Survivor","Neutralize+1","Cloak And Dagger+1","Dagger Throw","All Out Attack","Backflip","Leg Sweep+1","Masterful Stab"],"relics":["Ring of the Snake","TwistedFunnel","Centennial Puzzle","Dodecahedron","Lantern"],"potions_floor_usage":[7,16],"damage_taken":[{"damage":4,"enemies":"Jaw Worm","floor":1,"turns":5},{"damage":0,"enemies":"2 Louse","floor":2,"turns":4},{"damage":19,"enemies":"Gremlin Nob","floor":7,"turns":4},{"damage":0,"enemies":"Small Slimes","floor":10,"turns":2},{"damage":22,"enemies":"Lagavulin","floor":11,"turns":7},{"damage":0,"enemies":"Exordium Wildlife","floor":14,"turns":4},{"damage":35,"enemies":"Hexaghost","floor":16,"turns":15}],"seed_played":"1886069088853624368","potions_obtained":[{"floor":1,"key":"Weak Potion"},{"floor":14,"key":"GhostInAJar"}],"is_trial":false,"path_per_floor":["M","M","?","?","$","R","E","R","T","M","E","?","R","M","R","B"],"character_chosen":"THE_SILENT","items_purchased":["TwistedFunnel","Strength Potion"],"campfire_rested":2,"item_purchase_floors":[5,5],"current_hp_per_floor":[55,55,35,35,35,35,16,35,35,35,13,13,13,13,32,0],"gold":200,"neow_bonus":"HUNDRED_GOLD","is_prod":false,"is_daily":false,"chose_seed":false,"campfire_upgraded":2,"win_rate":0,"timestamp":1549804563,"path_taken":["M","M","?","?","$","R","E","R","T","M","E","?","R","M","R","BOSS"],"build_version":"2019-01-23","purchased_purges":1,"victory":false,"max_hp_per_floor":[66,66,66,66,66,66,66,66,66,66,66,66,66,66,66,66],"card_choices":[{"not_picked":["Accuracy","Blur"],"picked":"Cloak And Dagger","floor":1},{"not_picked":["Acrobatics","Calculated Gamble"],"picked":"Dagger Throw","floor":2},{"not_picked":["Poisoned Stab","Deadly Poison"],"picked":"All Out Attack","floor":7},{"not_picked":["Outmaneuver","Dodge and Roll"],"picked":"Backflip","floor":10},{"not_picked":["Dagger Spray","Slice"],"picked":"Leg Sweep","floor":11},{"not_picked":["Dodge and Roll","Expertise","Tactician"],"picked":"SKIP","floor":14}],"player_experience":222442,"relics_obtained":[{"floor":7,"key":"Centennial Puzzle"},{"floor":9,"key":"Dodecahedron"},{"floor":11,"key":"Lantern"}],"event_choices":[{"damage_healed":0,"gold_gain":0,"player_choice":"Entered Light","damage_taken":20,"max_hp_gain":0,"max_hp_loss":0,"event_name":"Shining Light","floor":3,"gold_loss":0,"cards_upgraded":["Neutralize","Defend_G"]},{"damage_healed":0,"gold_gain":150,"player_choice":"AGREE","damage_taken":0,"max_hp_gain":0,"max_hp_loss":0,"event_name":"Liars Game","floor":4,"gold_loss":0,"cards_obtained":["Doubt"]},{"damage_healed":0,"gold_gain":0,"cards_transformed":["Strike_G"],"player_choice":"Change","damage_taken":0,"max_hp_gain":0,"max_hp_loss":0,"event_name":"Living Wall","floor":12,"gold_loss":0,"cards_obtained":["Masterful Stab"]}],"is_beta":false,"boss_relics":[],"items_purged_floors":[5],"is_endless":false,"potions_floor_spawned":[1,14],"killed_by":"Hexaghost","ascension_level":20}