{"gold_per_floor":[110,110,285,235,245,245,269,39,120,120,0,0,25,37,37,132,132,148,0,0,11,11,37,37,66,66,66,78,95,95,114,114,211,211,229,229,229,245,260,260,260,25,52,0,20,20,20,32,32,32],"floor_reached":50,"playtime":2983,"items_purged":["Regret"],"score":670,"play_id":"c1b0b38c-8fab-4dd4-8031-8bb0fbd6bd0f","local_time":"20190302123146","is_ascension_mode":true,"campfire_choices":[{"data":"Noxious Fumes","floor":10,"key":"SMITH"},{"data":"Cloak And Dagger","floor":12,"key":"SMITH"},{"data":"Neutralize","floor":15,"key":"SMITH"},{"floor":24,"key":"REST"},{"floor":32,"key":"REST"},{"floor":41,"key":"RECALL"},{"floor":46,"key":"REST"},{"floor":49,"key":"REST"}],"neow_cost":"NONE","seed_source_timestamp":1404453907514935,"circlet_count":0,"master_deck":["Neutralize+1","Dash+1","Poisoned Stab","Quick Slash","Noxious Fumes+1","Cloak And Dagger+1","Dagger Throw","Well Laid Plans","Concentrate+1","Expertise+1","Deflect+1","After Image+1","Quick Slash+1","Reflex+1","Dagger Spray","Slice","Finisher","Malaise+1","Crippling Poison+1","Bite","Bite","Bite","Bite","Bite","Caltrops+1","Footwork+1","Endless Agony","Adrenaline+1","Bullet Time+1","Quick Slash","Bullet Time+1","Deadly Poison+1","Glass Knife","Dodge and Roll+1","Mind Blast","Good Instincts+1","Thinking Ahead+1","PiercingWail+1","Calculated Gamble+1","Mind Blast","Dodge and Roll+1","Outmaneuver+1"],"relics":["White Beast Statue","Turnip","Odd Mushroom","Toxic Egg 2","Frozen Egg 2","Philosopher\u0027s Stone","CultistMask","Sundial","Centennial Puzzle","Singing Bowl","Thread and Needle","Nilry\u0027s Codex","Pandora\u0027s Box","Vajra","Red Mask"],"potions_floor_usage":[13,16,23,23,23,25,35,38,38,45,48,48,48,50],"damage_taken":[{"damage":1,"enemies":"2 Louse","floor":1,"turns":4},{"damage":0,"enemies":"Jaw Worm","floor":5,"turns":4},{"damage":24,"enemies":"The Mushroom Lair","floor":7,"turns":6},{"damage":7,"enemies":"Lagavulin","floor":13,"turns":6},{"damage":0,"enemies":"Small Slimes","floor":14,"turns":2},{"damage":36,"enemies":"Slime Boss","floor":16,"turns":11},{"damage":19,"enemies":"2 Thieves","floor":18,"turns":4},{"damage":32,"enemies":"3 Byrds","floor":21,"turns":6},{"damage":5,"enemies":"Slavers","floor":23,"turns":6},{"damage":14,"enemies":"Book of Stabbing","floor":25,"turns":9},{"damage":3,"enemies":"Snake Plant","floor":28,"turns":4},{"damage":5,"enemies":"Centurion and Healer","floor":29,"turns":7},{"damage":0,"enemies":"Cultist and Chosen","floor":31,"turns":6},{"damage":36,"enemies":"Automaton","floor":33,"turns":11},{"damage":25,"enemies":"3 Darklings","floor":35,"turns":5},{"damage":1,"enemies":"Orb Walker","floor":38,"turns":3},{"damage":15,"enemies":"Maw","floor":39,"turns":10},{"damage":11,"enemies":"Jaw Worm Horde","floor":45,"turns":5},{"damage":17,"enemies":"Transient","floor":48,"turns":5},{"damage":41,"enemies":"Awakened One","floor":50,"turns":5}],"seed_played":"-4080221148997670335","potions_obtained":[{"floor":1,"key":"SkillPotion"},{"floor":5,"key":"GhostInAJar"},{"floor":7,"key":"Weak Potion"},{"floor":13,"key":"Energy Potion"},{"floor":14,"key":"EssenceOfSteel"},{"floor":16,"key":"Regen Potion"},{"floor":18,"key":"Explosive Potion"},{"floor":23,"key":"EssenceOfSteel"},{"floor":25,"key":"GamblersBrew"},{"floor":28,"key":"Swift Potion"},{"floor":29,"key":"Ancient Potion"},{"floor":31,"key":"Weak Potion"},{"floor":35,"key":"GhostInAJar"},{"floor":38,"key":"PowerPotion"},{"floor":39,"key":"SteroidPotion"},{"floor":45,"key":"SteroidPotion"},{"floor":48,"key":"Block Potion"}],"is_trial":false,"path_per_floor":["M","?","?","?","M","?","?","$","T","R","$","R","E","M","R","B",null,"M","$","?","M","T","E","R","E","T","?","M","M","?","M","R","B",null,"M","?","?","M","M","?","R","$","T","?","M","R","$","M","R","B"],"character_chosen":"THE_SILENT","items_purchased":["Noxious Fumes","Cloak And Dagger","Dagger Throw","Well Laid Plans","Concentrate+1","Reflex+1","Dagger Spray","Slice","Mind Blast","Vajra"],"campfire_rested":4,"item_purchase_floors":[8,8,8,11,11,19,19,19,42,42],"current_hp_per_floor":[69,69,69,69,69,69,45,45,45,45,45,45,38,38,38,2,53,34,34,34,2,2,12,33,19,19,19,22,29,13,19,33,17,41,22,12,8,17,16,16,16,16,16,16,13,27,27,20,34,0],"gold":32,"neow_bonus":"BOSS_RELIC","is_prod":false,"is_daily":false,"chose_seed":false,"campfire_upgraded":3,"win_rate":0,"timestamp":1551497506,"path_taken":["M","?","?","?","?","?","?","?","T","R","$","R","E","M","R","BOSS","M","$","?","?","?","E","R","E","T","?","M","M","?","M","R","BOSS","M","?","?","?","M","?","R","$","T","?","M","R","?","M","R","BOSS"],"build_version":"2019-01-23","purchased_purges":1,"victory":false,"max_hp_per_floor":[70,70,70,70,70,70,70,70,70,70,70,70,70,70,70,70,70,70,70,70,70,70,70,70,70,70,49,49,49,49,49,49,49,49,49,49,49,49,49,49,49,49,49,49,49,49,49,49,49,49],"card_choices":[{"not_picked":["Bane","Sucker Punch"],"picked":"Dash","floor":1},{"not_picked":["Bane","Slice"],"picked":"Poisoned Stab","floor":5},{"not_picked":["Deadly Poison","Endless Agony"],"picked":"Quick Slash","floor":7},{"not_picked":["Finisher","Quick Slash"],"picked":"Expertise+1","floor":13},{"not_picked":["Underhanded Strike","Tactician+1"],"picked":"Deflect+1","floor":14},{"not_picked":["Malaise+1","Wraith Form v2+1"],"picked":"After Image+1","floor":16},{"not_picked":["Cloak And Dagger+1","Dagger Throw"],"picked":"Quick Slash+1","floor":18},{"not_picked":["Blade Dance+1","Accuracy+1"],"picked":"Finisher","floor":21},{"not_picked":["Sucker Punch","Prepared+1"],"picked":"Malaise+1","floor":23},{"not_picked":["Bane+1","Skewer"],"picked":"Crippling Poison+1","floor":25},{"not_picked":["Dagger Spray","Outmaneuver+1"],"picked":"Caltrops+1","floor":28},{"not_picked":["Concentrate+1","Cloak And Dagger+1"],"picked":"Footwork+1","floor":29},{"not_picked":["Finisher","Dagger Throw"],"picked":"Endless Agony","floor":31},{"not_picked":["Grand Finale","Doppelganger+1"],"picked":"Adrenaline+1","floor":33},{"not_picked":["Outmaneuver+1","Poisoned Stab+1"],"picked":"Dodge and Roll+1","floor":35},{"not_picked":["Jack Of All Trades+1","Dramatic Entrance"],"picked":"Mind Blast","floor":36},{"not_picked":["Jack Of All Trades+1","Dramatic Entrance"],"picked":"Good Instincts+1","floor":36},{"not_picked":["Impatience+1","Mayhem+1"],"picked":"Thinking Ahead+1","floor":36},{"not_picked":["Endless Agony","Deflect+1"],"picked":"PiercingWail+1","floor":38},{"not_picked":["Well Laid Plans+1","Backflip+1"],"picked":"Calculated Gamble+1","floor":39},{"not_picked":["Deflect+1","Cloak And Dagger+1"],"picked":"Dodge and Roll+1","floor":45},{"not_picked":["Sucker Punch","Caltrops+1"],"picked":"Outmaneuver+1","floor":48}],"player_experience":174819,"relics_obtained":[{"floor":7,"key":"Odd Mushroom"},{"floor":9,"key":"Toxic Egg 2"},{"floor":13,"key":"Frozen Egg 2"},{"floor":22,"key":"Sundial"},{"floor":23,"key":"Centennial Puzzle"},{"floor":25,"key":"Singing Bowl"},{"floor":26,"key":"Thread and Needle"},{"floor":30,"key":"Nilry\u0027s Codex"}],"event_choices":[{"damage_healed":0,"gold_gain":0,"player_choice":"Grow","damage_taken":0,"max_hp_gain":0,"max_hp_loss":0,"event_name":"Living Wall","floor":2,"gold_loss":0,"cards_upgraded":["Dash"]},{"damage_healed":0,"gold_gain":175,"player_choice":"AGREE","damage_taken":0,"max_hp_gain":0,"max_hp_loss":0,"event_name":"Liars Game","floor":3,"gold_loss":0,"cards_obtained":["Doubt"]},{"cards_removed":["Doubt"],"damage_healed":0,"gold_gain":0,"player_choice":"Card Removal","damage_taken":0,"max_hp_gain":0,"max_hp_loss":0,"event_name":"The Cleric","floor":4,"gold_loss":50},{"damage_healed":0,"gold_gain":0,"player_choice":"Box","damage_taken":0,"relics_obtained":["Turnip"],"max_hp_gain":0,"max_hp_loss":0,"event_name":"Big Fish","floor":6,"gold_loss":0,"cards_obtained":["Regret"]},{"damage_healed":0,"gold_gain":0,"player_choice":"Fought Mushrooms","damage_taken":0,"max_hp_gain":0,"max_hp_loss":0,"event_name":"Mushrooms","floor":7,"gold_loss":0},{"damage_healed":0,"gold_gain":0,"player_choice":"Trade","damage_taken":0,"relics_obtained":["CultistMask"],"max_hp_gain":0,"max_hp_loss":0,"event_name":"FaceTrader","floor":20,"gold_loss":0},{"damage_healed":0,"gold_gain":0,"player_choice":"Became a vampire","damage_taken":0,"max_hp_gain":0,"max_hp_loss":21,"event_name":"Vampires","floor":27,"gold_loss":0,"cards_obtained":["Bite","Bite","Bite","Bite","Bite"]},{"damage_healed":0,"gold_gain":0,"player_choice":"Obtained Book","damage_taken":16,"max_hp_gain":0,"max_hp_loss":0,"event_name":"Cursed Tome","floor":30,"gold_loss":0},{"damage_healed":0,"gold_gain":0,"player_choice":"Memory 3","damage_taken":10,"max_hp_gain":0,"max_hp_loss":0,"event_name":"SensoryStone","floor":36,"gold_loss":0},{"damage_healed":0,"gold_gain":0,"player_choice":"Damaged","damage_taken":4,"max_hp_gain":0,"max_hp_loss":0,"event_name":"Wheel of Change","floor":37,"gold_loss":0},{"cards_removed":["Survivor"],"damage_healed":0,"gold_gain":0,"player_choice":"Removed Skill","damage_taken":0,"max_hp_gain":0,"max_hp_loss":0,"event_name":"Falling","floor":40,"gold_loss":0},{"damage_healed":0,"gold_gain":0,"player_choice":"Paid","damage_taken":0,"relics_obtained":["Red Mask"],"max_hp_gain":0,"max_hp_loss":0,"event_name":"Tomb of Lord Red Mask","floor":44,"gold_loss":52}],"is_beta":false,"boss_relics":[{"not_picked":["Sozu","Coffee Dripper"],"picked":"Philosopher\u0027s Stone"},{"not_picked":["Astrolabe","WristBlade"],"picked":"Pandora\u0027s Box"}],"items_purged_floors":[8],"is_endless":false,"potions_floor_spawned":[1,5,7,13,14,16,18,21,23,25,28,29,31,33,35,38,39,45,48],"killed_by":"Awakened One","ascension_level":5}