{"gold_per_floor":[115,26,26,38,38,94,109,121,144,162,123,158,158,168,168,246,246,263,263,31,31,31,31,65,65,65,65,115,132,132,182,182,258,258,275,275,375,53,66,66,66,66,66,80,112,129,141,166,166,166],"floor_reached":50,"playtime":3610,"items_purged":["Writhe"],"score":1152,"play_id":"725334b1-7bdb-442b-8bf2-ff93502b01d9","local_time":"20190218203227","is_ascension_mode":true,"campfire_choices":[{"data":"Uppercut","floor":13,"key":"SMITH"},{"data":"Fiend Fire","floor":15,"key":"SMITH"},{"data":"Demon Form","floor":23,"key":"SMITH"},{"floor":32,"key":"REST"},{"data":"Disarm","floor":40,"key":"SMITH"},{"data":"Heavy Blade","floor":42,"key":"SMITH"},{"floor":49,"key":"RECALL"}],"neow_cost":"NONE","seed_source_timestamp":7451899756421,"circlet_count":0,"master_deck":["AscendersBane","Defend_R","Defend_R","Defend_R","Defend_R","Uppercut+1","Shrug It Off","Disarm+1","Cleave","Fiend Fire+1","Headbutt","Shockwave","Shrug It Off","Demon Form+1","Armaments","Bite","Bite","Bite","Bite","Bite","Iron Wave","Reaper","Dark Shackles","Discovery","Heavy Blade+1","Warcry+1","Feel No Pain+1","Metallicize+1","Double Tap","Shrug It Off","Metallicize+1"],"relics":["Burning Blood","NeowsBlessing","Tiny Chest","Ancient Tea Set","Mark of Pain","Singing Bowl","Juzu Bracelet","Nilry\u0027s Codex","Art of War","Charon\u0027s Ashes","Coffee Dripper","StoneCalendar","Incense Burner","Frozen Egg 2","Sundial","Orichalcum"],"potions_floor_usage":[24,24,33,48],"damage_taken":[{"damage":0,"enemies":"Jaw Worm","floor":1,"turns":1},{"damage":0,"enemies":"Small Slimes","floor":4,"turns":1},{"damage":0,"enemies":"Lagavulin","floor":6,"turns":1},{"damage":4,"enemies":"Cultist","floor":7,"turns":4},{"damage":22,"enemies":"Lots of Slimes","floor":8,"turns":4},{"damage":1,"enemies":"Exordium Wildlife","floor":10,"turns":4},{"damage":30,"enemies":"Gremlin Nob","floor":12,"turns":4},{"damage":1,"enemies":"Looter","floor":14,"turns":3},{"damage":42,"enemies":"Slime Boss","floor":16,"turns":8},{"damage":22,"enemies":"Spheric Guardian","floor":18,"turns":4},{"damage":24,"enemies":"Slavers","floor":24,"turns":7},{"damage":15,"enemies":"3 Byrds","floor":29,"turns":8},{"damage":70,"enemies":"Automaton","floor":33,"turns":11},{"damage":52,"enemies":"3 Darklings","floor":35,"turns":12},{"damage":1,"enemies":"Mind Bloom Boss Battle","floor":37,"turns":9},{"damage":0,"enemies":"3 Shapes","floor":39,"turns":3},{"damage":43,"enemies":"3 Darklings","floor":44,"turns":7},{"damage":3,"enemies":"Nemesis","floor":45,"turns":8},{"damage":15,"enemies":"Transient","floor":46,"turns":6},{"damage":6,"enemies":"4 Shapes","floor":47,"turns":7},{"damage":49,"enemies":"Reptomancer","floor":48,"turns":8},{"damage":58,"enemies":"Donu and Deca","floor":50,"turns":4}],"seed_played":"-1706227891841727462","potions_obtained":[{"floor":7,"key":"Fire Potion"},{"floor":8,"key":"SpeedPotion"},{"floor":10,"key":"Explosive Potion"},{"floor":24,"key":"SteroidPotion"},{"floor":37,"key":"SpeedPotion"},{"floor":39,"key":"SpeedPotion"},{"floor":46,"key":"PowerPotion"}],"is_trial":false,"path_per_floor":["M","$","?","M","?","E","M","M","T","M","$","E","R","M","R","B",null,"M","?","$","?","?","R","E","?","T","T","?","M","?","?","R","B",null,"M","?","?","$","M","R","?","R","T","M","E","M","M","E","R","B"],"character_chosen":"IRONCLAD","items_purchased":["Uppercut","Shockwave","Juzu Bracelet","Incense Burner"],"campfire_rested":1,"item_purchase_floors":[2,11,20,38],"current_hp_per_floor":[74,74,74,75,75,75,75,59,59,64,64,40,40,47,47,13,60,46,46,46,25,75,75,59,59,59,59,59,66,44,44,68,25,68,84,76,86,86,86,86,86,86,86,58,78,86,86,49,49,0],"gold":166,"neow_bonus":"THREE_ENEMY_KILL","is_prod":false,"is_daily":false,"chose_seed":false,"campfire_upgraded":5,"win_rate":0,"timestamp":1550475147,"path_taken":["M","$","?","M","?","E","M","M","T","?","?","E","R","M","R","BOSS","M","?","$","?","?","R","E","?","T","?","?","M","?","?","R","BOSS","M","?","?","?","M","R","?","R","T","M","E","M","M","E","R","BOSS"],"build_version":"2019-01-23","purchased_purges":1,"victory":false,"max_hp_per_floor":[75,75,75,75,75,75,75,75,75,75,75,75,75,75,75,75,75,75,75,75,75,75,75,77,77,77,77,77,77,82,82,82,82,82,84,86,86,86,86,86,86,86,86,86,86,86,86,86,86,86],"card_choices":[{"not_picked":["Clash","Perfected Strike"],"picked":"Spot Weakness","floor":1},{"not_picked":["Headbutt","Blood for Blood"],"picked":"Shrug It Off","floor":4},{"not_picked":["Carnage","Hemokinesis"],"picked":"Disarm","floor":6},{"not_picked":["Clothesline","Perfected Strike"],"picked":"Cleave","floor":7},{"not_picked":["Havoc","Body Slam"],"picked":"Fiend Fire","floor":8},{"not_picked":["Heavy Blade","Thunderclap"],"picked":"Headbutt","floor":10},{"not_picked":["Flex","Thunderclap"],"picked":"Shrug It Off","floor":12},{"not_picked":["Rupture","Anger","Uppercut"],"picked":"SKIP","floor":14},{"not_picked":["Berserk","Barricade"],"picked":"Demon Form","floor":16},{"not_picked":["Anger","Pummel"],"picked":"Armaments","floor":18},{"not_picked":["Power Through","Anger","Barricade"],"picked":"Singing Bowl","floor":24},{"not_picked":["Uppercut","Flex"],"picked":"Iron Wave","floor":29},{"not_picked":["Double Tap","Brutality"],"picked":"Reaper","floor":33},{"not_picked":["Wild Strike","Clash","Rupture"],"picked":"Singing Bowl","floor":35},{"not_picked":["The Bomb","Good Instincts"],"picked":"Dark Shackles","floor":36},{"not_picked":["Panache","Mind Blast","Jack Of All Trades"],"picked":"Singing Bowl","floor":36},{"not_picked":["Dramatic Entrance","Mayhem"],"picked":"Discovery","floor":36},{"not_picked":["Clothesline","Blood for Blood+1"],"picked":"Heavy Blade","floor":37},{"not_picked":["Perfected Strike+1","Searing Blow"],"picked":"Warcry+1","floor":39},{"not_picked":["Thunderclap","Sentinel"],"picked":"Feel No Pain+1","floor":44},{"not_picked":["Combust+1","Clothesline"],"picked":"Metallicize+1","floor":45},{"not_picked":["Armaments","Hemokinesis"],"picked":"Double Tap","floor":46},{"not_picked":["True Grit","Whirlwind+1"],"picked":"Shrug It Off","floor":47},{"not_picked":["Warcry","Second Wind"],"picked":"Metallicize+1","floor":48}],"player_experience":336643,"relics_obtained":[{"floor":6,"key":"Tiny Chest"},{"floor":9,"key":"Ancient Tea Set"},{"floor":12,"key":"Blood Vial"},{"floor":21,"key":"Nilry\u0027s Codex"},{"floor":24,"key":"Art of War"},{"floor":26,"key":"Charon\u0027s Ashes"},{"floor":37,"key":"StoneCalendar"},{"floor":43,"key":"Frozen Egg 2"},{"floor":45,"key":"Sundial"},{"floor":48,"key":"Orichalcum"}],"event_choices":[{"damage_healed":0,"gold_gain":0,"player_choice":"Ignored","damage_taken":0,"max_hp_gain":0,"max_hp_loss":0,"event_name":"Liars Game","floor":3,"gold_loss":0},{"cards_removed":["Strike_R"],"damage_healed":0,"gold_gain":0,"player_choice":"Card Removal","damage_taken":0,"max_hp_gain":0,"max_hp_loss":0,"event_name":"Wheel of Change","floor":5,"gold_loss":0},{"damage_healed":0,"gold_gain":0,"player_choice":"Opened","damage_taken":0,"relics_obtained":["Singing Bowl"],"max_hp_gain":0,"max_hp_loss":0,"event_name":"The Mausoleum","floor":19,"gold_loss":0,"cards_obtained":["Writhe"]},{"damage_healed":0,"gold_gain":0,"player_choice":"Obtained Book","damage_taken":21,"max_hp_gain":0,"max_hp_loss":0,"event_name":"Cursed Tome","floor":21,"gold_loss":0},{"cards_removed":["Spot Weakness"],"damage_healed":50,"gold_gain":0,"player_choice":"Offered Uncommon","damage_taken":0,"max_hp_gain":0,"max_hp_loss":0,"event_name":"Bonfire Elementals","floor":22,"gold_loss":0},{"damage_healed":0,"gold_gain":0,"player_choice":"Became a vampire (Vial)","damage_taken":0,"max_hp_gain":0,"max_hp_loss":0,"event_name":"Vampires","floor":25,"relics_lost":["Blood Vial"],"gold_loss":0,"cards_obtained":["Bite","Bite","Bite","Bite","Bite"]},{"damage_healed":0,"gold_gain":50,"player_choice":"Pray","damage_taken":0,"max_hp_gain":0,"max_hp_loss":0,"event_name":"Golden Shrine","floor":28,"gold_loss":0},{"damage_healed":0,"gold_gain":0,"player_choice":"Shed Blood","damage_taken":27,"max_hp_gain":5,"max_hp_loss":0,"event_name":"Forgotten Altar","floor":30,"gold_loss":0},{"damage_healed":0,"gold_gain":50,"player_choice":"Stole From Cult","damage_taken":0,"max_hp_gain":0,"max_hp_loss":0,"event_name":"Nest","floor":31,"gold_loss":0},{"damage_healed":0,"gold_gain":0,"player_choice":"Memory 3","damage_taken":10,"max_hp_gain":0,"max_hp_loss":0,"event_name":"SensoryStone","floor":36,"gold_loss":0},{"damage_healed":0,"gold_gain":0,"player_choice":"Fight","damage_taken":0,"max_hp_gain":0,"max_hp_loss":0,"event_name":"MindBloom","floor":37,"gold_loss":0},{"cards_removed":["Bash"],"damage_healed":0,"gold_gain":0,"player_choice":"Removed Attack","damage_taken":0,"max_hp_gain":0,"max_hp_loss":0,"event_name":"Falling","floor":41,"gold_loss":0}],"is_beta":false,"boss_relics":[{"not_picked":["Tiny House","Lizard Tail"],"picked":"Mark of Pain"},{"not_picked":["Empty Cage","Cursed Key"],"picked":"Coffee Dripper"}],"items_purged_floors":[20],"is_endless":false,"potions_floor_spawned":[7,8,10,14,24,37,39,44,46],"killed_by":"Donu and Deca","ascension_level":20}