{"gold_per_floor":[114,129,129,129,304,304,334,334,359,374,389,404,167,182,182,282,282,297,3,18,118,118,118,133,133,158,173,188,203,233,248,248,348,348,363,363,378,393,493,523,523,538,563,578,578,593,593,57,57,57],"floor_reached":51,"playtime":2297,"items_purged":[],"score":803,"play_id":"d2b7a46f-da43-4ee3-a9ab-f88fbd33ca85","local_time":"20181110231836","daily_mods":["SealedDeck","Uncertain Future","Night Terrors"],"is_ascension_mode":false,"campfire_choices":[{"data":"Beam Cell","floor":6,"key":"SMITH"},{"data":"Beam Cell","floor":8,"key":"SMITH"},{"data":"Defragment","floor":15,"key":"SMITH"},{"data":"Reboot","floor":23,"key":"SMITH"},{"data":"Steam Power","floor":25,"key":"SMITH"},{"floor":32,"key":"REST"},{"data":"Seek","floor":41,"key":"SMITH"},{"data":"White Noise","floor":47,"key":"SMITH"},{"data":"Defragment","floor":49,"key":"SMITH"}],"neow_cost":"","seed_source_timestamp":2436888238477364,"circlet_count":0,"master_deck":["Hologram+1","Ball Lightning","Leap+1","Rebound","Rebound","Ball Lightning","White Noise+1","Beam Cell+1","Gash","Gash","Beam Cell+1","BootSequence","Doubt","Sweeping Beam","Beam Cell","Steam","All For One","Conserve Battery","Defragment+1","Steam","Reboot+1","Steam Power+1","Gash","Master of Strategy+1","Steam","Beam Cell+1","Loop+1","Finesse","Sweeping Beam+1","Self Repair","Leap","Leap","Seek+1","Sweeping Beam","Defragment+1","Beam Cell","Coolheaded+1","Rebound+1","Forethought","Reboot+1","Hologram+1","Capacitor"],"special_seed":17845,"relics":["Cracked Core","Blood Vial","Dream Catcher","Philosopher\u0027s Stone","StoneCalendar","Gremlin Horn","War Paint","Dodecahedron","Eternal Feather","Gambling Chip","Potion Belt","Centennial Puzzle","Toxic Egg 2"],"potions_floor_usage":[16,16,21,21,33,33,50,50,50,50],"damage_taken":[{"damage":0,"enemies":"Small Slimes","floor":1,"turns":2},{"damage":2,"enemies":"Jaw Worm","floor":2,"turns":2},{"damage":15,"enemies":"3 Sentries","floor":7,"turns":4},{"damage":0,"enemies":"2 Louse","floor":10,"turns":2},{"damage":6,"enemies":"Lots of Slimes","floor":11,"turns":4},{"damage":15,"enemies":"Exordium Wildlife","floor":12,"turns":4},{"damage":0,"enemies":"Looter","floor":14,"turns":3},{"damage":21,"enemies":"Hexaghost","floor":16,"turns":5},{"damage":12,"enemies":"2 Thieves","floor":18,"turns":3},{"damage":0,"enemies":"Chosen","floor":20,"turns":4},{"damage":17,"enemies":"Colosseum Slavers","floor":21,"turns":4},{"damage":3,"enemies":"Colosseum Nobs","floor":21,"turns":3},{"damage":0,"enemies":"Sentry and Sphere","floor":24,"turns":3},{"damage":13,"enemies":"Centurion and Healer","floor":27,"turns":4},{"damage":21,"enemies":"Shelled Parasite and Fungi","floor":28,"turns":4},{"damage":0,"enemies":"3 Cultists","floor":29,"turns":3},{"damage":19,"enemies":"Slavers","floor":30,"turns":3},{"damage":0,"enemies":"Centurion and Healer","floor":31,"turns":2},{"damage":28,"enemies":"Automaton","floor":33,"turns":8},{"damage":0,"enemies":"3 Darklings","floor":35,"turns":3},{"damage":15,"enemies":"3 Shapes","floor":37,"turns":3},{"damage":18,"enemies":"3 Darklings","floor":38,"turns":3},{"damage":12,"enemies":"Mind Bloom Boss Battle","floor":39,"turns":5},{"damage":21,"enemies":"Reptomancer","floor":40,"turns":5},{"damage":7,"enemies":"Jaw Worm Horde","floor":42,"turns":3},{"damage":0,"enemies":"Spire Growth","floor":44,"turns":3},{"damage":5,"enemies":"Sphere and 2 Shapes","floor":46,"turns":5},{"damage":3,"enemies":"Donu and Deca","floor":50,"turns":8}],"seed_played":"720756091651424505","potions_obtained":[{"floor":2,"key":"Weak Potion"},{"floor":10,"key":"Poison Potion"},{"floor":12,"key":"Strength Potion"},{"floor":14,"key":"SteroidPotion"},{"floor":20,"key":"FocusPotion"},{"floor":27,"key":"Dexterity Potion"},{"floor":28,"key":"Fire Potion"},{"floor":30,"key":"FearPotion"},{"floor":35,"key":"Ancient Potion"},{"floor":37,"key":"Dexterity Potion"},{"floor":44,"key":"FearPotion"}],"is_trial":false,"path_per_floor":["M","M","$","?","?","R","E","R","T","M","M","M","$","M","R","B",null,"M","$","M","?","?","R","M","R","T","M","M","M","E","M","R","B",null,"M","?","M","M","?","E","R","M","T","M","?","M","R","$","R","B",null],"character_chosen":"DEFECT","items_purchased":["All For One","Conserve Battery","Defragment","Gash","Master of Strategy","Steam","Toxic Egg 2","Reboot+1","Hologram+1","Capacitor","Strength Potion"],"campfire_rested":1,"item_purchase_floors":[13,13,13,19,19,19,48,48,48,48,48],"current_hp_per_floor":[75,73,73,73,73,73,58,58,58,60,56,43,43,45,45,26,75,63,63,65,49,49,49,51,51,51,40,21,30,13,15,70,49,70,70,70,62,46,36,24,45,40,40,42,32,36,57,57,70,70],"gold":57,"neow_bonus":"","is_prod":false,"is_daily":true,"chose_seed":false,"campfire_upgraded":8,"win_rate":0,"timestamp":1541845116,"path_taken":["M","M","$","?","?","R","E","R","T","M","M","M","?","M","R","BOSS","M","$","M","?","?","R","M","R","T","M","M","M","E","?","R","BOSS","M","?","M","M","?","E","R","M","T","M","?","M","R","$","R","BOSS"],"build_version":"2018-11-08","purchased_purges":0,"victory":true,"max_hp_per_floor":[75,75,75,75,75,75,75,75,75,75,75,75,75,75,75,75,75,75,75,75,75,75,75,75,75,75,75,75,75,75,75,70,70,70,70,70,70,70,70,70,70,70,70,70,70,70,70,70,70,70],"card_choices":[{"not_picked":["Leap","Sweeping Beam"],"picked":"Beam Cell","floor":1},{"not_picked":["Steam","Auto Shields"],"picked":"BootSequence","floor":2},{"not_picked":["Barrage","Streamline","Rainbow"],"picked":"SKIP","floor":7},{"not_picked":["Beam Cell","Stack"],"picked":"Sweeping Beam","floor":10},{"not_picked":["Multi-Cast","Consume"],"picked":"Beam Cell","floor":11},{"not_picked":["Cold Snap","Turbo"],"picked":"Steam","floor":12},{"not_picked":["Stack","Cold Snap"],"picked":"Steam","floor":14},{"not_picked":["Fission","Rainbow"],"picked":"Reboot","floor":16},{"not_picked":["Barrage","Turbo+1"],"picked":"Steam Power","floor":18},{"not_picked":["Ball Lightning+1","Loop"],"picked":"Beam Cell+1","floor":20},{"not_picked":["Sweeping Beam","Conserve Battery+1"],"picked":"Loop+1","floor":21},{"not_picked":["Fusion","Double Energy","Storm"],"picked":"SKIP","floor":24},{"not_picked":["Self Repair","White Noise"],"picked":"Sweeping Beam+1","floor":27},{"not_picked":["Genetic Algorithm+1","Core Surge"],"picked":"Self Repair","floor":28},{"not_picked":["Compile Driver+1","Stack+1"],"picked":"Leap","floor":29},{"not_picked":["Reprogram","Sweeping Beam","Beam Cell+1"],"picked":"SKIP","floor":30},{"not_picked":["Storm","Redo+1","Chaos"],"picked":"SKIP","floor":31},{"not_picked":["Barrage","Storm+1"],"picked":"Leap","floor":32},{"not_picked":["Rainbow","Amplify"],"picked":"Seek","floor":33},{"not_picked":["Conserve Battery+1","Redo+1"],"picked":"Sweeping Beam","floor":35},{"not_picked":["Conserve Battery+1","Streamline","Beam Cell"],"picked":"SKIP","floor":37},{"not_picked":["Genetic Algorithm","Steam"],"picked":"Defragment","floor":38},{"not_picked":["Meteor Strike","Undo"],"picked":"Beam Cell","floor":39},{"not_picked":["Barrage+1","Stack"],"picked":"Coolheaded+1","floor":40},{"not_picked":["Consume+1","Streamline","Heatsinks+1"],"picked":"SKIP","floor":42},{"not_picked":["Steam+1","White Noise"],"picked":"Rebound+1","floor":44},{"not_picked":["Purity","Bandage Up"],"picked":"Forethought","floor":45},{"not_picked":["Rebound+1","Leap","Ball Lightning"],"picked":"SKIP","floor":46}],"player_experience":351493,"relics_obtained":[{"floor":7,"key":"Blood Vial"},{"floor":9,"key":"Dream Catcher"},{"floor":21,"key":"StoneCalendar"},{"floor":21,"key":"Gremlin Horn"},{"floor":26,"key":"War Paint"},{"floor":30,"key":"Dodecahedron"},{"floor":39,"key":"Gambling Chip"},{"floor":40,"key":"Potion Belt"},{"floor":43,"key":"Centennial Puzzle"}],"event_choices":[{"damage_healed":0,"gold_gain":0,"player_choice":"Grow","damage_taken":0,"max_hp_gain":0,"max_hp_loss":0,"event_name":"Living Wall","floor":4,"gold_loss":0,"cards_upgraded":["Leap"]},{"damage_healed":0,"gold_gain":175,"player_choice":"AGREE","damage_taken":0,"max_hp_gain":0,"max_hp_loss":0,"event_name":"Liars Game","floor":5,"gold_loss":0,"cards_obtained":["Doubt"]},{"damage_healed":0,"gold_gain":0,"player_choice":"Fight","damage_taken":0,"max_hp_gain":0,"max_hp_loss":0,"event_name":"Colosseum","floor":21,"gold_loss":0},{"damage_healed":0,"gold_gain":0,"player_choice":"Fought Nobs","damage_taken":0,"max_hp_gain":0,"max_hp_loss":0,"event_name":"Colosseum","floor":21,"gold_loss":0},{"damage_healed":0,"gold_gain":0,"player_choice":"1 cards matched","damage_taken":0,"max_hp_gain":0,"max_hp_loss":0,"event_name":"Match and Keep!","floor":22,"gold_loss":0,"cards_obtained":["Finesse"]},{"damage_healed":0,"gold_gain":0,"player_choice":"Ignored","damage_taken":0,"max_hp_gain":0,"max_hp_loss":0,"event_name":"Tomb of Lord Red Mask","floor":36,"gold_loss":0},{"damage_healed":0,"gold_gain":0,"player_choice":"Fight","damage_taken":0,"max_hp_gain":0,"max_hp_loss":0,"event_name":"MindBloom","floor":39,"gold_loss":0},{"damage_healed":0,"gold_gain":0,"player_choice":"Memory 3","damage_taken":10,"max_hp_gain":0,"max_hp_loss":0,"event_name":"SensoryStone","floor":45,"gold_loss":0}],"is_beta":false,"boss_relics":[{"not_picked":["Tiny House","Pandora\u0027s Box"],"picked":"Philosopher\u0027s Stone"},{"not_picked":["Velvet Choker","Snecko Eye"],"picked":"Eternal Feather"}],"items_purged_floors":[],"is_endless":false,"potions_floor_spawned":[2,10,12,14,20,21,27,28,30,35,37,44],"ascension_level":0}