{"gold_per_floor":[118,118,129,147,160,193,193,217,217,23,23,34,34,44,44,120,120,138,157,257,268,193,193,193,208,208,538,538,550,550,567,567,641,641,656,656,667,463,463,463,310,310],"floor_reached":42,"playtime":3934,"items_purged":["Decay","Strike_G"],"score":861,"play_id":"d59cb080-ec20-4420-81ed-ba86a04b80cc","local_time":"20190301201513","is_ascension_mode":true,"campfire_choices":[{"data":"Malaise","floor":7,"key":"SMITH"},{"data":"Apotheosis","floor":11,"key":"SMITH"},{"data":"Crippling Poison","floor":15,"key":"SMITH"},{"floor":23,"key":"REST"},{"floor":32,"key":"REST"},{"data":"Caltrops","floor":40,"key":"SMITH"}],"neow_cost":"TEN_PERCENT_HP_LOSS","seed_source_timestamp":30512837571947,"circlet_count":0,"master_deck":["AscendersBane","Defend_G","Defend_G","Defend_G","Defend_G","Defend_G","Strike_G","Strike_G","Strike_G+1","Survivor","Neutralize+1","Malaise+1","Dagger Throw","Dagger Throw","Poisoned Stab+1","Crippling Poison+1","Leg Sweep","Apotheosis+1","Acrobatics","Neutralize","Calculated Gamble","Glass Knife","Backflip","Backstab","Malaise","Bouncing Flask","Cloak And Dagger","Well Laid Plans+1","Blur","Acrobatics+1","Malaise","Predator+1","Backflip","Caltrops+1","Crippling Poison","Footwork","Acrobatics"],"relics":["Ring of the Snake","Matryoshka","Odd Mushroom","Whetstone","Pear","Velvet Choker","Dead Branch","Pantograph","Mango","Smiling Mask","Old Coin","Cursed Key"],"potions_floor_usage":[8,16,18,20,21,33,33],"damage_taken":[{"damage":18,"enemies":"Jaw Worm","floor":1,"turns":10},{"damage":0,"enemies":"Cultist","floor":3,"turns":4},{"damage":0,"enemies":"Small Slimes","floor":4,"turns":4},{"damage":3,"enemies":"2 Fungi Beasts","floor":5,"turns":4},{"damage":24,"enemies":"Gremlin Nob","floor":6,"turns":4},{"damage":3,"enemies":"The Mushroom Lair","floor":8,"turns":4},{"damage":1,"enemies":"Red Slaver","floor":12,"turns":5},{"damage":0,"enemies":"Blue Slaver","floor":14,"turns":5},{"damage":8,"enemies":"The Guardian","floor":16,"turns":13},{"damage":2,"enemies":"Spheric Guardian","floor":18,"turns":5},{"damage":18,"enemies":"Chosen","floor":19,"turns":6},{"damage":8,"enemies":"Colosseum Slavers","floor":20,"turns":5},{"damage":8,"enemies":"Colosseum Nobs","floor":20,"turns":5},{"damage":12,"enemies":"3 Cultists","floor":21,"turns":5},{"damage":16,"enemies":"Cultist and Chosen","floor":25,"turns":6},{"damage":11,"enemies":"Gremlin Leader","floor":27,"turns":6},{"damage":1,"enemies":"Snake Plant","floor":29,"turns":4},{"damage":12,"enemies":"Centurion and Healer","floor":31,"turns":5},{"damage":38,"enemies":"Collector","floor":33,"turns":12},{"damage":0,"enemies":"Orb Walker","floor":35,"turns":5},{"damage":6,"enemies":"3 Shapes","floor":37,"turns":4},{"damage":62,"enemies":"Reptomancer","floor":42,"turns":7}],"seed_played":"-8928010100712668466","potions_obtained":[{"floor":1,"key":"Explosive Potion"},{"floor":8,"key":"Regen Potion"},{"floor":14,"key":"SkillPotion"},{"floor":16,"key":"AttackPotion"},{"floor":19,"key":"AttackPotion"},{"floor":20,"key":"SkillPotion"},{"floor":25,"key":"AttackPotion"},{"floor":29,"key":"Fire Potion"},{"floor":31,"key":"EssenceOfSteel"}],"is_trial":false,"path_per_floor":["M","?","M","M","M","E","R","?","T","$","R","M","?","M","R","B",null,"M","M","?","M","?","R","?","M","T","E","?","M","?","M","R","B",null,"M","?","M","$","?","R","$","E"],"character_chosen":"THE_SILENT","items_purchased":["Apotheosis","Caltrops","Crippling Poison","Footwork","Acrobatics"],"campfire_rested":2,"item_purchase_floors":[10,38,38,41,41],"current_hp_per_floor":[41,41,41,41,38,14,14,11,21,21,21,20,20,20,20,27,59,57,39,23,11,11,32,32,16,30,19,19,18,18,6,31,18,68,68,68,62,62,62,62,62,0],"gold":310,"neow_bonus":"THREE_RARE_CARDS","is_prod":false,"is_daily":false,"chose_seed":false,"campfire_upgraded":4,"win_rate":0,"timestamp":1551424513,"path_taken":["M","?","M","M","?","E","R","?","T","$","R","M","?","?","R","BOSS","M","M","?","M","?","R","?","M","T","E","?","?","?","M","R","BOSS","M","?","M","$","?","R","?","E"],"build_version":"2019-01-23","purchased_purges":2,"victory":false,"max_hp_per_floor":[60,60,60,60,60,60,60,60,70,70,70,70,70,70,70,70,70,70,70,70,70,70,70,70,70,84,84,84,84,84,84,84,84,84,84,84,84,84,84,84,84,84],"card_choices":[{"not_picked":["Grand Finale","Doppelganger"],"picked":"Malaise","floor":0},{"not_picked":["Leg Sweep","Cloak And Dagger"],"picked":"Dagger Throw","floor":1},{"not_picked":["Slice","Terror"],"picked":"Dagger Throw","floor":3},{"not_picked":["Dodge and Roll","Tactician","Concentrate"],"picked":"SKIP","floor":4},{"not_picked":["Flying Knee","Quick Slash"],"picked":"Poisoned Stab","floor":5},{"not_picked":["Deflect","Bane"],"picked":"Crippling Poison","floor":6},{"not_picked":["Setup","Backflip"],"picked":"Leg Sweep","floor":8},{"not_picked":["Sucker Punch","Crippling Poison"],"picked":"Acrobatics","floor":12},{"not_picked":["Prepared","Poisoned Stab"],"picked":"Calculated Gamble","floor":14},{"not_picked":["Tools of the Trade","Unload"],"picked":"Glass Knife","floor":16},{"not_picked":["Predator","Underhanded Strike"],"picked":"Backflip","floor":18},{"not_picked":["Dodge and Roll","PiercingWail"],"picked":"Backstab","floor":19},{"not_picked":["Backflip","Endless Agony"],"picked":"Malaise","floor":20},{"not_picked":["Blade Dance","Bane"],"picked":"Bouncing Flask","floor":21},{"not_picked":["Cloak And Dagger","Dodge and Roll"],"picked":"Well Laid Plans","floor":25},{"not_picked":["Outmaneuver","Poisoned Stab"],"picked":"Blur","floor":27},{"not_picked":["Backstab","Deflect","Outmaneuver"],"picked":"SKIP","floor":29},{"not_picked":["Blade Dance","Distraction"],"picked":"Acrobatics+1","floor":31},{"not_picked":["Corpse Explosion","Tools of the Trade"],"picked":"Malaise","floor":33},{"not_picked":["Blade Dance","Calculated Gamble"],"picked":"Predator+1","floor":35},{"not_picked":["Sucker Punch","Escape Plan"],"picked":"Backflip","floor":37}],"player_experience":531174,"relics_obtained":[{"floor":6,"key":"Matryoshka"},{"floor":8,"key":"Odd Mushroom"},{"floor":9,"key":"Whetstone"},{"floor":9,"key":"Pear"},{"floor":20,"key":"Dead Branch"},{"floor":20,"key":"Pantograph"},{"floor":26,"key":"Mango"},{"floor":26,"key":"Smiling Mask"},{"floor":27,"key":"Old Coin"}],"event_choices":[{"damage_healed":0,"gold_gain":0,"player_choice":"Upgraded","damage_taken":0,"max_hp_gain":0,"max_hp_loss":0,"event_name":"Upgrade Shrine","floor":2,"gold_loss":0,"cards_upgraded":["Neutralize"]},{"damage_healed":0,"gold_gain":0,"player_choice":"Fought Mushrooms","damage_taken":0,"max_hp_gain":0,"max_hp_loss":0,"event_name":"Mushrooms","floor":8,"gold_loss":0},{"damage_healed":0,"gold_gain":0,"player_choice":"1 cards matched","damage_taken":0,"max_hp_gain":0,"max_hp_loss":0,"event_name":"Match and Keep!","floor":13,"gold_loss":0,"cards_obtained":["Neutralize"]},{"damage_healed":0,"gold_gain":0,"player_choice":"Fight","damage_taken":0,"max_hp_gain":0,"max_hp_loss":0,"event_name":"Colosseum","floor":20,"gold_loss":0},{"damage_healed":0,"gold_gain":0,"player_choice":"Fought Nobs","damage_taken":0,"max_hp_gain":0,"max_hp_loss":0,"event_name":"Colosseum","floor":20,"gold_loss":0},{"cards_removed":["Strike_G"],"damage_healed":0,"gold_gain":0,"player_choice":"Gave Gold","damage_taken":0,"max_hp_gain":0,"max_hp_loss":0,"event_name":"Beggar","floor":22,"gold_loss":75},{"damage_healed":0,"gold_gain":0,"player_choice":"Read","damage_taken":0,"max_hp_gain":0,"max_hp_loss":0,"event_name":"The Library","floor":24,"gold_loss":0,"cards_obtained":["Cloak And Dagger"]},{"damage_healed":0,"gold_gain":0,"player_choice":"Upgraded","damage_taken":0,"max_hp_gain":0,"max_hp_loss":0,"event_name":"Upgrade Shrine","floor":28,"gold_loss":0,"cards_upgraded":["Well Laid Plans"]},{"damage_healed":0,"gold_gain":0,"player_choice":"Smashed Altar","damage_taken":0,"max_hp_gain":0,"max_hp_loss":0,"event_name":"Forgotten Altar","floor":30,"gold_loss":0,"cards_obtained":["Decay"]},{"damage_healed":0,"gold_gain":0,"player_choice":"Ignored","damage_taken":0,"max_hp_gain":0,"max_hp_loss":0,"event_name":"Tomb of Lord Red Mask","floor":36,"gold_loss":0},{"damage_healed":0,"gold_gain":0,"player_choice":"Memory 1","damage_taken":0,"max_hp_gain":0,"max_hp_loss":0,"event_name":"SensoryStone","floor":39,"gold_loss":0}],"is_beta":false,"boss_relics":[{"not_picked":["Ring of the Serpent","HoveringKite"],"picked":"Velvet Choker"},{"not_picked":["Snecko Eye","Coffee Dripper"],"picked":"Cursed Key"}],"items_purged_floors":[38,41],"is_endless":false,"potions_floor_spawned":[1,8,14,16,19,20,25,29,31],"killed_by":"Reptomancer","ascension_level":20}