{"gold_per_floor":[144,16,191,236,281,281,371,416,416,461,162,162,211,260,260,260],"floor_reached":16,"playtime":595,"items_purged":["Doubt"],"score":104,"play_id":"61e7b393-0c1c-4d1d-8082-aef4ecfeba70","local_time":"20180725010450","daily_mods":["Diverse","Midas","Uncertain Future"],"is_ascension_mode":false,"campfire_choices":[{"floor":6,"key":"REST"},{"floor":15,"key":"REST"}],"neow_cost":"","seed_source_timestamp":0,"circlet_count":0,"master_deck":["Strike_R","Strike_R","Strike_R","Strike_R","Strike_R","Defend_R","Defend_R","Defend_R","Defend_R","Bash","Warcry","Metallicize","Streamline","Disarm","Dodge and Roll","Offering","Poisoned Stab","Dagger Throw","Conserve Battery","Leap","Sweeping Beam"],"special_seed":17736,"relics":["Burning Blood","Potion Belt","Nunchaku","Bag of Preparation","Golden Idol"],"potions_floor_usage":[7,8,16],"damage_taken":[{"damage":2,"enemies":"2 Louse","floor":1,"turns":2},{"damage":10,"enemies":"Jaw Worm","floor":4,"turns":4},{"damage":8,"enemies":"Cultist","floor":5,"turns":5},{"damage":33,"enemies":"3 Sentries","floor":7,"turns":10},{"damage":25,"enemies":"Exordium Thugs","floor":8,"turns":5},{"damage":7,"enemies":"Large Slime","floor":10,"turns":5},{"damage":10,"enemies":"Looter","floor":13,"turns":3},{"damage":9,"enemies":"3 Louse","floor":14,"turns":3},{"damage":5,"enemies":"Hexaghost","floor":16,"turns":7}],"seed_played":"-218002140433653239","potions_obtained":[{"floor":4,"key":"SteroidPotion"},{"floor":7,"key":"PowerPotion"},{"floor":8,"key":"Block Potion"}],"is_trial":false,"path_per_floor":["M","$","?","M","M","R","E","M","T","M","$","?","M","M","R"],"character_chosen":"IRONCLAD","items_purchased":["Metallicize","Streamline","Bag of Preparation","Dagger Throw","Conserve Battery"],"campfire_rested":2,"item_purchase_floors":[2,2,11,11,11],"current_hp_per_floor":[80,80,80,76,74,80,53,34,34,33,33,33,29,26,48,43],"gold":260,"neow_bonus":"","is_prod":false,"is_daily":true,"chose_seed":false,"campfire_upgraded":0,"win_rate":0,"timestamp":1532437490,"path_taken":["M","$","?","M","M","R","E","M","T","M","?","?","M","M","R","BOSS"],"build_version":"2018-07-19v2","purchased_purges":1,"victory":false,"max_hp_per_floor":[80,80,80,80,80,80,80,80,80,80,80,74,74,74,74,74],"card_choices":[{"not_picked":["Underhanded Strike","Body Slam"],"picked":"Warcry","floor":1},{"not_picked":["Expertise","Static Discharge"],"picked":"Disarm","floor":4},{"not_picked":["Lockon","Beam Cell"],"picked":"Dodge and Roll","floor":5},{"not_picked":["Calculated Gamble","All For One"],"picked":"Offering","floor":7},{"not_picked":["True Grit","Concentrate","Blizzard"],"picked":"SKIP","floor":8},{"not_picked":["Combust","Deflect"],"picked":"Poisoned Stab","floor":10},{"not_picked":["Cold Snap","Stack"],"picked":"Leap","floor":13},{"not_picked":["Outmaneuver","Clash"],"picked":"Sweeping Beam","floor":14}],"player_experience":303103,"relics_obtained":[{"floor":7,"key":"Potion Belt"},{"floor":9,"key":"Nunchaku"}],"event_choices":[{"event_name":"Liars Game","player_choice":"agreed","floor":3,"damage_taken":0},{"event_name":"Golden Idol","player_choice":"Lose Max HP","floor":12,"damage_taken":0}],"is_beta":false,"boss_relics":[],"items_purged_floors":[11],"is_endless":false,"potions_floor_spawned":[4,7,8],"killed_by":"Hexaghost","ascension_level":0}