{"gold_per_floor":[113,113,17,31,43,77,77,77,166,191,203,290,17,17],"floor_reached":14,"playtime":549,"items_purged":["Defend_B"],"score":97,"play_id":"de8c56f5-2fce-4c08-9791-bb344e715c3c","local_time":"20190210012619","is_ascension_mode":true,"campfire_choices":[{"data":"Tempest","floor":7,"key":"SMITH"},{"data":"Madness","floor":11,"key":"SMITH"}],"neow_cost":"TEN_PERCENT_HP_LOSS","seed_source_timestamp":51327174938088,"circlet_count":0,"master_deck":["Strike_B+1","Strike_B+1","Defend_B","Defend_B","Defend_B","Zap","Dualcast","Hologram","Undo","Tempest+1","Madness+1","Reboot","FTL"],"relics":["Cracked Core","Mercury Hourglass","MawBank","Singing Bowl","Strange Spoon"],"potions_floor_usage":[6,14],"damage_taken":[{"damage":6,"enemies":"2 Louse","floor":1,"turns":3},{"damage":2,"enemies":"Jaw Worm","floor":4,"turns":5},{"damage":0,"enemies":"Cultist","floor":5,"turns":3},{"damage":15,"enemies":"Gremlin Nob","floor":6,"turns":4},{"damage":7,"enemies":"Large Slime","floor":10,"turns":6},{"damage":17,"enemies":"3 Louse","floor":14,"turns":1}],"seed_played":"69593490005289894","potions_obtained":[{"floor":1,"key":"Weak Potion"},{"floor":4,"key":"LiquidBronze"},{"floor":10,"key":"AttackPotion"}],"is_trial":false,"path_per_floor":["M","?","$","M","M","E","R","T","T","M","R","?","$","M"],"character_chosen":"DEFECT","items_purchased":["Madness","Strange Spoon"],"campfire_rested":0,"item_purchase_floors":[3,13],"current_hp_per_floor":[62,48,48,46,46,31,31,31,31,24,24,13,13,0],"gold":17,"neow_bonus":"TRANSFORM_TWO_CARDS","is_prod":false,"is_daily":false,"chose_seed":false,"campfire_upgraded":2,"win_rate":0,"timestamp":1549779979,"path_taken":["M","?","?","?","M","E","R","?","T","M","R","?","$","M"],"build_version":"2019-01-23","purchased_purges":1,"victory":false,"max_hp_per_floor":[68,68,68,68,68,68,68,68,68,68,68,68,68,68],"card_choices":[{"not_picked":["Aggregate","Steam"],"picked":"Tempest","floor":1},{"not_picked":["Coolheaded","Compile Driver","Conserve Battery"],"picked":"SKIP","floor":4},{"not_picked":["Coolheaded","Barrage","Conserve Battery"],"picked":"SKIP","floor":5},{"not_picked":["Leap","Conserve Battery"],"picked":"Reboot","floor":6},{"not_picked":["Loop","Conserve Battery"],"picked":"FTL","floor":10}],"player_experience":1365695,"relics_obtained":[{"floor":6,"key":"Mercury Hourglass"},{"floor":8,"key":"MawBank"},{"floor":9,"key":"Singing Bowl"}],"event_choices":[{"damage_healed":0,"gold_gain":0,"player_choice":"Entered Light","damage_taken":14,"max_hp_gain":0,"max_hp_loss":0,"event_name":"Shining Light","floor":2,"gold_loss":0,"cards_upgraded":["Strike_B","Strike_B"]},{"damage_healed":0,"gold_gain":75,"player_choice":"Gather Gold","damage_taken":11,"max_hp_gain":0,"max_hp_loss":0,"event_name":"World of Goop","floor":12,"gold_loss":0}],"is_beta":false,"boss_relics":[],"items_purged_floors":[13],"is_endless":false,"potions_floor_spawned":[1,4,10],"killed_by":"3 Louse","ascension_level":2}