{"gold_per_floor":[112,126,126,146,160,160,14,41,65,65,82,94,127,77,77,178,178,192,207,306,306,306,306,336,261,284,284,284,284,299,1,1,99,99,110,162,162,178,15,15,43,7,61,61,78,78,91,41,41,41],"floor_reached":51,"playtime":3132,"items_purged":["Strike_B","Strike_B","Strike_B","Strike_B"],"score":831,"play_id":"6c03d0b5-19ec-4564-9a64-5b07d8302e01","local_time":"20190202214007","is_ascension_mode":true,"campfire_choices":[{"data":"Zap","floor":6.0,"key":"SMITH"},{"floor":10.0,"key":"REST"},{"data":"Doom and Gloom","floor":15.0,"key":"SMITH"},{"data":"Dualcast","floor":23,"key":"SMITH"},{"data":"Self Repair","floor":28,"key":"SMITH"},{"data":"Defragment","floor":32,"key":"SMITH"},{"data":"Ghostly","floor":40,"key":"SMITH"},{"data":"Ghostly","floor":44,"key":"SMITH"},{"data":"Ghostly","floor":46,"key":"SMITH"},{"data":"Ghostly","floor":49,"key":"SMITH"}],"neow_cost":"NONE","seed_source_timestamp":0,"circlet_count":0,"master_deck":["Defend_B","Defend_B","Defend_B","Defend_B","Zap+1","Dualcast+1","Doom and Gloom+1","Turbo","Cold Snap","Ball Lightning","Undo","Self Repair+1","Core Surge","All For One","Compile Driver","BootSequence+1","Redo+1","Ghostly+1","Ghostly+1","Ghostly+1","Ghostly+1","Ghostly","Coolheaded+1","Defragment+1","Multi-Cast","Echo Form","Master of Strategy","Hologram","Apotheosis","Sunder+1","Sunder","Coolheaded+1"],"special_seed":0,"relics":["Cracked Core","Smiling Mask","Regal Pillow","Art of War","Juzu Bracelet","Coffee Dripper","Du-Vu Doll","Lantern","Ancient Tea Set","Centennial Puzzle","Nilry\u0027s Codex","Snecko Eye","Emotion Chip","Torii","Vajra"],"potions_floor_usage":[24,24,24,50,50],"damage_taken":[{"damage":0.0,"enemies":"Cultist","floor":1.0,"turns":4.0},{"damage":3.0,"enemies":"Small Slimes","floor":2.0,"turns":3.0},{"damage":7.0,"enemies":"Jaw Worm","floor":4.0,"turns":3.0},{"damage":17.0,"enemies":"Exordium Thugs","floor":5.0,"turns":5.0},{"damage":25.0,"enemies":"Lagavulin","floor":8.0,"turns":6.0},{"damage":12.0,"enemies":"Exordium Wildlife","floor":11.0,"turns":3.0},{"damage":5.0,"enemies":"3 Louse","floor":12.0,"turns":3.0},{"damage":18.0,"enemies":"3 Sentries","floor":13.0,"turns":5.0},{"damage":2.0,"enemies":"Hexaghost","floor":16.0,"turns":8.0},{"damage":7,"enemies":"Chosen","floor":18,"turns":4},{"damage":11,"enemies":"Shell Parasite","floor":19,"turns":4},{"damage":9,"enemies":"Slavers","floor":24,"turns":4},{"damage":11,"enemies":"Snake Plant","floor":30,"turns":3},{"damage":1,"enemies":"Collector","floor":33,"turns":6},{"damage":1,"enemies":"3 Darklings","floor":35,"turns":4},{"damage":5,"enemies":"2 Orb Walkers","floor":36,"turns":4},{"damage":11,"enemies":"Orb Walker","floor":38,"turns":5},{"damage":1,"enemies":"Nemesis","floor":41,"turns":9},{"damage":0,"enemies":"Jaw Worm Horde","floor":45,"turns":3},{"damage":0,"enemies":"Transient","floor":47,"turns":5},{"damage":11,"enemies":"Donu and Deca","floor":50,"turns":6}],"seed_played":"2232630865606477208","potions_obtained":[{"floor":2.0,"key":"Block Potion"},{"floor":4.0,"key":"Weak Potion"},{"floor":8.0,"key":"Dexterity Potion"},{"floor":12.0,"key":"LiquidBronze"},{"floor":18,"key":"Strength Potion"},{"floor":24,"key":"Energy Potion"},{"floor":41,"key":"SpeedPotion"},{"floor":47,"key":"LiquidBronze"}],"is_trial":false,"path_per_floor":["M","M","?","M","M","R","$","E","T","R","M","M","E","$","R","B",null,"M","M","?","?","T","R","E","?","T","?","R","?","M","$","R","B",null,"M","?","?","M","$","R","E","$","T","R","M","R","M","$","R","B",null],"character_chosen":"DEFECT","items_purchased":["Cold Snap","AttackPotion","Defragment","Multi-Cast","SkillPotion","Apotheosis","Sunder"],"campfire_rested":1,"item_purchase_floors":[7,7,31,31,31,39,42],"current_hp_per_floor":[75,72,75,68,51,51,51,26,26,63,51,46,28,28,28,33,75,75,64,64,64,64,64,62,62,62,46,46,37,36,36,36,37,37,37,32,22,31,31,31,37,37,37,37,37,37,37,37,37,36],"gold":41,"neow_bonus":"RANDOM_COMMON_RELIC","is_prod":false,"is_daily":false,"chose_seed":false,"campfire_upgraded":9,"win_rate":1,"timestamp":1549096807,"path_taken":["M","?","?","M","?","R","?","E","T","R","M","M","E","$","R","BOSS","M","M","?","?","?","R","E","?","T","?","R","?","M","$","R","BOSS","M","?","?","M","?","R","E","$","T","R","M","R","M","$","R","BOSS"],"build_version":"2019-01-23","purchased_purges":4,"victory":true,"max_hp_per_floor":[75,75,75,75,75,75,75,75,75,75,75,75,75,75,75,75,75,75,75,75,75,75,75,75,75,75,75,75,37,37,37,37,37,37,37,37,37,37,37,37,37,37,37,37,37,37,37,37,37,37],"card_choices":[{"not_picked":["Fusion","Static Discharge"],"picked":"Sweeping Beam","floor":1.0},{"not_picked":["Leap","Steam Power"],"picked":"Doom and Gloom","floor":2.0},{"not_picked":["Static Discharge","Aggregate","Tempest"],"picked":"SKIP","floor":4.0},{"not_picked":["Force Field","Beam Cell"],"picked":"Turbo","floor":5.0},{"not_picked":["Chaos","Meteor Strike"],"picked":"Ball Lightning","floor":8.0},{"not_picked":["Leap","Coolheaded"],"picked":"Undo","floor":11.0},{"not_picked":["Stack","Tempest"],"picked":"Self Repair","floor":12.0},{"not_picked":["Ball Lightning","Hello World"],"picked":"Core Surge","floor":13.0},{"not_picked":["Meteor Strike","Machine Learning"],"picked":"All For One","floor":16.0},{"not_picked":["Undo","Heatsinks"],"picked":"Compile Driver","floor":18},{"not_picked":["Redo","Compile Driver+1"],"picked":"BootSequence+1","floor":19},{"not_picked":["Sweeping Beam+1","Blizzard"],"picked":"Redo+1","floor":24},{"not_picked":["Reinforced Body","Blizzard+1"],"picked":"Coolheaded+1","floor":30},{"not_picked":["Seek","Core Surge"],"picked":"Echo Form","floor":33},{"not_picked":["Go for the Eyes+1","Auto Shields+1","Tempest+1"],"picked":"SKIP","floor":35},{"not_picked":["Secret Technique","Swift Strike"],"picked":"Master of Strategy","floor":37},{"not_picked":["Double Energy+1","Genetic Algorithm+1"],"picked":"Hologram","floor":38},{"not_picked":["Reinforced Body","BootSequence"],"picked":"Sunder+1","floor":41},{"not_picked":["Stack+1","Redo","Auto Shields+1"],"picked":"SKIP","floor":45},{"not_picked":["Stack+1","Static Discharge+1"],"picked":"Coolheaded+1","floor":47}],"player_experience":164995,"relics_obtained":[{"floor":8.0,"key":"Regal Pillow"},{"floor":9.0,"key":"Art of War"},{"floor":13.0,"key":"Juzu Bracelet"},{"floor":22,"key":"Lantern"},{"floor":24,"key":"Ancient Tea Set"},{"floor":26,"key":"Centennial Puzzle"},{"floor":27,"key":"Nilry\u0027s Codex"},{"floor":36,"key":"Emotion Chip"},{"floor":41,"key":"Torii"},{"floor":43,"key":"Vajra"}],"event_choices":[{"cards_removed":["Sweeping Beam"],"damage_healed":5.0,"max_hp_gain":0.0,"max_hp_loss":0.0,"gold_gain":0.0,"event_name":"Bonfire Elementals","player_choice":"Offered Common","floor":3.0,"gold_loss":0.0,"damage_taken":0.0},{"cards_removed":["Sweeping Beam"],"damage_healed":5.0,"max_hp_gain":0.0,"max_hp_loss":0.0,"gold_gain":0.0,"event_name":"Bonfire Elementals","player_choice":"Offered Special","floor":3.0,"gold_loss":0.0,"damage_taken":0.0},{"damage_healed":0,"gold_gain":99,"player_choice":"Stole From Cult","damage_taken":0,"max_hp_gain":0,"max_hp_loss":0,"event_name":"Nest","floor":20,"gold_loss":0},{"damage_healed":0,"gold_gain":0,"player_choice":"Opened","damage_taken":0,"relics_obtained":["Du-Vu Doll"],"max_hp_gain":0,"max_hp_loss":0,"event_name":"The Mausoleum","floor":21,"gold_loss":0,"cards_obtained":["Writhe"]},{"cards_removed":["Writhe"],"damage_healed":0,"gold_gain":0,"player_choice":"Gave Gold","damage_taken":0,"max_hp_gain":0,"max_hp_loss":0,"event_name":"Beggar","floor":25,"gold_loss":75},{"damage_healed":0,"gold_gain":0,"player_choice":"Obtained Book","damage_taken":16,"max_hp_gain":0,"max_hp_loss":0,"event_name":"Cursed Tome","floor":27,"gold_loss":0},{"damage_healed":0,"gold_gain":0,"player_choice":"Became a Ghost","damage_taken":0,"max_hp_gain":0,"max_hp_loss":38,"event_name":"Ghosts","floor":29,"gold_loss":0,"cards_obtained":["Ghostly","Ghostly","Ghostly","Ghostly","Ghostly"]},{"damage_healed":0,"gold_gain":0,"player_choice":"Fight","damage_taken":0,"max_hp_gain":0,"max_hp_loss":0,"event_name":"Mysterious Sphere","floor":36,"gold_loss":0},{"damage_healed":0,"gold_gain":0,"player_choice":"Memory 3","damage_taken":10,"max_hp_gain":0,"max_hp_loss":0,"event_name":"SensoryStone","floor":37,"gold_loss":0}],"is_beta":false,"boss_relics":[{"not_picked":["Runic Dome","Ectoplasm"],"picked":"Coffee Dripper"},{"not_picked":["Tiny House","Lizard Tail"],"picked":"Snecko Eye"}],"items_purged_floors":[7,14,31,48],"is_endless":false,"potions_floor_spawned":[2,4,8,12,18,24,41,47],"ascension_level":4}