{"gold_per_floor":[119,194,210,210,15,15,15,15,15,30,54,54],"floor_reached":12,"playtime":706,"items_purged":[],"score":68,"play_id":"73a24eaf-32c7-400f-89e6-4c50cbfc3d2c","local_time":"20180706005058","is_ascension_mode":false,"campfire_choices":[{"data":"Rage","floor":6,"key":"SMITH"}],"neow_cost":"NONE","seed_source_timestamp":44290352804008,"circlet_count":0,"master_deck":["Strike_R","Strike_R","Strike_R","Strike_R","Strike_R","Defend_R","Defend_R","Defend_R","Defend_R","Bash","Barricade","Rage+1","Regret","Panache","Metallicize","Flame Barrier"],"relics":["Burning Blood","Letter Opener","Golden Idol","Charon\u0027s Ashes"],"potions_floor_usage":[11,11],"damage_taken":[{"damage":0,"enemies":"Small Slimes","floor":1,"turns":4},{"damage":0,"enemies":"2 Louse","floor":3,"turns":4},{"damage":8,"enemies":"Jaw Worm","floor":10,"turns":5},{"damage":8,"enemies":"Gremlin Gang","floor":11,"turns":8},{"damage":63,"enemies":"Gremlin Nob","floor":12,"turns":7}],"seed_played":"-7622035712553324451","potions_obtained":[{"floor":3,"key":"Fruit Juice"},{"floor":7,"key":"AttackPotion"},{"floor":7,"key":"Ancient Potion"}],"is_trial":false,"path_per_floor":["M","?","M","?","$","R","?","?","T","M","M"],"character_chosen":"IRONCLAD","items_purchased":["Panache"],"campfire_rested":0,"item_purchase_floors":[5],"current_hp_per_floor":[80,69,75,75,75,75,75,55,55,53,56,0],"gold":54,"neow_bonus":"ONE_RANDOM_RARE_CARD","is_prod":false,"is_daily":false,"chose_seed":false,"campfire_upgraded":1,"win_rate":0.0,"timestamp":1530852658,"path_taken":["M","?","?","?","$","R","?","?","T","?","M","E"],"build_version":"2018-07-05","purchased_purges":0,"victory":false,"max_hp_per_floor":[80,80,80,80,80,80,80,80,80,80,85,85],"card_choices":[{"not_picked":["Perfected Strike","Sword Boomerang","Wild Strike"],"picked":"SKIP","floor":1},{"not_picked":["Cleave","Combust"],"picked":"Rage","floor":3},{"not_picked":["Heavy Blade","Anger"],"picked":"Metallicize","floor":10},{"not_picked":["Reaper","Heavy Blade"],"picked":"Flame Barrier","floor":11}],"player_experience":96941,"relics_obtained":[{"floor":9,"key":"Charon\u0027s Ashes"}],"event_choices":[{"event_name":"World of Goop","player_choice":"Gather Gold","floor":2,"damage_taken":0},{"event_name":"Big Fish","player_choice":"Box","floor":4,"damage_taken":0},{"event_name":"The Lab","player_choice":"Got Potions","floor":7,"damage_taken":0},{"event_name":"Golden Idol","player_choice":"Take Damage","floor":8,"damage_taken":0}],"boss_relics":[],"items_purged_floors":[],"is_endless":false,"potions_floor_spawned":[3,10],"killed_by":"Gremlin Nob","ascension_level":0}