{"gold_per_floor":[112,122,122,122,122,122,157,30,81,145,155,155,180,191,191,292,292,304,13,24,37,37],"floor_reached":22,"playtime":926,"items_purged":[],"score":204,"play_id":"ff1bab7e-1083-4dac-9ab2-a35f49e7c6a1","local_time":"20190301115231","is_ascension_mode":true,"campfire_choices":[{"data":"Beam Cell","floor":6,"key":"SMITH"},{"floor":15,"key":"REST"}],"neow_cost":"NONE","seed_source_timestamp":1317747979121669,"circlet_count":0,"master_deck":["Strike_B","Strike_B","Strike_B","Strike_B","Defend_B+1","Defend_B","Defend_B","Defend_B","Zap","Dualcast+1","Beam Cell+1","Sweeping Beam","Stack","Steam Power","Ball Lightning","Redo","Compile Driver","Rebound","Sweeping Beam","Creative AI","Sunder","Go for the Eyes","Streamline","Sweeping Beam"],"relics":["Philosopher\u0027s Stone","Letter Opener","PreservedInsect","Omamori","Orichalcum","Regal Pillow","Shovel","Sozu","Bottled Flame"],"potions_floor_usage":[],"damage_taken":[{"damage":4,"enemies":"Small Slimes","floor":1,"turns":3},{"damage":5,"enemies":"Jaw Worm","floor":2,"turns":3},{"damage":19,"enemies":"3 Sentries","floor":7,"turns":8},{"damage":0,"enemies":"Gremlin Nob","floor":10,"turns":2},{"damage":0,"enemies":"2 Louse","floor":11,"turns":2},{"damage":22,"enemies":"Lagavulin","floor":13,"turns":5},{"damage":0,"enemies":"Blue Slaver","floor":14,"turns":2},{"damage":27,"enemies":"Hexaghost","floor":16,"turns":9},{"damage":17,"enemies":"Spheric Guardian","floor":18,"turns":4},{"damage":25,"enemies":"2 Thieves","floor":20,"turns":4},{"damage":27,"enemies":"Snake Plant","floor":21,"turns":4},{"damage":7,"enemies":"Centurion and Healer","floor":22,"turns":3}],"seed_played":"6670613001297440721","potions_obtained":[{"floor":2,"key":"Weak Potion"},{"floor":10,"key":"FocusPotion"},{"floor":11,"key":"Strength Potion"}],"is_trial":false,"path_per_floor":["M","M","?","?","?","R","E","$","T","?","M","?","E","M","R","B",null,"M","$","M","M","M"],"character_chosen":"DEFECT","items_purchased":["Steam Power","Ball Lightning","Bottled Flame","Go for the Eyes"],"campfire_rested":1,"item_purchase_floors":[8,8,19,19],"current_hp_per_floor":[71,66,66,59,44,44,25,25,25,25,25,25,3,3,40,13,75,58,58,33,6,0],"gold":37,"neow_bonus":"BOSS_RELIC","is_prod":false,"is_daily":false,"chose_seed":false,"campfire_upgraded":1,"win_rate":0,"timestamp":1551408751,"path_taken":["M","M","?","?","?","R","E","$","T","?","?","?","E","M","R","BOSS","M","$","M","?","M"],"build_version":"2019-01-23","purchased_purges":0,"victory":false,"max_hp_per_floor":[75,75,75,75,75,75,75,75,75,75,75,75,75,75,75,75,75,75,75,75,75,75],"card_choices":[{"not_picked":["Compile Driver","Glacier"],"picked":"Beam Cell","floor":1},{"not_picked":["Redo","Turbo"],"picked":"Sweeping Beam","floor":2},{"not_picked":["Turbo","Compile Driver"],"picked":"Stack","floor":7},{"not_picked":["All For One","Turbo"],"picked":"Redo","floor":10},{"not_picked":["Recycle","Gash"],"picked":"Compile Driver","floor":11},{"not_picked":["Sweeping Beam","Redo"],"picked":"Rebound","floor":13},{"not_picked":["Blizzard","Ball Lightning"],"picked":"Sweeping Beam","floor":14},{"not_picked":["Core Surge","Hyperbeam"],"picked":"Creative AI","floor":16},{"not_picked":["Beam Cell","Cold Snap"],"picked":"Sunder","floor":18},{"not_picked":["Turbo+1","Steam+1"],"picked":"Streamline","floor":20},{"not_picked":["Rebound+1","Conserve Battery"],"picked":"Sweeping Beam","floor":21}],"player_experience":162641,"relics_obtained":[{"floor":7,"key":"PreservedInsect"},{"floor":9,"key":"Omamori"},{"floor":10,"key":"Orichalcum"},{"floor":13,"key":"Shovel"}],"event_choices":[{"damage_healed":0,"gold_gain":0,"player_choice":"Box","damage_taken":0,"relics_obtained":["Letter Opener"],"max_hp_gain":0,"max_hp_loss":0,"event_name":"Big Fish","floor":3,"gold_loss":0,"cards_obtained":["Regret"]},{"cards_removed":["Regret"],"damage_healed":0,"gold_gain":0,"player_choice":"Card Removal","damage_taken":7,"max_hp_gain":0,"max_hp_loss":0,"event_name":"Golden Wing","floor":4,"gold_loss":0},{"damage_healed":0,"gold_gain":0,"player_choice":"Entered Light","damage_taken":15,"max_hp_gain":0,"max_hp_loss":0,"event_name":"Shining Light","floor":5,"gold_loss":0,"cards_upgraded":["Defend_B","Dualcast"]},{"damage_healed":0,"gold_gain":30,"player_choice":"Searched \u00273\u0027 times","damage_taken":0,"max_hp_gain":0,"max_hp_loss":0,"event_name":"Dead Adventurer","floor":10,"gold_loss":0},{"damage_healed":0,"gold_gain":0,"player_choice":"Gave Potion","damage_taken":0,"relics_obtained":["Regal Pillow"],"max_hp_gain":0,"max_hp_loss":0,"event_name":"WeMeetAgain","floor":12,"gold_loss":0}],"is_beta":false,"boss_relics":[{"not_picked":["Runic Pyramid","Snecko Eye"],"picked":"Sozu"}],"items_purged_floors":[],"is_endless":false,"potions_floor_spawned":[2,10,11,20,21],"killed_by":"Centurion and Healer","ascension_level":1}