{"gold_per_floor":[216,230,242,12,27,27,38,38,38,66,66,66,93,93,93,93],"floor_reached":16,"playtime":834,"items_purged":[],"score":220,"play_id":"0174bb1b-76a9-44c7-81e5-83e387315d6c","local_time":"20190220231505","is_ascension_mode":true,"campfire_choices":[{"data":"Bash","floor":6,"key":"SMITH"},{"data":"Anger","floor":8,"key":"SMITH"},{"data":"Cleave","floor":11,"key":"SMITH"},{"floor":15,"key":"REST"}],"neow_cost":"NONE","seed_source_timestamp":35224067520874,"circlet_count":0,"master_deck":["AscendersBane","Strike_R","Strike_R","Strike_R","Strike_R","Strike_R","Defend_R","Defend_R","Defend_R","Defend_R","Bash+1","Anger+1","Ghostly Armor","Cleave+1","Inflame"],"relics":["Burning Blood","ClockworkSouvenir","Prayer Wheel","Bird Faced Urn","Matryoshka"],"potions_floor_usage":[13,16],"damage_taken":[{"damage":5,"enemies":"Small Slimes","floor":1,"turns":4},{"damage":6,"enemies":"2 Louse","floor":2,"turns":4},{"damage":1,"enemies":"Cultist","floor":3,"turns":3},{"damage":11,"enemies":"Blue Slaver","floor":5,"turns":5},{"damage":6,"enemies":"Exordium Wildlife","floor":7,"turns":4},{"damage":40,"enemies":"3 Sentries","floor":10,"turns":14},{"damage":27,"enemies":"Lagavulin","floor":13,"turns":6},{"damage":51,"enemies":"Slime Boss","floor":16,"turns":6}],"seed_played":"6679419891004876519","potions_obtained":[{"floor":2,"key":"SteroidPotion"},{"floor":10,"key":"BloodPotion"}],"is_trial":false,"path_per_floor":["M","M","M","$","M","R","M","R","T","E","R","?","E","?","R","B"],"character_chosen":"IRONCLAD","items_purchased":["ClockworkSouvenir"],"campfire_rested":1,"item_purchase_floors":[4],"current_hp_per_floor":[69,69,74,74,69,69,69,69,69,35,35,35,14,3,25,0],"gold":93,"neow_bonus":"HUNDRED_GOLD","is_prod":false,"is_daily":false,"chose_seed":false,"campfire_upgraded":3,"win_rate":0,"timestamp":1550657705,"path_taken":["M","M","M","$","M","R","M","R","T","E","R","?","E","?","R","BOSS"],"build_version":"2019-01-23","purchased_purges":0,"victory":false,"max_hp_per_floor":[75,75,75,75,75,75,75,75,75,75,75,75,75,75,75,75],"card_choices":[{"not_picked":["Thunderclap","Clash","Wild Strike"],"picked":"SKIP","floor":1},{"not_picked":["Flex","Headbutt"],"picked":"Anger","floor":2},{"not_picked":["Warcry","Blood for Blood","Rampage"],"picked":"SKIP","floor":3},{"not_picked":["Warcry","Sentinel"],"picked":"Ghostly Armor","floor":5},{"not_picked":["Havoc","Clash","Anger"],"picked":"SKIP","floor":7},{"not_picked":["Havoc","Clash","Anger"],"picked":"SKIP","floor":7},{"not_picked":["Havoc","Clash","Anger"],"picked":"SKIP","floor":7},{"not_picked":["Havoc","Clash","Anger"],"picked":"SKIP","floor":7},{"not_picked":["Warcry","True Grit"],"picked":"Cleave","floor":10},{"not_picked":["Warcry","Heavy Blade"],"picked":"Inflame","floor":13}],"player_experience":371082,"relics_obtained":[{"floor":9,"key":"Prayer Wheel"},{"floor":10,"key":"Bird Faced Urn"},{"floor":13,"key":"Matryoshka"}],"event_choices":[{"damage_healed":0,"gold_gain":0,"player_choice":"Searched \u00270\u0027 times","damage_taken":0,"max_hp_gain":0,"max_hp_loss":0,"event_name":"Dead Adventurer","floor":12,"gold_loss":0},{"damage_healed":0,"gold_gain":0,"player_choice":"Fled","damage_taken":11,"max_hp_gain":0,"max_hp_loss":0,"event_name":"Scrap Ooze","floor":14,"gold_loss":0}],"is_beta":false,"boss_relics":[],"items_purged_floors":[],"is_endless":false,"potions_floor_spawned":[2,10],"killed_by":"Slime Boss","ascension_level":20}