{"gold_per_floor":[115,115,190,140,152,217,217,230,255,49,62,88,104,104,104,209,209,229,245,257,257,257,257,289,300,327,327,327,358,376,291,291,396,396,414,16,16,32,7,7,32,44,138,183,195,207,219,12,12,12],"floor_reached":51,"playtime":1740,"items_purged":["Defend_R"],"score":983,"play_id":"c8bef83f-1cfd-448c-910f-f980e3f2450b","local_time":"20181124042725","is_ascension_mode":true,"campfire_choices":[{"floor":7,"key":"REST"},{"data":"Whirlwind","floor":15,"key":"SMITH"},{"data":"Infernal Blade","floor":23,"key":"SMITH"},{"data":"Havoc","floor":27,"key":"SMITH"},{"floor":32,"key":"REST"},{"floor":40,"key":"DIG"},{"floor":42,"key":"DIG"},{"floor":46,"key":"DIG"},{"floor":49,"key":"DIG"}],"neow_cost":"NONE","seed_source_timestamp":134730844680,"circlet_count":0,"master_deck":["Bash","Feed+1","Iron Wave","Flex","Shrug It Off","Inflame","Sword Boomerang","Whirlwind+1","Havoc+1","Headbutt","Feed","Whirlwind","Iron Wave","Infernal Blade+1","Clothesline","Iron Wave","Inflame+1","Flame Barrier+1","Feed","Pommel Strike+1","Havoc","Inflame+1","Infernal Blade+1","Panache","Finesse","Discovery","Secret Weapon","Shockwave"],"relics":["Burning Blood","Tiny Chest","Oddly Smooth Stone","Bag of Marbles","Self Forming Clay","Pandora\u0027s Box","Enchiridion","Kunai","Bag of Preparation","Letter Opener","Red Mask","Pocketwatch","Mark of Pain","Shovel","Regal Pillow","MawBank","Ice Cream","Shuriken","Dream Catcher","Bronze Scales","Bottled Lightning"],"potions_floor_usage":[6,12,16,24,24,44,44],"damage_taken":[{"damage":16,"enemies":"Jaw Worm","floor":1,"turns":4},{"damage":0,"enemies":"2 Louse","floor":5,"turns":2},{"damage":40,"enemies":"Lagavulin","floor":6,"turns":10},{"damage":2,"enemies":"Small Slimes","floor":8,"turns":3},{"damage":1,"enemies":"3 Louse","floor":11,"turns":3},{"damage":12,"enemies":"3 Sentries","floor":12,"turns":4},{"damage":13,"enemies":"Blue Slaver","floor":13,"turns":5},{"damage":36,"enemies":"The Guardian","floor":16,"turns":15},{"damage":38,"enemies":"2 Thieves","floor":18,"turns":4},{"damage":0,"enemies":"3 Byrds","floor":19,"turns":4},{"damage":5,"enemies":"Centurion and Healer","floor":20,"turns":7},{"damage":29,"enemies":"Slavers","floor":24,"turns":2},{"damage":3,"enemies":"Snecko","floor":25,"turns":4},{"damage":0,"enemies":"Masked Bandits","floor":29,"turns":3},{"damage":24,"enemies":"Shelled Parasite and Fungi","floor":30,"turns":3},{"damage":37,"enemies":"Automaton","floor":33,"turns":7},{"damage":7,"enemies":"3 Shapes","floor":35,"turns":6},{"damage":0,"enemies":"Orb Walker","floor":38,"turns":2},{"damage":2,"enemies":"Reptomancer","floor":41,"turns":4},{"damage":10,"enemies":"Giant Head","floor":44,"turns":6},{"damage":50,"enemies":"Time Eater","floor":50,"turns":7}],"seed_played":"-6477121317918868646","potions_obtained":[{"floor":5,"key":"Dexterity Potion"},{"floor":6,"key":"Block Potion"},{"floor":12,"key":"Regen Potion"},{"floor":18,"key":"Swift Potion"},{"floor":20,"key":"LiquidBronze"},{"floor":35,"key":"Fire Potion"},{"floor":41,"key":"FearPotion"}],"is_trial":false,"path_per_floor":["M","?","?","?","M","E","R","M","T","$","M","E","M","T","R","B",null,"M","M","M","?","?","R","E","M","T","R","T","?","M","?","R","B",null,"M","$","?","M","$","R","E","R","T","E","?","R","?","$","R","B",null],"character_chosen":"IRONCLAD","items_purchased":["Inflame","Sword Boomerang","Shovel","Swift Potion","Energy Potion","Havoc","Secret Weapon","Shockwave"],"campfire_rested":2,"item_purchase_floors":[10,10,36,36,36,39,48,48],"current_hp_per_floor":[62,62,51,51,61,27,52,60,60,60,69,63,60,60,60,45,83,55,68,69,69,53,53,37,43,43,43,43,52,41,41,79,48,107,112,112,112,122,122,122,126,126,126,126,126,126,116,116,116,72],"gold":12,"neow_bonus":"ONE_RANDOM_RARE_CARD","is_prod":false,"is_daily":false,"chose_seed":false,"campfire_upgraded":3,"win_rate":0,"timestamp":1542986845,"path_taken":["M","?","?","?","M","E","R","M","T","$","M","E","M","?","R","BOSS","M","M","M","?","?","R","E","M","T","R","?","?","M","?","R","BOSS","M","$","?","M","?","R","E","R","T","E","?","R","?","$","R","BOSS"],"build_version":"2018-11-15","purchased_purges":1,"victory":true,"max_hp_per_floor":[80,80,80,80,84,84,84,88,88,88,92,92,96,96,96,96,96,100,107,107,107,107,107,114,117,117,117,117,120,127,127,127,127,127,133,133,133,137,137,137,137,137,137,141,141,141,141,141,141,141],"card_choices":[{"not_picked":["Anger","Fire Breathing"],"picked":"Iron Wave","floor":1},{"not_picked":["Feel No Pain","Heavy Blade","Corruption"],"picked":"SKIP","floor":5},{"not_picked":["Carnage","Perfected Strike"],"picked":"Flex","floor":6},{"not_picked":["Juggernaut","Body Slam"],"picked":"Shrug It Off","floor":8},{"not_picked":["Shockwave","Reckless Charge"],"picked":"Whirlwind","floor":11},{"not_picked":["Perfected Strike","Wild Strike"],"picked":"Havoc","floor":12},{"not_picked":["Anger","Juggernaut"],"picked":"Headbutt","floor":13},{"not_picked":["Fiend Fire","Impervious"],"picked":"Feed","floor":16},{"not_picked":["Sword Boomerang","Wild Strike+1","Clash"],"picked":"SKIP","floor":18},{"not_picked":["Armaments","Warcry"],"picked":"Inflame+1","floor":19},{"not_picked":["Havoc","Dropkick","Anger"],"picked":"SKIP","floor":20},{"not_picked":["Whirlwind","Combust"],"picked":"Flame Barrier+1","floor":24},{"not_picked":["Clash","Hemokinesis+1","Havoc"],"picked":"SKIP","floor":25},{"not_picked":["Perfected Strike","Flame Barrier+1"],"picked":"Feed","floor":30},{"not_picked":["Shockwave","Clothesline"],"picked":"Pommel Strike+1","floor":35},{"not_picked":["Clash+1","Sever Soul+1","Rupture"],"picked":"SKIP","floor":38},{"not_picked":["Battle Trance","Headbutt+1"],"picked":"Inflame+1","floor":41},{"not_picked":["Searing Blow+1","Flame Barrier+1"],"picked":"Infernal Blade+1","floor":44},{"not_picked":["Deep Breath","Jack Of All Trades"],"picked":"Panache","floor":47},{"not_picked":["Magnetism","Swift Strike"],"picked":"Finesse","floor":47},{"not_picked":["Panacea","Dark Shackles"],"picked":"Discovery","floor":47}],"player_experience":364831,"relics_obtained":[{"floor":6,"key":"Tiny Chest"},{"floor":9,"key":"Oddly Smooth Stone"},{"floor":12,"key":"Bag of Marbles"},{"floor":14,"key":"Self Forming Clay"},{"floor":22,"key":"Enchiridion"},{"floor":24,"key":"Kunai"},{"floor":26,"key":"Bag of Preparation"},{"floor":28,"key":"Letter Opener"},{"floor":29,"key":"Red Mask"},{"floor":40,"key":"Regal Pillow"},{"floor":41,"key":"MawBank"},{"floor":42,"key":"Ice Cream"},{"floor":43,"key":"Shuriken"},{"floor":44,"key":"Dream Catcher"},{"floor":46,"key":"Bronze Scales"},{"floor":49,"key":"Bottled Lightning"}],"event_choices":[{"damage_healed":0,"gold_gain":0,"player_choice":"Grow","damage_taken":0,"max_hp_gain":0,"max_hp_loss":0,"event_name":"Living Wall","floor":2,"gold_loss":0,"cards_upgraded":["Feed"]},{"damage_healed":0,"gold_gain":75,"player_choice":"Gather Gold","damage_taken":11,"max_hp_gain":0,"max_hp_loss":0,"event_name":"World of Goop","floor":3,"gold_loss":0},{"cards_removed":["Strike_R"],"damage_healed":0,"gold_gain":0,"player_choice":"Card Removal","damage_taken":0,"max_hp_gain":0,"max_hp_loss":0,"event_name":"The Cleric","floor":4,"gold_loss":50},{"cards_removed":["Fire Breathing"],"damage_healed":0,"gold_gain":0,"player_choice":"Elegance","damage_taken":0,"max_hp_gain":0,"max_hp_loss":0,"event_name":"Back to Basics","floor":21,"gold_loss":0},{"damage_healed":0,"gold_gain":0,"player_choice":"Obtained Book","damage_taken":16,"max_hp_gain":0,"max_hp_loss":0,"event_name":"Cursed Tome","floor":22,"gold_loss":0},{"damage_healed":0,"gold_gain":0,"player_choice":"Fought Bandits","damage_taken":0,"max_hp_gain":0,"max_hp_loss":0,"event_name":"Masked Bandits","floor":29,"gold_loss":0},{"damage_healed":0,"gold_gain":0,"player_choice":"Obtained Relic","damage_taken":0,"relics_obtained":["Pocketwatch"],"max_hp_gain":0,"max_hp_loss":0,"event_name":"Addict","floor":31,"gold_loss":85},{"damage_healed":0,"gold_gain":0,"player_choice":"Ignored","damage_taken":0,"max_hp_gain":0,"max_hp_loss":0,"event_name":"SecretPortal","floor":37,"gold_loss":0},{"cards_removed":["Sentinel"],"damage_healed":0,"gold_gain":0,"player_choice":"Removed Skill","damage_taken":0,"max_hp_gain":0,"max_hp_loss":0,"event_name":"Falling","floor":45,"gold_loss":0},{"damage_healed":0,"gold_gain":0,"player_choice":"Memory 3","damage_taken":10,"max_hp_gain":0,"max_hp_loss":0,"event_name":"SensoryStone","floor":47,"gold_loss":0}],"is_beta":false,"boss_relics":[{"not_picked":["Runic Cube","Snecko Eye"],"picked":"Pandora\u0027s Box"},{"not_picked":["Astrolabe","Runic Pyramid"],"picked":"Mark of Pain"}],"items_purged_floors":[10],"is_endless":false,"potions_floor_spawned":[5,6,12,18,20,35,41],"ascension_level":6}