{"gold_per_floor":[20,20,40,60,87,118,137,468,468,494,3,3],"floor_reached":12,"playtime":318,"items_purged":[],"score":123,"play_id":"f56b4652-7c98-475a-8878-d7a4af1b4ffc","local_time":"20190225180143","is_ascension_mode":true,"campfire_choices":[],"neow_cost":"NO_GOLD","seed_source_timestamp":3257277482572,"circlet_count":0,"master_deck":["Strike_R","Strike_R","Strike_R","Strike_R","Strike_R","Defend_R","Defend_R","Defend_R","Defend_R","Bash","Whirlwind","Metallicize","Headbutt","Pommel Strike","Perfected Strike","Flex","Seeing Red+1"],"relics":["Burning Blood","Turnip","Champion Belt","Old Coin","Toxic Egg 2","Pen Nib","Membership Card","Shuriken","Sundial"],"potions_floor_usage":[6,8],"damage_taken":[{"damage":1,"enemies":"Cultist","floor":1,"turns":3},{"damage":8,"enemies":"Jaw Worm","floor":3,"turns":4},{"damage":6,"enemies":"Small Slimes","floor":4,"turns":4},{"damage":39,"enemies":"3 Sentries","floor":6,"turns":7},{"damage":6,"enemies":"Looter","floor":7,"turns":5},{"damage":24,"enemies":"Lagavulin","floor":8,"turns":7},{"damage":26,"enemies":"Gremlin Nob","floor":12,"turns":3}],"seed_played":"6618348224593185471","potions_obtained":[{"floor":1,"key":"Fire Potion"},{"floor":3,"key":"Weak Potion"}],"is_trial":false,"path_per_floor":["M","$","M","M","T","E","M","E","T","T","$","E"],"character_chosen":"IRONCLAD","items_purchased":["Membership Card","Shuriken","Sundial","Seeing Red+1"],"campfire_rested":0,"item_purchase_floors":[11,11,11,11],"current_hp_per_floor":[77,77,75,75,75,42,42,24,24,24,24,0],"gold":3,"neow_bonus":"ONE_RARE_RELIC","is_prod":false,"is_daily":false,"chose_seed":false,"campfire_upgraded":0,"win_rate":0,"timestamp":1551070903,"path_taken":["M","?","M","M","?","E","M","E","T","?","$","E"],"build_version":"2019-01-23","purchased_purges":0,"victory":false,"max_hp_per_floor":[80,80,80,80,80,80,80,80,80,80,80,80],"card_choices":[{"not_picked":["Body Slam","Sword Boomerang"],"picked":"Whirlwind","floor":1},{"not_picked":["Pummel","Warcry"],"picked":"Metallicize","floor":3},{"not_picked":["Iron Wave","Fiend Fire"],"picked":"Headbutt","floor":4},{"not_picked":["Second Wind","Body Slam"],"picked":"Pommel Strike","floor":6},{"not_picked":["Corruption","True Grit"],"picked":"Perfected Strike","floor":7},{"not_picked":["Burning Pact","Clothesline"],"picked":"Flex","floor":8}],"player_experience":410490,"relics_obtained":[{"floor":6,"key":"Champion Belt"},{"floor":8,"key":"Old Coin"},{"floor":9,"key":"Toxic Egg 2"},{"floor":10,"key":"Pen Nib"}],"event_choices":[],"is_beta":false,"boss_relics":[],"items_purged_floors":[],"is_endless":false,"potions_floor_spawned":[1,3],"killed_by":"Gremlin Nob","ascension_level":8}