{"path_per_floor":["M","?","M","M","?","R","M","?","T","R","M","M","$","M","R"],"character_chosen":"IRONCLAD","items_purchased":["Calipers"],"gold_per_floor":[214,214,228,242,242,242,259,289,289,289,301,313,6,24,24,24],"floor_reached":16,"campfire_rested":1,"playtime":1243,"item_purchase_floors":[13],"current_hp_per_floor":[79,72,70,76,76,76,71,71,71,71,54,42,42,39,63,0],"items_purged":[],"gold":24,"score":94,"play_id":"ea7eb974-4dce-4e1a-9f69-2b54d18a661b","local_time":"20180618001606","is_prod":false,"is_daily":false,"chose_seed":false,"is_ascension_mode":false,"campfire_upgraded":2,"win_rate":0.0,"timestamp":1529295366,"campfire_choices":[{"data":"Exhume","floor":6,"key":"SMITH"},{"data":"Heavy Blade","floor":10,"key":"SMITH"},{"floor":15,"key":"REST"}],"path_taken":["M","?","M","?","?","R","M","?","T","R","M","M","$","M","R","BOSS"],"build_version":"2018-06-14v2","seed_source_timestamp":44135929166224,"purchased_purges":0,"victory":false,"master_deck":["Strike_R","Strike_R","Strike_R","Strike_R","Strike_R","Defend_R","Defend_R","Defend_R","Bash","Clash","Exhume+1","Heavy Blade+1","Feel No Pain","Havoc"],"max_hp_per_floor":[80,80,80,80,80,80,80,80,80,80,80,80,80,80,80,80],"relics":["Burning Blood","Shuriken","Calipers"],"card_choices":[{"not_picked":["Iron Wave","Cleave","Anger"],"picked":"SKIP","floor":1},{"not_picked":["Clothesline","True Grit"],"picked":"Clash","floor":3},{"not_picked":["Clash","Pommel Strike"],"picked":"Exhume","floor":4},{"not_picked":["Combust","Thunderclap"],"picked":"Heavy Blade","floor":7},{"not_picked":["Heavy Blade","Anger"],"picked":"Feel No Pain","floor":11},{"not_picked":["Twin Strike","Ghostly Armor"],"picked":"Havoc","floor":12},{"not_picked":["Reckless Charge","Dual Wield","Power Through"],"picked":"SKIP","floor":14}],"player_experience":40961,"potions_floor_usage":[11,11],"damage_taken":[{"damage":7,"enemies":"Cultist","floor":1,"turns":5},{"damage":8,"enemies":"2 Louse","floor":3,"turns":4},{"damage":0,"enemies":"Small Slimes","floor":4,"turns":3},{"damage":11,"enemies":"3 Louse","floor":7,"turns":3},{"damage":23,"enemies":"Lots of Slimes","floor":11,"turns":5},{"damage":18,"enemies":"Large Slime","floor":12,"turns":6},{"damage":9,"enemies":"2 Fungi Beasts","floor":14,"turns":3},{"damage":65,"enemies":"Hexaghost","floor":16,"turns":9}],"relics_obtained":[{"floor":9,"key":"Shuriken"}],"event_choices":[{"event_name":"Golden Wing","player_choice":"Card Removal","floor":2,"damage_taken":0},{"event_name":"The Woman in Blue","player_choice":"Bought 0 Potions","floor":5,"damage_taken":0},{"event_name":"Dead Adventurer","player_choice":"Searched \u00271\u0027 times","floor":8,"damage_taken":0}],"boss_relics":[],"items_purged_floors":[],"is_endless":false,"potions_floor_spawned":[3,7],"seed_played":"7478064684531631190","killed_by":"Hexaghost","ascension_level":0,"potions_obtained":[{"floor":3,"key":"Swift Potion"},{"floor":7,"key":"SpeedPotion"}],"is_trial":false}