{"gold_per_floor":[110,60,75,93,19,19,19,51,51,63,63,91,104,133,133,133],"floor_reached":16,"playtime":599,"items_purged":[],"score":162,"play_id":"577c93a0-a6f6-432a-9db9-f44fda85bc68","local_time":"20190226193357","is_ascension_mode":true,"campfire_choices":[{"data":"Sunder","floor":6,"key":"SMITH"},{"data":"Zap","floor":11,"key":"SMITH"},{"floor":15,"key":"REST"}],"neow_cost":"NONE","seed_source_timestamp":243042248497548,"circlet_count":0,"master_deck":["Strike_B","Strike_B","Defend_B","Defend_B","Defend_B","Defend_B","Zap+1","Dualcast","Streamline","Compile Driver","Coolheaded","Sunder+1","Compile Driver","Machine Learning","Ball Lightning","Coolheaded+1","Genetic Algorithm+1"],"relics":["Cracked Core","NeowsBlessing","Dodecahedron","Toxic Egg 2","Darkstone Periapt","Bottled Tornado"],"potions_floor_usage":[14,14,16],"damage_taken":[{"damage":0,"enemies":"Cultist","floor":1,"turns":1},{"damage":0,"enemies":"Jaw Worm","floor":3,"turns":1},{"damage":0,"enemies":"Small Slimes","floor":4,"turns":1},{"damage":32,"enemies":"Lagavulin","floor":8,"turns":6},{"damage":7,"enemies":"Looter","floor":10,"turns":3},{"damage":16,"enemies":"3 Sentries","floor":12,"turns":5},{"damage":0,"enemies":"2 Fungi Beasts","floor":13,"turns":2},{"damage":8,"enemies":"Gremlin Nob","floor":14,"turns":3},{"damage":27,"enemies":"Hexaghost","floor":16,"turns":9}],"seed_played":"-116891590099554231","potions_obtained":[{"floor":3,"key":"Strength Potion"},{"floor":8,"key":"SpeedPotion"},{"floor":13,"key":"FearPotion"}],"is_trial":false,"path_per_floor":["M","?","M","M","$","R","?","E","T","M","R","E","M","E","R","B"],"character_chosen":"DEFECT","items_purchased":["Sunder"],"campfire_rested":1,"item_purchase_floors":[5],"current_hp_per_floor":[68,68,68,68,68,68,68,36,36,29,29,13,13,5,27,0],"gold":133,"neow_bonus":"THREE_ENEMY_KILL","is_prod":false,"is_daily":false,"chose_seed":false,"campfire_upgraded":2,"win_rate":0,"timestamp":1551238437,"path_taken":["M","?","M","M","$","R","?","E","T","?","R","E","M","E","R","BOSS"],"build_version":"2019-01-23","purchased_purges":0,"victory":false,"max_hp_per_floor":[75,75,75,75,75,75,75,75,75,75,75,75,75,75,75,75],"card_choices":[{"not_picked":["Sweeping Beam","Tempest"],"picked":"Streamline","floor":1},{"not_picked":["Sweeping Beam","Stack"],"picked":"Compile Driver","floor":3},{"not_picked":["Conserve Battery","Streamline"],"picked":"Coolheaded","floor":4},{"not_picked":["Double Energy","Undo"],"picked":"Compile Driver","floor":8},{"not_picked":["Barrage","Compile Driver"],"picked":"Machine Learning","floor":10},{"not_picked":["Stack+1","Beam Cell"],"picked":"Ball Lightning","floor":12},{"not_picked":["Auto Shields+1","Scrape"],"picked":"Coolheaded+1","floor":13},{"not_picked":["Hologram+1","Recycle+1"],"picked":"Genetic Algorithm+1","floor":14}],"player_experience":435468,"relics_obtained":[{"floor":8,"key":"Dodecahedron"},{"floor":9,"key":"Toxic Egg 2"},{"floor":12,"key":"Darkstone Periapt"},{"floor":14,"key":"Bottled Tornado"}],"event_choices":[{"cards_removed":["Strike_B"],"damage_healed":0,"gold_gain":0,"player_choice":"Card Removal","damage_taken":0,"max_hp_gain":0,"max_hp_loss":0,"event_name":"The Cleric","floor":2,"gold_loss":50},{"cards_removed":["Strike_B"],"damage_healed":0,"gold_gain":0,"player_choice":"Offered Basic","damage_taken":0,"max_hp_gain":0,"max_hp_loss":0,"event_name":"Bonfire Elementals","floor":7,"gold_loss":0}],"is_beta":false,"boss_relics":[],"items_purged_floors":[],"is_endless":false,"potions_floor_spawned":[3,8,13],"killed_by":"Hexaghost","ascension_level":7}