{"path_per_floor":["M","M","M","M","M","R","?","E","T","M","$","?","E","M","R","B",null,"M","M","M","M","M","E","M","E","T","?","R","M","M","M","R","B",null,"M","M","M","?","M","E","?","$","T","E","?","?","?","M","R","B"],"character_chosen":"IRONCLAD","items_purchased":["War Paint","Clothesline+1","Shockwave","Heavy Blade+1","Sentinel","Matryoshka","Oddly Smooth Stone","AttackPotion","Block Potion","SkillPotion","AttackPotion"],"gold_per_floor":[114,129,144,159,174,174,249,279,279,294,33,33,63,108,108,208,208,223,238,253,268,283,313,328,358,408,408,408,423,438,453,453,553,553,568,583,598,598,613,643,643,47,72,102,102,102,152,167,167,167],"floor_reached":51,"campfire_rested":0,"playtime":1731,"item_purchase_floors":[11,11,11,11,42,42,42,42,42,42,42],"current_hp_per_floor":[78,80,79,81,80,79,68,74,74,75,74,73,62,61,61,61,68,67,48,44,58,66,48,57,61,61,30,29,28,27,29,28,27,28,27,26,25,24,23,22,21,20,19,25,15,15,25,24,23,22],"items_purged":[],"gold":167,"score":1392,"play_id":"e3ff3c3e-93b4-4444-a6ba-e5e90e4f6684","local_time":"20180613052553","daily_mods":["Shiny","Terminal","Vintage"],"is_prod":false,"is_daily":true,"chose_seed":false,"is_ascension_mode":false,"campfire_upgraded":5,"win_rate":0,"timestamp":1528824353,"campfire_choices":[{"data":"Offering","floor":6,"key":"SMITH"},{"data":"Havoc","floor":15,"key":"SMITH"},{"data":"Exhume","floor":28,"key":"SMITH"},{"data":"Dark Embrace","floor":32,"key":"SMITH"},{"data":"Limit Break","floor":49,"key":"SMITH"}],"path_taken":["M","M","M","M","M","R","?","E","T","M","$","?","E","M","R","BOSS","M","M","M","M","M","E","M","E","T","?","R","M","M","M","R","BOSS","M","M","M","?","M","E","?","$","T","E","?","?","?","M","R","BOSS"],"build_version":"2018-06-07v3","seed_source_timestamp":0,"purchased_purges":0,"victory":true,"master_deck":["Double Tap+1","Demon Form","Bludgeon+1","Feed","Limit Break+1","Barricade","Fiend Fire","Dark Embrace+1","Berserk","Impervious+1","Juggernaut","Brutality","Reaper+1","Exhume+1","Offering+1","Immolate","Inflame","Shockwave","Heavy Blade+1","Havoc+1","Immolate+1","Shrug It Off+1","Flex+1","Ghostly","Ghostly","Ghostly","Ghostly","Ghostly","Exhume","Heavy Blade+1","Flex+1","Heavy Blade+1","Headbutt+1","Pommel Strike+1","Uppercut+1","Sentinel","Havoc","Enlightenment","Thinking Ahead","Flash of Steel+1","Seeing Red+1"],"max_hp_per_floor":[78,80,79,81,80,79,78,77,76,75,74,73,72,71,70,69,68,67,66,68,67,66,65,64,63,62,30,29,28,27,29,28,27,28,27,26,25,24,23,22,21,20,19,25,24,23,25,24,23,22],"relics":["Burning Blood","Omamori","The Courier","Unceasing Top","Question Card","Champion Belt","Molten Egg 2","Mercury Hourglass","Paper Frog","War Paint","Bird Faced Urn","Tiny Chest","Singing Bowl","Black Star","Shuriken","Happy Flower","Blood Vial","Ornamental Fan","Bottled Flame","Bronze Scales","Regal Pillow","Turnip","Boot","Potion Belt","Bag of Marbles","Kunai","Bag of Preparation","Pen Nib","Centennial Puzzle","Orrery","Frozen Egg 2","Anchor","Orichalcum","Juzu Bracelet","Art of War","Ancient Tea Set","Charon\u0027s Ashes","Matryoshka","Oddly Smooth Stone","Lantern","Whetstone","Vajra","Strawberry","Du-Vu Doll","Bottled Lightning"],"card_choices":[{"not_picked":["Armaments","Evolve","Wild Strike"],"picked":"Inflame","floor":8},{"not_picked":["Twin Strike+1","Anger+1","Clothesline+1"],"picked":"Havoc","floor":13},{"not_picked":["Demon Form","Berserk","Reaper+1"],"picked":"Immolate+1","floor":16},{"not_picked":["Havoc+1","Twin Strike+1","Disarm"],"picked":"Shrug It Off+1","floor":23},{"not_picked":["Pummel+1","Ghostly Armor","Immolate+1"],"picked":"Flex+1","floor":25},{"not_picked":["Feed+1","Offering","Demon Form"],"picked":"Exhume","floor":33},{"not_picked":["Spot Weakness","Clothesline+1","Ghostly Armor"],"picked":"Heavy Blade+1","floor":34},{"not_picked":["Clash+1","Pummel+1","Shrug It Off"],"picked":"Flex+1","floor":34},{"not_picked":["Thunderclap+1","Searing Blow+1","Perfected Strike+1"],"picked":"Heavy Blade+1","floor":34},{"not_picked":["Armaments+1","Hemokinesis+1","Thunderclap+1","True Grit"],"picked":"Singing Bowl","floor":34},{"not_picked":["Clothesline+1","Demon Form","Intimidate"],"picked":"Headbutt+1","floor":34},{"not_picked":["Warcry+1","Power Through+1","Sword Boomerang+1"],"picked":"Pommel Strike+1","floor":40},{"not_picked":["Perfected Strike+1","Dropkick+1","Entrench+1"],"picked":"Uppercut+1","floor":41},{"not_picked":["Perfected Strike+1","Wild Strike+1","Clothesline+1"],"picked":"Havoc","floor":44},{"not_picked":["Purity","Panacea","Trip"],"picked":"Enlightenment","floor":45},{"not_picked":["Deep Breath","Good Instincts","Blind"],"picked":"Thinking Ahead","floor":45},{"not_picked":["Trip","Bandage Up","Dramatic Entrance+1"],"picked":"Flash of Steel+1","floor":45},{"not_picked":["Spot Weakness+1","Rage+1","Flex"],"picked":"Seeing Red+1","floor":47}],"player_experience":257714,"potions_floor_usage":[13,16,20,21,23,23,25,41,41,50,50,50],"damage_taken":[{"damage":0,"enemies":"2 Louse","floor":1,"turns":1},{"damage":0,"enemies":"Small Slimes","floor":2,"turns":2},{"damage":4,"enemies":"Cultist","floor":3,"turns":2},{"damage":4,"enemies":"Exordium Wildlife","floor":4,"turns":2},{"damage":4,"enemies":"Blue Slaver","floor":5,"turns":1},{"damage":0,"enemies":"3 Sentries","floor":8,"turns":1},{"damage":0,"enemies":"3 Louse","floor":10,"turns":1},{"damage":17,"enemies":"Lagavulin","floor":13,"turns":4},{"damage":9,"enemies":"Exordium Thugs","floor":14,"turns":3},{"damage":22,"enemies":"The Guardian","floor":16,"turns":6},{"damage":5,"enemies":"Spheric Guardian","floor":18,"turns":3},{"damage":33,"enemies":"2 Thieves","floor":19,"turns":4},{"damage":25,"enemies":"Centurion and Healer","floor":20,"turns":4},{"damage":8,"enemies":"3 Cultists","floor":21,"turns":2},{"damage":5,"enemies":"Snecko","floor":22,"turns":2},{"damage":30,"enemies":"Book of Stabbing","floor":23,"turns":4},{"damage":5,"enemies":"Cultist and Chosen","floor":24,"turns":4},{"damage":8,"enemies":"Slavers","floor":25,"turns":1},{"damage":0,"enemies":"Sentry and Sphere","floor":29,"turns":1},{"damage":0,"enemies":"3 Cultists","floor":30,"turns":1},{"damage":8,"enemies":"Cultist and Chosen","floor":31,"turns":1},{"damage":4,"enemies":"Champ","floor":33,"turns":3},{"damage":2,"enemies":"Orb Walker","floor":35,"turns":3},{"damage":4,"enemies":"3 Darklings","floor":36,"turns":1},{"damage":3,"enemies":"Maw","floor":37,"turns":4},{"damage":0,"enemies":"Sphere and 2 Shapes","floor":39,"turns":3},{"damage":9,"enemies":"Nemesis","floor":40,"turns":5},{"damage":4,"floor":41,"turns":1},{"damage":5,"enemies":"2 Orb Walkers","floor":44,"turns":3},{"damage":0,"floor":47,"turns":1},{"damage":0,"enemies":"3 Darklings","floor":48,"turns":1},{"damage":6,"enemies":"Awakened One","floor":50,"turns":2}],"relics_obtained":[{"floor":1,"key":"Omamori"},{"floor":2,"key":"The Courier"},{"floor":3,"key":"Unceasing Top"},{"floor":4,"key":"Question Card"},{"floor":5,"key":"Champion Belt"},{"floor":8,"key":"Molten Egg 2"},{"floor":9,"key":"Mercury Hourglass"},{"floor":10,"key":"Paper Frog"},{"floor":13,"key":"Bird Faced Urn"},{"floor":14,"key":"Tiny Chest"},{"floor":16,"key":"Singing Bowl"},{"floor":18,"key":"Shuriken"},{"floor":19,"key":"Happy Flower"},{"floor":20,"key":"Blood Vial"},{"floor":21,"key":"Ornamental Fan"},{"floor":22,"key":"Bottled Flame"},{"floor":23,"key":"Bronze Scales"},{"floor":23,"key":"Regal Pillow"},{"floor":24,"key":"Turnip"},{"floor":25,"key":"Boot"},{"floor":25,"key":"Potion Belt"},{"floor":26,"key":"Bag of Marbles"},{"floor":29,"key":"Kunai"},{"floor":30,"key":"Bag of Preparation"},{"floor":31,"key":"Pen Nib"},{"floor":33,"key":"Centennial Puzzle"},{"floor":35,"key":"Frozen Egg 2"},{"floor":36,"key":"Anchor"},{"floor":37,"key":"Orichalcum"},{"floor":39,"key":"Juzu Bracelet"},{"floor":40,"key":"Art of War"},{"floor":40,"key":"Ancient Tea Set"},{"floor":41,"key":"Charon\u0027s Ashes"},{"floor":43,"key":"Lantern"},{"floor":43,"key":"Whetstone"},{"floor":44,"key":"Vajra"},{"floor":44,"key":"Strawberry"},{"floor":47,"key":"Du-Vu Doll"},{"floor":48,"key":"Bottled Lightning"}],"event_choices":[{"event_name":"World of Goop","player_choice":"Gather Gold","floor":7,"damage_taken":0},{"event_name":"Wheel of Change","player_choice":"Curse","floor":12,"damage_taken":0},{"event_name":"Ghosts","player_choice":"Became a Ghost","floor":27,"damage_taken":0},{"event_name":"Tomb of Lord Red Mask","player_choice":"Ignored","floor":38,"damage_taken":0},{"event_name":"MindBloom","player_choice":"Fight","floor":41,"damage_taken":0},{"event_name":"SensoryStone","player_choice":"Memory 3","floor":45,"damage_taken":0},{"event_name":"Falling","player_choice":"Removed Attack","floor":46,"damage_taken":0},{"event_name":"Mysterious Sphere","player_choice":"Fight","floor":47,"damage_taken":0}],"boss_relics":[{"not_picked":["Tiny House","Eternal Feather"],"picked":"Black Star"},{"not_picked":["Philosopher\u0027s Stone","Black Blood"],"picked":"Orrery"}],"items_purged_floors":[],"potions_floor_spawned":[1,13,14,16,19,21,23,29,30,31,35,37,39],"seed_played":"1328188015315742708","ascension_level":0,"potions_obtained":[{"floor":1,"key":"GamblersBrew"},{"floor":13,"key":"BloodPotion"},{"floor":14,"key":"Weak Potion"},{"floor":16,"key":"SkillPotion"},{"floor":19,"key":"AttackPotion"},{"floor":21,"key":"Weak Potion"},{"floor":23,"key":"AttackPotion"},{"floor":29,"key":"Regen Potion"},{"floor":30,"key":"Explosive Potion"},{"floor":31,"key":"SteroidPotion"},{"floor":35,"key":"Strength Potion"},{"floor":37,"key":"Regen Potion"}],"is_trial":false}