{"gold_per_floor":[119,119,119,136,151,180,180,190,190,190,155,155,168,25,25,128,128,148,159,40,139,89,89,140,140,215,225,28,39,39,39],"floor_reached":31,"playtime":1912,"items_purged":["Strike_R"],"score":233,"play_id":"62f1e2ee-690e-4ca9-9f26-b760c0175d98","local_time":"20180711022507","is_ascension_mode":false,"campfire_choices":[{"floor":10.0,"key":"REST"},{"data":"Battle Trance","floor":12.0,"key":"SMITH"},{"data":"Whirlwind","floor":15.0,"key":"SMITH"},{"floor":23,"key":"REST"},{"data":"Purity","floor":25,"key":"SMITH"},{"floor":30,"key":"REST"}],"neow_cost":"NONE","seed_source_timestamp":0,"circlet_count":0,"master_deck":["Strike_R","Strike_R","Strike_R","Strike_R","Defend_R","Defend_R","Defend_R","Defend_R","Bash","Sentinel","Seeing Red","Battle Trance+1","Seeing Red","Second Wind","Whirlwind+1","Purity+1","Demon Form","Dual Wield","Bloodletting+1","Exhume","Shrug It Off","Armaments"],"special_seed":0,"relics":["Burning Blood","Omamori","Smiling Mask","Ice Cream","Bird Faced Urn","Runic Pyramid","Vajra","Shuriken","ClockworkSouvenir"],"potions_floor_usage":[29,29,31],"damage_taken":[{"damage":9.0,"enemies":"Jaw Worm","floor":1.0,"turns":4.0},{"damage":1.0,"enemies":"Cultist","floor":4.0,"turns":4.0},{"damage":0.0,"enemies":"Small Slimes","floor":5.0,"turns":5.0},{"damage":48.0,"enemies":"Lagavulin","floor":6.0,"turns":9.0},{"damage":16.0,"enemies":"Exordium Wildlife","floor":8.0,"turns":10.0},{"damage":10.0,"enemies":"3 Louse","floor":13.0,"turns":4.0},{"damage":1.0,"enemies":"Slime Boss","floor":16.0,"turns":6.0},{"damage":20,"enemies":"2 Thieves","floor":18,"turns":4},{"damage":32,"enemies":"Shell Parasite","floor":19,"turns":6},{"damage":8,"enemies":"Snecko","floor":27,"turns":4},{"damage":57,"enemies":"Cultist and Chosen","floor":29,"turns":5},{"damage":45,"enemies":"Snake Plant","floor":31,"turns":2}],"seed_played":"5480781146031448332","potions_obtained":[{"floor":1.0,"key":"SkillPotion"},{"floor":13.0,"key":"LiquidBronze"},{"floor":16,"key":"EssenceOfSteel"},{"floor":19,"key":"Dexterity Potion"},{"floor":27,"key":"EssenceOfSteel"}],"is_trial":false,"path_per_floor":["M","?","?","M","M","E","?","M","T","R","?","R","M","$","R","B",null,"M","M","$","?","?","R","T","R","T","M","$","M","R"],"character_chosen":"IRONCLAD","items_purchased":["Purity","Exhume","Shrug It Off","ClockworkSouvenir"],"campfire_rested":3,"item_purchase_floors":[14,20,20,28],"current_hp_per_floor":[77,69,57,62,68,26,26,16,16,40,60,60,56,56,56,61,80,68,44,44,44,44,68,68,68,68,68,68,19,43,0],"gold":39,"neow_bonus":"RANDOM_COMMON_RELIC","is_prod":false,"is_daily":false,"chose_seed":false,"campfire_upgraded":3,"win_rate":0.0,"timestamp":1531290307,"path_taken":["M","?","?","M","M","E","?","M","T","R","?","R","M","$","R","BOSS","BOSS","M","?","$","?","?","R","?","R","T","M","$","M","R","M"],"build_version":"2018-07-05","purchased_purges":1,"victory":false,"max_hp_per_floor":[80,80,80,80,80,80,80,80,80,80,80,80,80,80,80,80,80,80,80,80,80,80,80,80,80,80,80,80,80,80,80],"card_choices":[{"not_picked":["Pommel Strike","Perfected Strike"],"picked":"Sentinel","floor":1.0},{"not_picked":["Twin Strike","Thunderclap"],"picked":"Seeing Red","floor":4.0},{"not_picked":["Havoc","Fiend Fire"],"picked":"Battle Trance","floor":5.0},{"not_picked":["Body Slam","Clash"],"picked":"Seeing Red","floor":6.0},{"not_picked":["Shrug It Off","Thunderclap"],"picked":"Second Wind","floor":8.0},{"not_picked":["Warcry","Inflame"],"picked":"Whirlwind","floor":13.0},{"not_picked":["Fiend Fire","Reaper"],"picked":"Demon Form","floor":16},{"not_picked":["Sword Boomerang","Shrug It Off+1"],"picked":"Dual Wield","floor":18},{"not_picked":["Rage","Thunderclap"],"picked":"Bloodletting+1","floor":19},{"not_picked":["Anger+1","Exhume"],"picked":"Armaments","floor":27},{"not_picked":["Sword Boomerang","Second Wind","Hemokinesis"],"picked":"SKIP","floor":29}],"player_experience":124830,"relics_obtained":[{"floor":6.0,"key":"Ice Cream"},{"floor":9.0,"key":"Bird Faced Urn"},{"floor":24,"key":"Vajra"},{"floor":26,"key":"Shuriken"}],"event_choices":[{"event_name":"Wheel of Change","player_choice":"Damage","floor":2.0,"damage_taken":0.0},{"event_name":"Scrap Ooze","player_choice":"success","floor":3.0,"damage_taken":12.0},{"event_name":"Golden Wing","player_choice":"Ignored","floor":7.0,"damage_taken":0.0},{"event_name":"The Cleric","player_choice":"Healed","floor":11.0,"damage_taken":0.0},{"event_name":"Nest","player_choice":"Stole From Cult","floor":21,"damage_taken":0},{"event_name":"The Joust","player_choice":"Bet on Murderer","floor":22,"damage_taken":0}],"boss_relics":[{"not_picked":["Eternal Feather","Sozu"],"picked":"Runic Pyramid"}],"items_purged_floors":[14],"is_endless":false,"potions_floor_spawned":[1,13,16,19,27],"killed_by":"Snake Plant","ascension_level":0}