{"gold_per_floor":[369,380,395,37,37,72,72,83,164,43,43,60,94,107,107,179,179,192,61,161,178,178,228,262,277,300,310,310,25,51,67,67,144,144,157,157,157,157,257,257,272,305,330,358,358,376,376,376,376,376,376,376,376,3,30,30],"floor_reached":57,"playtime":6752,"items_purged":["Strike_R","Strike_R"],"score":2845,"play_id":"47e2a065-864e-492e-b4e3-41372014dd50","local_time":"20190225203342","is_ascension_mode":true,"campfire_choices":[{"data":"Uppercut","floor":7.0,"key":"SMITH"},{"data":"Apotheosis","floor":15.0,"key":"SMITH"},{"data":"Demon Form","floor":28.0,"key":"SMITH"},{"floor":32.0,"key":"DIG"},{"floor":40.0,"key":"DIG"},{"floor":47.0,"key":"RECALL"},{"floor":49.0,"key":"DIG"},{"floor":53,"key":"DIG"}],"neow_cost":"TEN_PERCENT_HP_LOSS","seed_source_timestamp":0,"circlet_count":0,"master_deck":["AscendersBane","Strike_R","Strike_R","Strike_R","Defend_R","Defend_R","Defend_R","Defend_R","Bash","Disarm","Apotheosis+1","Uppercut+1","Shrug It Off","Pommel Strike","Battle Trance","Feed","Shrug It Off","Bludgeon","True Grit","Demon Form+1","Cleave","Burning Pact","Clothesline+1","True Grit+1","Heavy Blade","Feel No Pain","Exhume","Disarm","Fiend Fire","Reaper","True Grit+1","Offering","Apotheosis","True Grit","Shrug It Off","Warcry+1"],"special_seed":0,"relics":["Burning Blood","Membership Card","Torii","Ancient Tea Set","Question Card","Vajra","Velvet Choker","Bronze Scales","Shovel","Kunai","Champion Belt","Juzu Bracelet","PreservedInsect","Pen Nib","Mango","Thread and Needle","Lizard Tail","Shuriken","Bird Faced Urn","Potion Belt","Oddly Smooth Stone","Singing Bowl","Red Skull","Sundial","Gambling Chip","Ice Cream","Happy Flower"],"potions_floor_usage":[55,56],"damage_taken":[{"damage":4.0,"enemies":"Jaw Worm","floor":1.0,"turns":6.0},{"damage":7.0,"enemies":"Cultist","floor":2.0,"turns":4.0},{"damage":15.0,"enemies":"Small Slimes","floor":3.0,"turns":6.0},{"damage":2.0,"enemies":"Lagavulin","floor":6.0,"turns":7.0},{"damage":0.0,"enemies":"Looter","floor":8.0,"turns":3.0},{"damage":1.0,"enemies":"Blue Slaver","floor":12.0,"turns":4.0},{"damage":13.0,"enemies":"3 Sentries","floor":13.0,"turns":7.0},{"damage":14.0,"enemies":"Exordium Wildlife","floor":14.0,"turns":7.0},{"damage":17.0,"enemies":"The Guardian","floor":16.0,"turns":10.0},{"damage":10.0,"enemies":"Chosen","floor":18.0,"turns":6.0},{"damage":16.0,"enemies":"Colosseum Slavers","floor":20.0,"turns":4.0},{"damage":2.0,"enemies":"Colosseum Nobs","floor":20.0,"turns":4.0},{"damage":4.0,"enemies":"3 Byrds","floor":21.0,"turns":4.0},{"damage":25.0,"enemies":"Slavers","floor":24.0,"turns":4.0},{"damage":13.0,"enemies":"Snecko","floor":25.0,"turns":6.0},{"damage":11.0,"enemies":"Centurion and Healer","floor":27.0,"turns":7.0},{"damage":3.0,"enemies":"Gremlin Leader","floor":30.0,"turns":4.0},{"damage":16.0,"enemies":"Snake Plant","floor":31.0,"turns":3.0},{"damage":29.0,"enemies":"Automaton","floor":33.0,"turns":12.0},{"damage":42.0,"enemies":"3 Darklings","floor":35.0,"turns":6.0},{"damage":4.0,"enemies":"Mind Bloom Boss Battle","floor":39.0,"turns":9.0},{"damage":0.0,"enemies":"Orb Walker","floor":41.0,"turns":3.0},{"damage":1.0,"enemies":"Nemesis","floor":42.0,"turns":11.0},{"damage":39.0,"enemies":"Giant Head","floor":44.0,"turns":7.0},{"damage":20.0,"enemies":"4 Shapes","floor":46.0,"turns":17.0},{"damage":7.0,"enemies":"Transient","floor":48.0,"turns":4.0},{"damage":98.0,"enemies":"Donu and Deca","floor":50.0,"turns":13.0},{"damage":94,"enemies":"Time Eater","floor":51,"turns":15},{"damage":164,"enemies":"Shield and Spear","floor":55,"turns":10},{"damage":89,"enemies":"The Heart","floor":56,"turns":10}],"seed_played":"6678699901112765432","potions_obtained":[{"floor":1.0,"key":"Explosive Potion"},{"floor":3.0,"key":"Regen Potion"},{"floor":6.0,"key":"SkillPotion"},{"floor":12.0,"key":"LiquidBronze"},{"floor":14.0,"key":"Explosive Potion"},{"floor":20.0,"key":"Fire Potion"},{"floor":24.0,"key":"Strength Potion"},{"floor":39.0,"key":"AttackPotion"},{"floor":44.0,"key":"SmokeBomb"},{"floor":46.0,"key":"AttackPotion"},{"floor":55,"key":"Explosive Potion"}],"is_trial":false,"path_per_floor":["M","M","M","$","?","E","R","M","T","$","?","M","E","M","R","B",null,"M","$","?","M","$","?","E","M","T","M","R","$","E","M","R","B",null,"M","?","T","?","?","R","M","E","T","E","?","M","R","M","R","B","B",null,"R","$","E","B",null],"character_chosen":"IRONCLAD","items_purchased":["Membership Card","Apotheosis","Uppercut","Shrug It Off","Feed","Bronze Scales","Feel No Pain","Exhume","PreservedInsect","Pen Nib","Gambling Chip","Ice Cream","Block Potion","Shrug It Off"],"campfire_rested":0,"item_purchase_floors":[4,4,4,4,10,19,29,29,29,29,54,54,54,54],"current_hp_per_floor":[68,67,58,58,58,68,68,68,68,68,68,72,68,60,60,53,73,73,73,71,77,77,77,62,59,59,54,54,54,75,65,65,46,102,66,66,66,66,68,68,78,96,96,69,63,84,84,83,83,54,52,110,110,110,71,38],"gold":30,"neow_bonus":"TWO_FIFTY_GOLD","is_prod":false,"is_daily":false,"chose_seed":false,"campfire_upgraded":3,"win_rate":0,"timestamp":1551080022,"path_taken":["M","M","M","$","?","E","R","?","T","$","?","M","E","M","R","BOSS","M","$","?","M","$","?","E","M","T","M","R","$","E","M","R","BOSS","M","?","?","?","?","R","M","E","T","E","?","M","R","M","R","BOSS","BOSS","R","$","E","BOSS"],"build_version":"2019-01-23","purchased_purges":2,"victory":true,"max_hp_per_floor":[68,68,68,68,68,68,68,68,68,68,68,72,75,75,75,79,79,83,83,87,91,91,91,95,99,99,99,99,99,117,117,117,121,121,121,121,121,115,115,115,119,119,119,121,125,129,129,129,129,129,129,129,129,129,133,133],"card_choices":[{"not_picked":["Rupture","Clothesline"],"picked":"Disarm","floor":1.0},{"not_picked":["Clash","Body Slam","Heavy Blade"],"picked":"SKIP","floor":2.0},{"not_picked":["Thunderclap","Sword Boomerang"],"picked":"Headbutt","floor":3.0},{"not_picked":["Sever Soul","Wild Strike"],"picked":"Pommel Strike","floor":6.0},{"not_picked":["Anger","Perfected Strike"],"picked":"Battle Trance","floor":8.0},{"not_picked":["Wild Strike","Twin Strike","Clothesline"],"picked":"Shrug It Off","floor":12.0},{"not_picked":["Second Wind","Blood for Blood","Rampage"],"picked":"Bludgeon","floor":13.0},{"not_picked":["Cleave","Sword Boomerang","Warcry"],"picked":"True Grit","floor":14.0},{"not_picked":["Bludgeon","Berserk","Dark Embrace"],"picked":"Demon Form","floor":16.0},{"not_picked":["Pommel Strike","Heavy Blade","Battle Trance"],"picked":"Cleave","floor":18.0},{"not_picked":["Body Slam","Thunderclap","Clash"],"picked":"Burning Pact","floor":20.0},{"not_picked":["Sever Soul","Warcry","Berserk"],"picked":"Clothesline+1","floor":21.0},{"not_picked":["Evolve+1","Ghostly Armor","Shockwave"],"picked":"True Grit+1","floor":24.0},{"not_picked":["Metallicize","Anger","True Grit+1"],"picked":"Heavy Blade","floor":25.0},{"not_picked":["Havoc","Wild Strike+1","Flex","Entrench"],"picked":"SKIP","floor":27.0},{"not_picked":["Pommel Strike","Perfected Strike","Clothesline","Armaments"],"picked":"SKIP","floor":30.0},{"not_picked":["Dual Wield","Entrench","Sword Boomerang"],"picked":"Disarm","floor":31.0},{"not_picked":["Dark Embrace","Berserk","Brutality"],"picked":"Fiend Fire","floor":33.0},{"not_picked":["Twin Strike","Clash","Wild Strike","Fire Breathing+1"],"picked":"SKIP","floor":35.0},{"not_picked":["Wild Strike","Iron Wave","Seeing Red"],"picked":"Reaper","floor":39.0},{"not_picked":["Hemokinesis","Warcry","Thunderclap"],"picked":"True Grit+1","floor":41.0},{"not_picked":["Exhume","Body Slam+1","Clash"],"picked":"Offering","floor":42.0},{"not_picked":["Rampage","Body Slam","Havoc","Carnage+1"],"picked":"Singing Bowl","floor":44.0},{"not_picked":["Mayhem","Flash of Steel","Dramatic Entrance","Discovery"],"picked":"Singing Bowl","floor":45.0},{"not_picked":["Metamorphosis","PanicButton","Flash of Steel","HandOfGreed"],"picked":"Singing Bowl","floor":45.0},{"not_picked":["Magnetism","Impatience","Panacea"],"picked":"Apotheosis","floor":45.0},{"not_picked":["Twin Strike","Clothesline","Heavy Blade"],"picked":"True Grit","floor":46.0},{"not_picked":["Perfected Strike","Feed","Fire Breathing"],"picked":"Warcry+1","floor":55}],"player_experience":448078,"relics_obtained":[{"floor":5.0,"key":"Torii"},{"floor":6.0,"key":"Ancient Tea Set"},{"floor":9.0,"key":"Question Card"},{"floor":13.0,"key":"Vajra"},{"floor":20.0,"key":"Shovel"},{"floor":20.0,"key":"Kunai"},{"floor":24.0,"key":"Champion Belt"},{"floor":26.0,"key":"Juzu Bracelet"},{"floor":30.0,"key":"Mango"},{"floor":32.0,"key":"Thread and Needle"},{"floor":37.0,"key":"Shuriken"},{"floor":39.0,"key":"Bird Faced Urn"},{"floor":40.0,"key":"Potion Belt"},{"floor":42.0,"key":"Oddly Smooth Stone"},{"floor":44.0,"key":"Singing Bowl"},{"floor":49.0,"key":"Red Skull"},{"floor":53,"key":"Sundial"},{"floor":55,"key":"Happy Flower"}],"event_choices":[{"damage_healed":0.0,"max_hp_gain":0.0,"max_hp_loss":0.0,"gold_gain":0.0,"event_name":"Wheel of Change","player_choice":"Relic","floor":5.0,"gold_loss":0.0,"damage_taken":0.0},{"damage_healed":0.0,"max_hp_gain":0.0,"max_hp_loss":0.0,"gold_gain":0.0,"event_name":"The Cleric","player_choice":"Leave","floor":11.0,"gold_loss":0.0,"damage_taken":0.0},{"damage_healed":0.0,"max_hp_gain":0.0,"max_hp_loss":0.0,"gold_gain":0.0,"event_name":"Colosseum","player_choice":"Fight","floor":20.0,"gold_loss":0.0,"damage_taken":0.0},{"damage_healed":0.0,"max_hp_gain":0.0,"max_hp_loss":0.0,"gold_gain":0.0,"event_name":"Colosseum","player_choice":"Fought Nobs","floor":20.0,"gold_loss":0.0,"damage_taken":0.0},{"damage_healed":0.0,"max_hp_gain":0.0,"max_hp_loss":0.0,"gold_gain":50.0,"event_name":"Nest","player_choice":"Stole From Cult","floor":23.0,"gold_loss":0.0,"damage_taken":0.0},{"cards_removed":["Headbutt"],"damage_healed":0.0,"max_hp_gain":0.0,"max_hp_loss":0.0,"gold_gain":0.0,"event_name":"Falling","player_choice":"Removed Attack","floor":36.0,"gold_loss":0.0,"damage_taken":0.0},{"damage_healed":0.0,"max_hp_gain":0.0,"max_hp_loss":6.0,"gold_gain":0.0,"event_name":"Winding Halls","player_choice":"Max HP","floor":38.0,"gold_loss":0.0,"damage_taken":0.0},{"damage_healed":0.0,"max_hp_gain":0.0,"max_hp_loss":0.0,"gold_gain":0.0,"event_name":"MindBloom","player_choice":"Fight","floor":39.0,"gold_loss":0.0,"damage_taken":0.0},{"damage_healed":0.0,"max_hp_gain":0.0,"max_hp_loss":0.0,"gold_gain":0.0,"event_name":"SensoryStone","player_choice":"Memory 3","floor":45.0,"gold_loss":0.0,"damage_taken":10.0}],"is_beta":false,"boss_relics":[{"not_picked":["Philosopher\u0027s Stone","Cursed Key"],"picked":"Velvet Choker"},{"not_picked":["Eternal Feather","White Beast Statue"],"picked":"Lizard Tail"}],"items_purged_floors":[10,19],"is_endless":false,"potions_floor_spawned":[1,3,6,12,14,20,24,25,30,39,44,46,55],"ascension_level":20}