{"gold_per_floor":[110,110,129,129,146,179,16,50,103,31,31,31,206,219,219,317,317,317],"floor_reached":18,"playtime":1655,"items_purged":[],"score":168,"play_id":"4cc93e27-5d4d-4a2e-913b-b3079f975ce8","local_time":"20190301010754","is_ascension_mode":false,"campfire_choices":[{"floor":11,"key":"REST"},{"data":"Demon Form","floor":15,"key":"SMITH"}],"neow_cost":"NONE","seed_source_timestamp":1422885597593149,"circlet_count":0,"master_deck":["Strike_R","Strike_R","Strike_R","Strike_R","Strike_R","Defend_R","Defend_R","Defend_R","Defend_R","Bash","Headbutt","Heavy Blade","Evolve","Heavy Blade","Demon Form+1","Warcry","Rupture","Wild Strike","Doubt","Uppercut","Offering"],"relics":["Burning Blood","Gremlin Horn","Blood Vial","Nunchaku","Smiling Mask","Dream Catcher","Black Star"],"potions_floor_usage":[16,16],"damage_taken":[{"damage":4,"enemies":"2 Louse","floor":1,"turns":3},{"damage":2,"enemies":"Small Slimes","floor":3,"turns":3},{"damage":6,"enemies":"Jaw Worm","floor":5,"turns":5},{"damage":18,"enemies":"Gremlin Nob","floor":6,"turns":4},{"damage":47,"enemies":"Lagavulin","floor":8,"turns":6},{"damage":1,"enemies":"2 Fungi Beasts","floor":14,"turns":2},{"damage":60,"enemies":"The Guardian","floor":16,"turns":9},{"damage":49,"enemies":"3 Byrds","floor":18,"turns":4}],"seed_played":"-4618217546310747323","potions_obtained":[{"floor":3,"key":"BloodPotion"},{"floor":8,"key":"AttackPotion"},{"floor":14,"key":"Fire Potion"}],"is_trial":false,"path_per_floor":["?","?","$","?","?","M"],"character_chosen":"IRONCLAD","items_purchased":["Demon Form","Rupture"],"campfire_rested":1,"item_purchase_floors":[7,10],"current_hp_per_floor":[88,85,88,88,88,76,76,37,37,37,63,56,56,63,63,11,88,39],"gold":317,"neow_bonus":"TEN_PERCENT_HP_BONUS","is_prod":false,"is_daily":false,"chose_seed":false,"campfire_upgraded":1,"win_rate":0.0,"timestamp":1551377274,"path_taken":["M","?","M","?","M","E","?","E","T","$","R","?","?","?","R","BOSS","M"],"build_version":"2019-01-23","purchased_purges":0,"victory":false,"max_hp_per_floor":[88,88,88,88,88,88,88,88,88,88,88,88,88,88,88,88,88,88],"card_choices":[{"not_picked":["Clothesline","Clash"],"picked":"Headbutt","floor":1},{"not_picked":["Body Slam","Perfected Strike"],"picked":"Heavy Blade","floor":3},{"not_picked":["Shockwave","Havoc"],"picked":"Evolve","floor":5},{"not_picked":["Blood for Blood","Battle Trance"],"picked":"Heavy Blade","floor":6},{"not_picked":["Wild Strike","Disarm"],"picked":"Warcry","floor":8},{"not_picked":["Intimidate","Entrench"],"picked":"Wild Strike","floor":11},{"not_picked":["Reckless Charge","Clothesline"],"picked":"Uppercut","floor":14},{"not_picked":["Juggernaut","Exhume"],"picked":"Offering","floor":16}],"player_experience":228375,"relics_obtained":[{"floor":6,"key":"Nunchaku"},{"floor":8,"key":"Smiling Mask"},{"floor":9,"key":"Dream Catcher"}],"event_choices":[{"damage_healed":0,"gold_gain":0,"player_choice":"Success","damage_taken":3,"relics_obtained":["Gremlin Horn"],"max_hp_gain":0,"max_hp_loss":0,"event_name":"Scrap Ooze","floor":2,"gold_loss":0},{"damage_healed":0,"gold_gain":0,"player_choice":"Box","damage_taken":0,"relics_obtained":["Blood Vial"],"max_hp_gain":0,"max_hp_loss":0,"event_name":"Big Fish","floor":4,"gold_loss":0,"cards_obtained":["Regret"]},{"cards_removed":["Regret"],"damage_healed":0,"gold_gain":0,"player_choice":"Card Removal","damage_taken":7,"max_hp_gain":0,"max_hp_loss":0,"event_name":"Golden Wing","floor":12,"gold_loss":0},{"damage_healed":0,"gold_gain":175,"player_choice":"AGREE","damage_taken":0,"max_hp_gain":0,"max_hp_loss":0,"event_name":"Liars Game","floor":13,"gold_loss":0,"cards_obtained":["Doubt"]}],"is_beta":false,"boss_relics":[{"not_picked":["Tiny House","Sozu"],"picked":"Black Star"}],"items_purged_floors":[],"is_endless":false,"potions_floor_spawned":[3,8,14],"killed_by":"3 Byrds","ascension_level":0}