{"gold_per_floor":[115,129,76,91,91,91,108,108,156,156,173,201,218,252,252,329,329,348,359,459,52,64,97,108,108,108,139,139,153,153,185,185,262,262,280,280,143,159,159,192,208,241,268,268,190,202,202,212,212,212,212,212,212,29,57,57],"floor_reached":57,"playtime":4944,"items_purged":["Strike_R","Strike_R","Strike_R"],"score":2764,"play_id":"c62bd397-9bf8-46c6-b21e-71cd45178547","local_time":"20190219011247","is_ascension_mode":true,"campfire_choices":[{"data":"Shockwave","floor":6,"key":"SMITH"},{"data":"Pommel Strike","floor":8,"key":"SMITH"},{"data":"Bash","floor":10,"key":"SMITH"},{"data":"Disarm","floor":15,"key":"SMITH"},{"data":"Uppercut","floor":25,"key":"SMITH"},{"data":"1","floor":30,"key":"LIFT"},{"data":"2","floor":32,"key":"LIFT"},{"data":"3","floor":44,"key":"LIFT"},{"floor":49,"key":"RECALL"},{"data":"Disarm","floor":53,"key":"SMITH"}],"neow_cost":"TEN_PERCENT_HP_LOSS","seed_source_timestamp":22923486527653,"circlet_count":0,"master_deck":["AscendersBane","Strike_R","Strike_R","Defend_R","Defend_R","Defend_R","Defend_R","Bash+1","Battle Trance","Pommel Strike+1","Shrug It Off","Shockwave+1","Dropkick","Disarm+1","Sword Boomerang","Iron Wave","Fiend Fire","Shrug It Off+1","True Grit","Armaments","Cleave+1","Uppercut+1","Shrug It Off","Reaper","Anger","Demon Form+1","Shrug It Off+1","Feel No Pain","Disarm+1","Seeing Red+1","Limit Break+1","Brutality","Limit Break+1","Shrug It Off+1"],"relics":["Burning Blood","Nunchaku","FaceOfCleric","Centennial Puzzle","Vajra","Meat on the Bone","Sozu","Girya","Letter Opener","PreservedInsect","Bag of Preparation","Red Skull","Singing Bowl","Happy Flower","Shuriken","Runic Cube","Toxic Egg 2","Pantograph","Oddly Smooth Stone"],"potions_floor_usage":[11,16,20],"damage_taken":[{"damage":1,"enemies":"Cultist","floor":1,"turns":3},{"damage":1,"enemies":"Small Slimes","floor":2,"turns":4},{"damage":0,"enemies":"Jaw Worm","floor":4,"turns":3},{"damage":14,"enemies":"Large Slime","floor":7,"turns":7},{"damage":12,"enemies":"Exordium Thugs","floor":11,"turns":9},{"damage":27,"enemies":"3 Sentries","floor":12,"turns":9},{"damage":0,"enemies":"Exordium Wildlife","floor":13,"turns":4},{"damage":3,"enemies":"Gremlin Nob","floor":14,"turns":3},{"damage":30,"enemies":"Hexaghost","floor":16,"turns":10},{"damage":0,"enemies":"Chosen","floor":18,"turns":2},{"damage":19,"enemies":"Spheric Guardian","floor":19,"turns":4},{"damage":0,"enemies":"Colosseum Slavers","floor":20,"turns":4},{"damage":14,"enemies":"Colosseum Nobs","floor":20,"turns":3},{"damage":3,"enemies":"Centurion and Healer","floor":22,"turns":8},{"damage":4,"enemies":"Gremlin Leader","floor":23,"turns":4},{"damage":0,"enemies":"Sentry and Sphere","floor":24,"turns":2},{"damage":3,"enemies":"Book of Stabbing","floor":27,"turns":2},{"damage":2,"enemies":"3 Cultists","floor":29,"turns":3},{"damage":2,"enemies":"Gremlin Leader","floor":31,"turns":2},{"damage":74,"enemies":"Automaton","floor":33,"turns":7},{"damage":3,"enemies":"Orb Walker","floor":35,"turns":2},{"damage":14,"enemies":"3 Darklings","floor":38,"turns":6},{"damage":24,"enemies":"Giant Head","floor":40,"turns":6},{"damage":10,"enemies":"Writhing Mass","floor":41,"turns":6},{"damage":8,"enemies":"Nemesis","floor":42,"turns":5},{"damage":22,"enemies":"4 Shapes","floor":46,"turns":5},{"damage":3,"enemies":"Transient","floor":48,"turns":6},{"damage":65,"enemies":"Time Eater","floor":50,"turns":9},{"damage":37,"enemies":"Awakened One","floor":51,"turns":9},{"damage":86,"enemies":"Shield and Spear","floor":55,"turns":5},{"damage":113,"enemies":"The Heart","floor":56,"turns":8}],"seed_played":"7526253661881519237","potions_obtained":[{"floor":1,"key":"AttackPotion"},{"floor":2,"key":"GamblersBrew"},{"floor":11,"key":"Fruit Juice"},{"floor":13,"key":"Explosive Potion"},{"floor":16,"key":"Poison Potion"}],"is_trial":false,"path_per_floor":["M","M","$","M","?","R","M","R","T","R","M","E","M","E","R","B",null,"M","M","?","$","M","E","M","R","T","E","?","M","R","E","R","B",null,"M","?","$","M","$","E","M","E","T","R","$","M","?","M","R","B","B",null,"R","$","E","B",null],"character_chosen":"IRONCLAD","items_purchased":["Shrug It Off","PreservedInsect","Bag of Preparation","Feel No Pain","Brutality","Shrug It Off+1"],"campfire_rested":0,"item_purchase_floors":[3,21,21,37,45,54],"current_hp_per_floor":[68,68,68,68,68,68,61,61,61,61,61,41,48,52,52,41,70,77,65,65,65,69,72,79,79,79,83,83,88,88,89,89,43,78,82,82,82,92,92,84,83,97,97,97,97,100,100,103,103,91,74,97,97,97,108,88],"gold":57,"neow_bonus":"ONE_RARE_RELIC","is_prod":false,"is_daily":false,"chose_seed":false,"campfire_upgraded":6,"win_rate":0,"timestamp":1550491967,"path_taken":["M","M","$","M","?","R","?","R","T","R","M","E","M","E","R","BOSS","M","M","?","$","M","E","M","R","T","E","?","M","R","E","R","BOSS","M","?","?","M","$","E","M","E","T","R","?","M","?","?","R","BOSS","BOSS","R","$","E","BOSS"],"build_version":"2019-01-23","purchased_purges":3,"victory":true,"max_hp_per_floor":[68,68,68,68,68,68,69,69,69,69,75,76,77,78,78,79,79,80,81,83,83,84,85,86,86,86,87,87,88,88,89,89,90,90,91,91,91,92,92,93,96,97,97,97,97,100,100,103,103,104,105,105,105,105,108,109],"card_choices":[{"not_picked":["Anger","Warcry"],"picked":"Battle Trance","floor":1},{"not_picked":["Armaments","Rupture"],"picked":"Pommel Strike","floor":2},{"not_picked":["Pommel Strike","Cleave"],"picked":"Shockwave","floor":4},{"not_picked":["Seeing Red","Heavy Blade"],"picked":"Dropkick","floor":7},{"not_picked":["Warcry","Sever Soul"],"picked":"Disarm","floor":11},{"not_picked":["Exhume","Rupture"],"picked":"Sword Boomerang","floor":12},{"not_picked":["Blood for Blood","Intimidate"],"picked":"Iron Wave","floor":13},{"not_picked":["Rampage","Seeing Red","Berserk"],"picked":"SKIP","floor":14},{"not_picked":["Exhume","Juggernaut"],"picked":"Fiend Fire","floor":16},{"not_picked":["Bloodletting","Wild Strike"],"picked":"Shrug It Off+1","floor":18},{"not_picked":["Warcry","Sword Boomerang"],"picked":"True Grit","floor":19},{"not_picked":["Thunderclap","Sever Soul"],"picked":"Armaments","floor":20},{"not_picked":["Evolve","Rage"],"picked":"Cleave+1","floor":22},{"not_picked":["Hemokinesis","Armaments"],"picked":"Uppercut","floor":23},{"not_picked":["Armaments","Searing Blow","Entrench"],"picked":"SKIP","floor":24},{"not_picked":["Pummel","Heavy Blade"],"picked":"Shrug It Off","floor":27},{"not_picked":["Burning Pact","Flex"],"picked":"Reaper","floor":29},{"not_picked":["True Grit","Sword Boomerang"],"picked":"Anger","floor":31},{"not_picked":["Offering","Berserk"],"picked":"Demon Form","floor":33},{"not_picked":["Combust","Twin Strike"],"picked":"Shrug It Off+1","floor":35},{"not_picked":["Cleave+1","Clash"],"picked":"Disarm","floor":38},{"not_picked":["Bloodletting","Rupture"],"picked":"Seeing Red+1","floor":40},{"not_picked":["Cleave","Warcry+1","Anger"],"picked":"Singing Bowl","floor":41},{"not_picked":["Power Through+1","Sword Boomerang"],"picked":"Limit Break+1","floor":42},{"not_picked":["Fire Breathing","Flex+1","Clash"],"picked":"Singing Bowl","floor":46},{"not_picked":["Havoc+1","Anger","Twin Strike"],"picked":"Singing Bowl","floor":48},{"not_picked":["Dark Embrace","Fire Breathing","Armaments+1"],"picked":"Singing Bowl","floor":55}],"player_experience":352023,"relics_obtained":[{"floor":9,"key":"Centennial Puzzle"},{"floor":12,"key":"Vajra"},{"floor":14,"key":"Meat on the Bone"},{"floor":20,"key":"Girya"},{"floor":20,"key":"Letter Opener"},{"floor":23,"key":"Red Skull"},{"floor":26,"key":"Singing Bowl"},{"floor":27,"key":"Happy Flower"},{"floor":31,"key":"Shuriken"},{"floor":40,"key":"Toxic Egg 2"},{"floor":42,"key":"Pantograph"},{"floor":55,"key":"Oddly Smooth Stone"}],"event_choices":[{"damage_healed":0,"gold_gain":0,"player_choice":"Trade","damage_taken":0,"relics_obtained":["FaceOfCleric"],"max_hp_gain":0,"max_hp_loss":0,"event_name":"FaceTrader","floor":5,"gold_loss":0},{"damage_healed":0,"gold_gain":0,"player_choice":"Fight","damage_taken":0,"max_hp_gain":0,"max_hp_loss":0,"event_name":"Colosseum","floor":20,"gold_loss":0},{"damage_healed":0,"gold_gain":0,"player_choice":"Fought Nobs","damage_taken":0,"max_hp_gain":0,"max_hp_loss":0,"event_name":"Colosseum","floor":20,"gold_loss":0},{"damage_healed":0,"gold_gain":0,"player_choice":"Ignored","damage_taken":0,"max_hp_gain":0,"max_hp_loss":0,"event_name":"The Mausoleum","floor":28,"gold_loss":0},{"damage_healed":0,"gold_gain":0,"player_choice":"Forge","damage_taken":0,"max_hp_gain":0,"max_hp_loss":0,"event_name":"Accursed Blacksmith","floor":36,"gold_loss":0,"cards_upgraded":["Demon Form"]},{"damage_healed":0,"gold_gain":0,"player_choice":"Copied","damage_taken":0,"max_hp_gain":0,"max_hp_loss":0,"event_name":"Duplicator","floor":47,"gold_loss":0,"cards_obtained":["Limit Break"]}],"is_beta":false,"boss_relics":[{"not_picked":["Snecko Eye","Runic Dome"],"picked":"Sozu"},{"not_picked":["Tiny House","Busted Crown"],"picked":"Runic Cube"}],"items_purged_floors":[21,37,54],"is_endless":false,"potions_floor_spawned":[1,2,11,13,16,19,20,22,23,29,33,41,42,46],"ascension_level":20}