{"gold_per_floor":[114,114,133,133,150,150,165,175,253,269,294,294,294,329,329,407,407,422,422,448,471,485,485,520,435,458,56,56,28,28,40,40,114,114,132,132,145,68,84,84,306,306,306,326,426,459,459,472,472,472],"floor_reached":50,"playtime":3310,"items_purged":["Strike_G"],"score":1021,"play_id":"9f8036c7-c3d2-4a90-b7c8-0e6ea1f1e4d0","local_time":"20190228201829","is_ascension_mode":true,"campfire_choices":[{"data":"Neutralize","floor":6,"key":"SMITH"},{"data":"Dagger Spray","floor":12,"key":"SMITH"},{"data":"Deadly Poison","floor":15,"key":"SMITH"},{"floor":23,"key":"REST"},{"data":"Footwork","floor":30,"key":"SMITH"},{"floor":32,"key":"REST"},{"data":"Catalyst","floor":40,"key":"SMITH"},{"data":"After Image","floor":42,"key":"SMITH"},{"floor":49,"key":"RECALL"}],"neow_cost":"NONE","seed_source_timestamp":26361409772492,"circlet_count":0,"master_deck":["AscendersBane","Defend_G+1","Defend_G","Defend_G","Defend_G","Defend_G","Strike_G","Survivor","Neutralize+1","Dagger Throw","Deflect","Backstab","Deadly Poison+1","Dagger Throw","Flying Knee","Dagger Spray+1","Bane","After Image+1","Footwork+1","Sucker Punch","PiercingWail+1","Dash","Dark Shackles","PiercingWail","Dodge and Roll","Well Laid Plans+1","Catalyst+1","Outmaneuver+1","Caltrops","Catalyst"],"relics":["Ring of the Serpent","NeowsBlessing","Sundial","Du-Vu Doll","Vajra","Busted Crown","Red Mask","Centennial Puzzle","Mango","Girya","War Paint","Matryoshka","Oddly Smooth Stone","Calipers","Bag of Marbles"],"potions_floor_usage":[11,11,16,33,44,46,46,50],"damage_taken":[{"damage":0,"enemies":"Small Slimes","floor":1,"turns":1},{"damage":0,"enemies":"Cultist","floor":3,"turns":1},{"damage":0,"enemies":"Jaw Worm","floor":5,"turns":1},{"damage":1,"enemies":"Lots of Slimes","floor":7,"turns":5},{"damage":9,"enemies":"Large Slime","floor":8,"turns":8},{"damage":6,"enemies":"2 Fungi Beasts","floor":10,"turns":2},{"damage":13,"enemies":"Lagavulin","floor":11,"turns":6},{"damage":6,"enemies":"Gremlin Nob","floor":14,"turns":3},{"damage":19,"enemies":"Hexaghost","floor":16,"turns":9},{"damage":4,"enemies":"3 Byrds","floor":18,"turns":5},{"damage":29,"enemies":"Masked Bandits","floor":20,"turns":4},{"damage":0,"enemies":"Chosen","floor":22,"turns":4},{"damage":12,"enemies":"Gremlin Leader","floor":24,"turns":7},{"damage":5,"enemies":"Snake Plant","floor":31,"turns":4},{"damage":31,"enemies":"Automaton","floor":33,"turns":14},{"damage":11,"enemies":"3 Shapes","floor":35,"turns":6},{"damage":3,"enemies":"Orb Walker","floor":37,"turns":3},{"damage":11,"enemies":"Spire Growth","floor":39,"turns":7},{"damage":0,"enemies":"Jaw Worm Horde","floor":44,"turns":7},{"damage":0,"enemies":"Mind Bloom Boss Battle","floor":45,"turns":8},{"damage":15,"enemies":"Giant Head","floor":46,"turns":10},{"damage":0,"enemies":"Sphere and 2 Shapes","floor":48,"turns":6},{"damage":42,"enemies":"Time Eater","floor":50,"turns":12}],"seed_played":"-8108477341248099674","potions_obtained":[{"floor":3,"key":"GamblersBrew"},{"floor":7,"key":"Regen Potion"},{"floor":8,"key":"Poison Potion"},{"floor":14,"key":"SteroidPotion"},{"floor":24,"key":"EssenceOfSteel"},{"floor":31,"key":"GhostInAJar"},{"floor":35,"key":"Fire Potion"},{"floor":45,"key":"Regen Potion"},{"floor":46,"key":"GhostInAJar"}],"is_trial":false,"path_per_floor":["M","?","M","?","M","R","M","M","T","M","E","R","?","E","R","B",null,"M","?","?","T","M","R","E","?","T","$","?","$","R","M","R","B",null,"M","T","M","$","M","R","?","R","T","M","?","E","?","M","R","B"],"character_chosen":"THE_SILENT","items_purchased":["GhostInAJar","Dash","Dark Shackles","PiercingWail","Dodge and Roll","Catalyst"],"campfire_rested":2,"item_purchase_floors":[27,27,27,27,29,38],"current_hp_per_floor":[59,59,59,52,52,52,51,42,42,36,38,38,38,32,32,13,53,49,49,20,20,20,39,41,41,41,41,41,41,41,36,60,29,67,56,56,53,53,42,42,42,42,42,42,42,42,42,42,42,0],"gold":472,"neow_bonus":"THREE_ENEMY_KILL","is_prod":false,"is_daily":false,"chose_seed":false,"campfire_upgraded":6,"win_rate":0,"timestamp":1551338309,"path_taken":["M","?","M","?","M","R","M","M","T","M","E","R","?","E","R","BOSS","M","?","?","?","?","R","E","?","T","$","?","?","R","M","R","BOSS","M","?","M","$","M","R","?","R","T","M","?","E","?","?","R","BOSS"],"build_version":"2019-01-23","purchased_purges":1,"victory":false,"max_hp_per_floor":[66,66,66,66,66,66,66,66,66,66,66,66,66,66,66,66,66,66,66,66,66,66,66,80,80,80,80,80,80,80,80,80,80,80,80,80,80,80,80,80,80,80,80,80,80,80,80,80,80,80],"card_choices":[{"not_picked":["Quick Slash","Bane"],"picked":"Dagger Throw","floor":1},{"not_picked":["Choke","Concentrate"],"picked":"Deflect","floor":3},{"not_picked":["Outmaneuver","Dagger Spray"],"picked":"Backstab","floor":5},{"not_picked":["Slice","Finisher"],"picked":"Deadly Poison","floor":7},{"not_picked":["Prepared","Infinite Blades"],"picked":"Dagger Throw","floor":8},{"not_picked":["Backflip","Deadly Poison"],"picked":"Flying Knee","floor":10},{"not_picked":["Outmaneuver","PiercingWail"],"picked":"Dagger Spray","floor":11},{"not_picked":["Sucker Punch","Quick Slash"],"picked":"Bane","floor":14},{"not_picked":["Adrenaline","Die Die Die"],"picked":"After Image","floor":16},{"not_picked":["Underhanded Strike"],"picked":"SKIP","floor":18},{"not_picked":[],"picked":"Sucker Punch","floor":22},{"not_picked":[],"picked":"PiercingWail","floor":24},{"not_picked":["Choke"],"picked":"SKIP","floor":31},{"not_picked":[],"picked":"Well Laid Plans+1","floor":35},{"not_picked":["Flying Knee"],"picked":"SKIP","floor":37},{"not_picked":["Well Laid Plans"],"picked":"SKIP","floor":39},{"not_picked":[],"picked":"Outmaneuver+1","floor":44},{"not_picked":[],"picked":"Caltrops","floor":45},{"not_picked":["Eviscerate"],"picked":"SKIP","floor":46},{"not_picked":[],"picked":"Catalyst","floor":48}],"player_experience":491571,"relics_obtained":[{"floor":9,"key":"Sundial"},{"floor":11,"key":"Du-Vu Doll"},{"floor":14,"key":"Vajra"},{"floor":20,"key":"Red Mask"},{"floor":21,"key":"Centennial Puzzle"},{"floor":24,"key":"Mango"},{"floor":26,"key":"War Paint"},{"floor":36,"key":"Matryoshka"},{"floor":43,"key":"Oddly Smooth Stone"},{"floor":45,"key":"Calipers"},{"floor":46,"key":"Bag of Marbles"}],"event_choices":[{"damage_healed":0,"gold_gain":0,"player_choice":"Ignored","damage_taken":0,"max_hp_gain":0,"max_hp_loss":0,"event_name":"Liars Game","floor":2,"gold_loss":0},{"cards_removed":["Strike_G"],"damage_healed":0,"gold_gain":0,"player_choice":"Card Removal","damage_taken":7,"max_hp_gain":0,"max_hp_loss":0,"event_name":"Golden Wing","floor":4,"gold_loss":0},{"cards_removed":["Strike_G"],"damage_healed":0,"gold_gain":0,"player_choice":"Purged","damage_taken":0,"max_hp_gain":0,"max_hp_loss":0,"event_name":"Purifier","floor":13,"gold_loss":0},{"damage_healed":0,"gold_gain":0,"player_choice":"Read","damage_taken":0,"max_hp_gain":0,"max_hp_loss":0,"event_name":"The Library","floor":19,"gold_loss":0,"cards_obtained":["Footwork"]},{"damage_healed":0,"gold_gain":0,"player_choice":"Fought Bandits","damage_taken":0,"max_hp_gain":0,"max_hp_loss":0,"event_name":"Masked Bandits","floor":20,"gold_loss":0},{"damage_healed":0,"gold_gain":0,"player_choice":"Obtained Relic","damage_taken":0,"relics_obtained":["Girya"],"max_hp_gain":0,"max_hp_loss":0,"event_name":"Addict","floor":25,"gold_loss":85},{"damage_healed":0,"gold_gain":0,"player_choice":"Ignored","damage_taken":0,"max_hp_gain":0,"max_hp_loss":0,"event_name":"Ghosts","floor":28,"gold_loss":0},{"damage_healed":0,"gold_gain":222,"player_choice":"Wore Mask","damage_taken":0,"max_hp_gain":0,"max_hp_loss":0,"event_name":"Tomb of Lord Red Mask","floor":41,"gold_loss":0},{"damage_healed":0,"gold_gain":0,"player_choice":"Fight","damage_taken":0,"max_hp_gain":0,"max_hp_loss":0,"event_name":"MindBloom","floor":45,"gold_loss":0},{"cards_removed":["Strike_G"],"damage_healed":0,"gold_gain":0,"player_choice":"Purged","damage_taken":0,"max_hp_gain":0,"max_hp_loss":0,"event_name":"Purifier","floor":47,"gold_loss":0}],"is_beta":false,"boss_relics":[{"not_picked":["Snecko Eye","Tiny House"],"picked":"Busted Crown"},{"not_picked":["Pandora\u0027s Box","White Beast Statue"],"picked":"Ring of the Serpent"}],"items_purged_floors":[27],"is_endless":false,"potions_floor_spawned":[3,7,8,10,14,24,31,35,45,46],"killed_by":"Time Eater","ascension_level":20}