{"gold_per_floor":[113,113,126,41,54,54,16,47,70,102,102,112,132,143,143,217,217,229,229,247,607,620,620,638,638,638,656,656,352,371,384,384,458,458,473,473,473,292,292,292,309,309,309,40,54,66,77,92,92,92,92],"floor_reached":52,"playtime":4015,"items_purged":["Decay","Forethought+1","Strike_B+1"],"score":1661,"play_id":"ba353699-847c-46ff-9d67-ed6488158a7d","local_time":"20190217180932","is_ascension_mode":true,"campfire_choices":[{"data":"Zap","floor":6.0,"key":"SMITH"},{"floor":11,"key":"REST"},{"data":"Sunder","floor":15,"key":"SMITH"},{"floor":23,"key":"REST"},{"floor":32,"key":"REST"},{"data":"Loop","floor":40,"key":"SMITH"},{"floor":42,"key":"REST"},{"data":"Defragment","floor":49,"key":"SMITH"}],"neow_cost":"PERCENT_DAMAGE","seed_source_timestamp":0,"circlet_count":0,"master_deck":["AscendersBane","Strike_B+1","Defend_B+1","Defend_B+1","Defend_B+1","Defend_B+1","Zap+1","Dualcast+1","Hologram+1","Ball Lightning+1","Genetic Algorithm+1","Ball Lightning+1","Ball Lightning+1","Undo+1","Sunder+1","Cold Snap+1","Thunder Strike+1","Loop+1","Defragment+1","Coolheaded+1","Glacier+1","Conserve Battery+1","Panacea+1","Leap+1","Recycle+1","Electrodynamics+1","Loop+1","Defragment+1","Buffer","Coolheaded","Consume","Defragment+1"],"special_seed":0,"relics":["Cracked Core","Mango","Regal Pillow","Vajra","Cables","Velvet Choker","Bottled Lightning","Snecko Eye","Mark of the Bloom","Pear"],"potions_floor_usage":[10,22,22,30,33,41,42,47,50,51],"damage_taken":[{"damage":2.0,"enemies":"Jaw Worm","floor":1.0,"turns":3.0},{"damage":1.0,"enemies":"Cultist","floor":3.0,"turns":4.0},{"damage":4.0,"enemies":"2 Louse","floor":5.0,"turns":5.0},{"damage":32,"enemies":"Gremlin Nob","floor":8,"turns":4},{"damage":10,"enemies":"Lagavulin","floor":10,"turns":5},{"damage":6,"enemies":"Looter","floor":12,"turns":3},{"damage":2,"enemies":"Exordium Thugs","floor":13,"turns":3},{"damage":13,"enemies":"Blue Slaver","floor":14,"turns":2},{"damage":20,"enemies":"Hexaghost","floor":16,"turns":9},{"damage":0,"enemies":"Chosen","floor":18,"turns":3},{"damage":0,"enemies":"Spheric Guardian","floor":20,"turns":3},{"damage":12,"enemies":"Cultist and Chosen","floor":22,"turns":6},{"damage":30,"enemies":"Snake Plant","floor":24,"turns":3},{"damage":6,"enemies":"Snecko","floor":27,"turns":5},{"damage":4,"enemies":"Centurion and Healer","floor":30,"turns":9},{"damage":0,"enemies":"Snake Plant","floor":31,"turns":4},{"damage":37,"enemies":"Automaton","floor":33,"turns":13},{"damage":4,"enemies":"3 Shapes","floor":35,"turns":3},{"damage":0,"enemies":"3 Darklings","floor":41,"turns":2},{"damage":0,"enemies":"Spire Growth","floor":45,"turns":6},{"damage":1,"enemies":"Writhing Mass","floor":46,"turns":5},{"damage":1,"enemies":"Transient","floor":47,"turns":6},{"damage":0,"enemies":"Maw","floor":48,"turns":7},{"damage":2,"enemies":"Donu and Deca","floor":50,"turns":6},{"damage":4,"enemies":"Awakened One","floor":51,"turns":20}],"seed_played":"3822121853640657711","potions_obtained":[{"floor":3.0,"key":"Energy Potion"},{"floor":8,"key":"Block Potion"},{"floor":14,"key":"Energy Potion"},{"floor":24,"key":"GamblersBrew"},{"floor":30,"key":"Explosive Potion"},{"floor":33,"key":"Weak Potion"},{"floor":41,"key":"Fruit Juice"},{"floor":48,"key":"Swift Potion"}],"is_trial":false,"path_per_floor":["M","?","M","$","M","R","?","E","T","E","R","M","M","M","R","B",null,"M","?","M","?","M","R","M","?","T","M","?","$","M","M","R","B",null,"M","?","?","$","?","R","M","R","T","$","M","M","M","M","R","B","B",null],"character_chosen":"DEFECT","items_purchased":["Genetic Algorithm","Panacea","SpeedPotion","Block Potion","Leap","Loop","Buffer","PowerPotion"],"campfire_rested":4,"item_purchase_floors":[4,29,29,29,29,38,44,44],"current_hp_per_floor":[58,58,57,57,53,53,53,21,21,11,51,45,43,30,30,10,66,66,66,66,18,6,46,16,16,16,10,10,10,6,6,46,9,66,62,62,62,62,62,62,62,62,62,62,62,61,60,60,60,58,54],"gold":92,"neow_bonus":"ONE_RARE_RELIC","is_prod":false,"is_daily":false,"chose_seed":false,"campfire_upgraded":4,"win_rate":0,"timestamp":1550380172,"path_taken":["M","?","M","$","?","R","?","E","T","E","R","M","M","M","R","BOSS","M","?","?","?","M","R","?","?","T","M","?","$","M","M","R","BOSS","M","?","?","?","?","R","M","R","T","$","M","M","M","?","R","BOSS","BOSS"],"build_version":"2019-01-23","purchased_purges":3,"victory":true,"max_hp_per_floor":[85,85,85,85,85,85,85,85,85,85,85,85,85,85,85,85,85,85,85,85,85,85,85,85,85,85,85,85,85,85,85,85,85,85,85,85,85,85,85,85,85,90,100,100,100,100,100,100,100,100,100],"card_choices":[{"not_picked":["Coolheaded","Force Field"],"picked":"Hologram","floor":1.0},{"not_picked":["Conserve Battery","Beam Cell"],"picked":"Ball Lightning","floor":3.0},{"not_picked":["Barrage","Go for the Eyes"],"picked":"Ball Lightning","floor":5.0},{"not_picked":["Lockon","Force Field"],"picked":"Ball Lightning","floor":8},{"not_picked":["Creative AI","Gash"],"picked":"Undo","floor":10},{"not_picked":["Cold Snap","Steam"],"picked":"Sunder","floor":12},{"not_picked":["Tempest","Recycle","Storm"],"picked":"SKIP","floor":13},{"not_picked":["Self Repair","Rebound"],"picked":"Cold Snap","floor":14},{"not_picked":["All For One","Amplify"],"picked":"Thunder Strike","floor":16},{"not_picked":["Compile Driver","Genetic Algorithm"],"picked":"Loop","floor":18},{"not_picked":["Conserve Battery","Cold Snap"],"picked":"Defragment","floor":20},{"not_picked":["Turbo","All For One"],"picked":"Coolheaded","floor":22},{"not_picked":["FTL","Genetic Algorithm"],"picked":"Glacier","floor":24},{"not_picked":["Beam Cell","Hologram"],"picked":"Conserve Battery","floor":27},{"not_picked":["Sweeping Beam","Leap"],"picked":"Recycle+1","floor":30},{"not_picked":["Double Energy","Streamline","Genetic Algorithm"],"picked":"SKIP","floor":31},{"not_picked":["Meteor Strike","Creative AI"],"picked":"Electrodynamics","floor":33},{"not_picked":["Barrage","White Noise+1","Streamline"],"picked":"SKIP","floor":35},{"not_picked":["Redo","Hologram","Self Repair"],"picked":"SKIP","floor":41},{"not_picked":["Beam Cell","Rip and Tear+1","Go for the Eyes"],"picked":"SKIP","floor":45},{"not_picked":["Beam Cell","Rip and Tear+1","Go for the Eyes"],"picked":"SKIP","floor":45},{"not_picked":["Sweeping Beam","Rip and Tear"],"picked":"Coolheaded","floor":46},{"not_picked":["Force Field","Hologram"],"picked":"Consume","floor":47},{"not_picked":["Streamline+1","Barrage"],"picked":"Defragment","floor":48}],"player_experience":297018,"relics_obtained":[{"floor":8,"key":"Regal Pillow"},{"floor":9,"key":"Vajra"},{"floor":10,"key":"Cables"},{"floor":26,"key":"Bottled Lightning"},{"floor":43,"key":"Pear"}],"event_choices":[{"cards_removed":["Strike_B"],"damage_healed":0.0,"max_hp_gain":0.0,"max_hp_loss":0.0,"gold_gain":0.0,"event_name":"Bonfire Elementals","player_choice":"Offered Basic","floor":2.0,"gold_loss":0.0,"damage_taken":0.0},{"damage_healed":0.0,"max_hp_gain":0.0,"max_hp_loss":0.0,"gold_gain":0.0,"event_name":"World of Goop","player_choice":"Left Gold","floor":7.0,"gold_loss":38.0,"damage_taken":0.0},{"cards_removed":["Strike_B"],"damage_healed":0,"gold_gain":0,"player_choice":"Purged","damage_taken":0,"max_hp_gain":0,"max_hp_loss":0,"event_name":"Purifier","floor":19,"gold_loss":0},{"damage_healed":0,"gold_gain":360,"player_choice":"CARD GOLD GOLD GOLD GOLD ","damage_taken":48,"max_hp_gain":0,"max_hp_loss":0,"event_name":"Knowing Skull","floor":21,"potions_obtained":[],"gold_loss":0,"cards_obtained":["Forethought"]},{"damage_healed":0,"gold_gain":0,"player_choice":"Ignored","damage_taken":0,"max_hp_gain":0,"max_hp_loss":0,"event_name":"Vampires","floor":25,"gold_loss":0},{"damage_healed":0,"gold_gain":0,"player_choice":"Smashed Altar","damage_taken":0,"max_hp_gain":0,"max_hp_loss":0,"event_name":"Forgotten Altar","floor":28,"gold_loss":0,"cards_obtained":["Decay"]},{"damage_healed":0,"gold_gain":0,"player_choice":"Upgrade","damage_taken":0,"relics_obtained":["Mark of the Bloom"],"max_hp_gain":0,"max_hp_loss":0,"event_name":"MindBloom","floor":36,"gold_loss":0,"cards_upgraded":["Strike_B","Strike_B","Defend_B","Defend_B","Defend_B","Defend_B","Dualcast","Hologram","Ball Lightning","Genetic Algorithm","Ball Lightning","Ball Lightning","Undo","Cold Snap","Thunder Strike","Loop","Defragment","Forethought","Coolheaded","Glacier","Conserve Battery","Panacea","Leap","Electrodynamics"]},{"damage_healed":0,"gold_gain":0,"player_choice":"Ignored","damage_taken":0,"max_hp_gain":0,"max_hp_loss":0,"event_name":"Tomb of Lord Red Mask","floor":37,"gold_loss":0},{"damage_healed":0,"gold_gain":0,"player_choice":"Copied","damage_taken":0,"max_hp_gain":0,"max_hp_loss":0,"event_name":"Duplicator","floor":39,"gold_loss":0,"cards_obtained":["Defragment"]}],"is_beta":false,"boss_relics":[{"not_picked":["Runic Pyramid","Black Star"],"picked":"Velvet Choker"},{"not_picked":["White Beast Statue","Fusion Hammer"],"picked":"Snecko Eye"}],"items_purged_floors":[29,38,44],"is_endless":false,"potions_floor_spawned":[3,8,14,16,24,30,33,35,41,46,48],"ascension_level":20}