{"gold_per_floor":[115,130,6,6,22,50,50,79,79,91,151,151,181,181,181,312,312,325,62,62,56,70,113,133,152,152,152,152],"floor_reached":28,"playtime":3472,"items_purged":[],"score":281,"play_id":"80f52713-b3a2-4fcd-a430-c5044894efd3","local_time":"20180926002711","is_ascension_mode":true,"campfire_choices":[{"data":"Well Laid Plans","floor":7.0,"key":"SMITH"},{"floor":15.0,"key":"REST"},{"floor":27,"key":"REST"}],"neow_cost":"TEN_PERCENT_HP_LOSS","seed_source_timestamp":0,"circlet_count":0,"master_deck":["Defend_G","Defend_G","Defend_G","Defend_G","Strike_G","Strike_G","Strike_G","Survivor","Neutralize","Calculated Gamble","Backstab","Outmaneuver","Heel Hook","Well Laid Plans+1","Leg Sweep","Poisoned Stab+1","Poisoned Stab+1","Cloak And Dagger","PiercingWail","Catalyst","Grand Finale+1","Footwork","Rage","Double Energy","Stack","Anger+1","Hello World+1"],"special_seed":0,"relics":["Ring of the Snake","Molten Egg 2","Potion Belt","Ornamental Fan","Tiny Chest","Mummified Hand","Golden Idol","PrismaticShard","The Specimen","Peace Pipe"],"potions_floor_usage":[23,23,23,25],"damage_taken":[{"damage":0.0,"enemies":"Small Slimes","floor":1.0,"turns":3.0},{"damage":0.0,"enemies":"Cultist","floor":2.0,"turns":3.0},{"damage":0.0,"enemies":"2 Louse","floor":5.0,"turns":3.0},{"damage":9.0,"enemies":"Gremlin Nob","floor":6.0,"turns":5.0},{"damage":15.0,"enemies":"3 Sentries","floor":8.0,"turns":14.0},{"damage":0.0,"enemies":"Looter","floor":10.0,"turns":2.0},{"damage":3.0,"enemies":"Gremlin Nob","floor":11.0,"turns":4.0},{"damage":13.0,"enemies":"3 Sentries","floor":13.0,"turns":13.0},{"damage":9.0,"enemies":"Hexaghost","floor":16.0,"turns":11.0},{"damage":2.0,"enemies":"Shell Parasite","floor":18.0,"turns":6.0},{"damage":0,"enemies":"2 Thieves","floor":21,"turns":4},{"damage":1,"enemies":"Centurion and Healer","floor":22,"turns":4},{"damage":21,"enemies":"Book of Stabbing","floor":23,"turns":7},{"damage":0,"enemies":"Snake Plant","floor":24,"turns":4},{"damage":28,"enemies":"Snecko","floor":25,"turns":11},{"damage":24,"enemies":"Gremlin Leader","floor":28,"turns":8}],"seed_played":"-1579347758992341452","potions_obtained":[{"floor":8.0,"key":"EssenceOfSteel"},{"floor":11.0,"key":"FearPotion"},{"floor":13.0,"key":"GamblersBrew"},{"floor":16.0,"key":"Strength Potion"},{"floor":18.0,"key":"SteroidPotion"},{"floor":23,"key":"Block Potion"},{"floor":25,"key":"GamblersBrew"}],"is_trial":false,"path_per_floor":["M","M","$","?","M","E","R","E","T","M","E","?","E","?","R","B",null,"M","$","?","M","M","E","M","M","T","R"],"character_chosen":"THE_SILENT","items_purchased":["Well Laid Plans","Poison Potion","PrismaticShard","Footwork"],"campfire_rested":2,"item_purchase_floors":[3,3,19,19],"current_hp_per_floor":[63,63,63,63,63,54,54,39,39,39,36,29,16,16,33,24,58,56,56,56,56,55,34,34,6,6,23,0],"gold":152,"neow_bonus":"TRANSFORM_TWO_CARDS","is_prod":false,"is_daily":false,"chose_seed":false,"campfire_upgraded":1,"win_rate":0,"timestamp":1537936031,"path_taken":["M","M","$","?","M","E","R","E","T","?","E","?","E","?","R","BOSS","M","$","?","M","M","E","M","?","T","R","E"],"build_version":"2018-09-20","purchased_purges":0,"victory":false,"max_hp_per_floor":[63,63,63,63,63,63,63,63,63,63,63,63,63,58,58,58,58,58,58,58,58,58,58,58,58,58,58,58],"card_choices":[{"not_picked":["Deadly Poison","Dodge and Roll"],"picked":"Outmaneuver","floor":1.0},{"not_picked":["PiercingWail","Prepared"],"picked":"Heel Hook","floor":2.0},{"not_picked":["Poisoned Stab","Cloak And Dagger"],"picked":"Leg Sweep","floor":5.0},{"not_picked":["Wraith Form v2","Cloak And Dagger"],"picked":"Poisoned Stab","floor":6.0},{"not_picked":["Dodge and Roll","Masterful Stab+1"],"picked":"Poisoned Stab+1","floor":8.0},{"not_picked":["Caltrops","Outmaneuver"],"picked":"Cloak And Dagger","floor":10.0},{"not_picked":["Acrobatics","Riddle With Holes+1"],"picked":"PiercingWail","floor":11.0},{"not_picked":["Heel Hook+1","PiercingWail"],"picked":"Catalyst","floor":13.0},{"not_picked":["Tools of the Trade","Storm of Steel"],"picked":"Grand Finale+1","floor":16.0},{"not_picked":["Quick Slash+1","Deadly Poison","Backflip"],"picked":"SKIP","floor":18.0},{"not_picked":["Coolheaded","Coolheaded"],"picked":"Rage","floor":21},{"not_picked":["Acrobatics+1","Warcry"],"picked":"Double Energy","floor":22},{"not_picked":["Mayhem","Endless Agony+1"],"picked":"Stack","floor":23},{"not_picked":["Outmaneuver","Clash+1"],"picked":"Anger+1","floor":24},{"not_picked":["Doom and Gloom+1","Dagger Spray+1"],"picked":"Hello World+1","floor":25}],"player_experience":655026,"relics_obtained":[{"floor":6.0,"key":"Molten Egg 2"},{"floor":8.0,"key":"Potion Belt"},{"floor":9.0,"key":"Ornamental Fan"},{"floor":11.0,"key":"Tiny Chest"},{"floor":13.0,"key":"Mummified Hand"},{"floor":23,"key":"The Specimen"},{"floor":26,"key":"Peace Pipe"}],"event_choices":[{"event_name":"Liars Game","player_choice":"disagreed","floor":4.0,"damage_taken":0.0},{"event_name":"Golden Wing","player_choice":"Card Removal","floor":12.0,"damage_taken":0.0},{"event_name":"Golden Idol","player_choice":"Lose Max HP","floor":14.0,"damage_taken":0.0},{"event_name":"The Mausoleum","player_choice":"No","floor":20,"damage_taken":0}],"is_beta":false,"boss_relics":[{"not_picked":["Velvet Choker","Runic Dome","Snecko Eye"]}],"items_purged_floors":[],"is_endless":false,"potions_floor_spawned":[8,11,13,16,18,21,23,25],"killed_by":"Gremlin Leader","ascension_level":1}