{"gold_per_floor":[17,92,106,125,140,169,169,86,86,97,111,111,111,125,125,223,223,236,15,25,25,36,36,67,77,77,77],"floor_reached":27,"playtime":1272,"items_purged":[],"score":320,"play_id":"534f5749-b164-4c54-8730-69ee0cef606a","local_time":"20181004074606","is_ascension_mode":true,"campfire_choices":[{"floor":7,"key":"REST"},{"floor":13,"key":"REST"},{"floor":15,"key":"REST"},{"floor":23,"key":"REST"}],"neow_cost":"NO_GOLD","seed_source_timestamp":923052552209291,"circlet_count":0,"master_deck":["Defend_G","Defend_G","Defend_G","Defend_G","Defend_G","Strike_G","Strike_G","Strike_G","Strike_G","Strike_G","Survivor","Neutralize","Cloak And Dagger","Caltrops","Escape Plan","Cloak And Dagger","Terror","Backflip","Deflect","After Image+1","Burst","Footwork","Caltrops","Noxious Fumes","Distraction+1"],"relics":["Ring of the Snake","The Specimen","Centennial Puzzle","Vajra","Sozu","Bag of Preparation","FaceOfCleric","Bottled Tornado","Kunai"],"potions_floor_usage":[6,6,16,22,24],"damage_taken":[{"damage":2,"enemies":"Cultist","floor":1,"turns":4},{"damage":3,"enemies":"Jaw Worm","floor":3,"turns":6},{"damage":4,"enemies":"Small Slimes","floor":4,"turns":5},{"damage":2,"enemies":"Blue Slaver","floor":5,"turns":5},{"damage":36,"enemies":"Gremlin Nob","floor":6,"turns":5},{"damage":21,"enemies":"Gremlin Gang","floor":10,"turns":5},{"damage":2,"enemies":"Large Slime","floor":11,"turns":6},{"damage":11,"enemies":"Lots of Slimes","floor":14,"turns":4},{"damage":12,"enemies":"Hexaghost","floor":16,"turns":10},{"damage":24,"enemies":"3 Byrds","floor":18,"turns":4},{"damage":14,"enemies":"Spheric Guardian","floor":20,"turns":6},{"damage":1,"enemies":"Centurion and Healer","floor":22,"turns":8},{"damage":24,"enemies":"Slavers","floor":24,"turns":7},{"damage":1,"enemies":"3 Cultists","floor":25,"turns":6},{"damage":27,"enemies":"Snecko","floor":27,"turns":8}],"seed_played":"-74077421294069210","potions_obtained":[{"floor":3,"key":"LiquidBronze"},{"floor":4,"key":"SpeedPotion"},{"floor":11,"key":"GamblersBrew"},{"floor":14,"key":"Strength Potion"},{"floor":16,"key":"Block Potion"}],"is_trial":false,"path_per_floor":["M","?","M","M","M","E","R","$","T","M","M","?","R","M","R","B",null,"M","$","M","?","M","R","E","M","T"],"character_chosen":"THE_SILENT","items_purchased":["Terror","Backflip","Caltrops","Bag of Preparation"],"campfire_rested":4,"item_purchase_floors":[8,8,19,19],"current_hp_per_floor":[61,50,47,43,41,5,26,26,26,5,3,3,24,13,34,22,58,34,34,20,20,20,41,18,18,18,0],"gold":77,"neow_bonus":"ONE_RARE_RELIC","is_prod":false,"is_daily":false,"chose_seed":false,"campfire_upgraded":0,"win_rate":0,"timestamp":1538592366,"path_taken":["M","?","M","M","M","E","R","$","T","?","M","?","R","M","R","BOSS","M","$","?","?","M","R","E","M","T","?"],"build_version":"2018-09-27","purchased_purges":0,"victory":false,"max_hp_per_floor":[70,70,70,70,70,70,70,70,70,70,70,70,70,70,70,70,70,70,70,70,70,71,71,72,73,73,73],"card_choices":[{"not_picked":["Blade Dance","PiercingWail"],"picked":"Cloak And Dagger","floor":1},{"not_picked":["Slice","Bane"],"picked":"Caltrops","floor":3},{"not_picked":["Expertise","Prepared"],"picked":"Escape Plan","floor":4},{"not_picked":["PiercingWail","Blade Dance"],"picked":"Cloak And Dagger","floor":5},{"not_picked":["Reflex","Masterful Stab","All Out Attack"],"picked":"SKIP","floor":6},{"not_picked":["Well Laid Plans","Flying Knee"],"picked":"Deflect","floor":10},{"not_picked":["Cloak And Dagger","Prepared"],"picked":"After Image","floor":11},{"not_picked":["Outmaneuver","Slice","Dagger Spray"],"picked":"SKIP","floor":14},{"not_picked":["Wraith Form v2","Glass Knife"],"picked":"Burst","floor":16},{"not_picked":["Escape Plan+1","Tactician"],"picked":"Footwork","floor":18},{"not_picked":["Skewer","PiercingWail"],"picked":"Noxious Fumes","floor":20},{"not_picked":["Riddle With Holes","Dagger Spray+1","Sucker Punch"],"picked":"SKIP","floor":22},{"not_picked":["Dodge and Roll","Reflex+1"],"picked":"Distraction+1","floor":24},{"not_picked":["Underhanded Strike","Slice","Dash"],"picked":"SKIP","floor":25}],"player_experience":347870,"relics_obtained":[{"floor":6,"key":"Centennial Puzzle"},{"floor":9,"key":"Vajra"},{"floor":24,"key":"Bottled Tornado"},{"floor":26,"key":"Kunai"}],"event_choices":[{"event_name":"World of Goop","player_choice":"Gather Gold","floor":2,"damage_taken":0},{"event_name":"Living Wall","player_choice":"Grow","floor":12,"damage_taken":0},{"event_name":"FaceTrader","player_choice":"Trade","floor":21,"damage_taken":0}],"is_beta":false,"boss_relics":[{"not_picked":["WristBlade","Ring of the Serpent"],"picked":"Sozu"}],"items_purged_floors":[],"is_endless":false,"potions_floor_spawned":[3,4,11,14,16,18,22,24],"killed_by":"Snecko","ascension_level":7}