{"gold_per_floor":[119,135,155,155,173,198,212,212],"floor_reached":8,"playtime":1144,"items_purged":[],"score":63,"play_id":"ea93fca0-91d8-4785-90fb-d12852422d74","local_time":"20180825014332","is_ascension_mode":true,"campfire_choices":[],"neow_cost":"NONE","seed_source_timestamp":46501537549922,"circlet_count":0,"master_deck":["Defend_G+1","Defend_G","Defend_G","Defend_G","Strike_G","Strike_G","Strike_G","Strike_G","Survivor+1","Neutralize","Doppelganger","Infinite Blades","Heel Hook","Phantasmal Killer","Quick Slash","Concentrate"],"relics":["Ring of the Snake","War Paint"],"potions_floor_usage":[7],"damage_taken":[{"damage":0,"enemies":"Cultist","floor":1,"turns":4},{"damage":2,"enemies":"Jaw Worm","floor":2,"turns":4},{"damage":0,"enemies":"Small Slimes","floor":3,"turns":3},{"damage":14,"enemies":"Looter","floor":5,"turns":4},{"damage":43,"enemies":"3 Sentries","floor":6,"turns":12},{"damage":3,"enemies":"Exordium Wildlife","floor":7,"turns":5},{"damage":1,"enemies":"Exordium Thugs","floor":8,"turns":3}],"seed_played":"8892433633709153739","potions_obtained":[{"floor":1,"key":"GhostInAJar"},{"floor":3,"key":"SteroidPotion"}],"is_trial":false,"path_per_floor":["M","M","M","?","M","E","M"],"character_chosen":"THE_SILENT","items_purchased":[],"campfire_rested":0,"item_purchase_floors":[],"current_hp_per_floor":[70,68,68,61,47,4,1,0],"gold":212,"neow_bonus":"TRANSFORM_CARD","is_prod":false,"is_daily":false,"chose_seed":false,"campfire_upgraded":0,"win_rate":0,"timestamp":1535175812,"path_taken":["M","M","M","?","M","E","M","M"],"build_version":"2018-08-23v2","purchased_purges":0,"victory":false,"max_hp_per_floor":[70,70,70,70,70,70,70,70],"card_choices":[{"not_picked":["Accuracy","PiercingWail"],"picked":"Infinite Blades","floor":1},{"not_picked":["Riddle With Holes","Bane"],"picked":"Heel Hook","floor":2},{"not_picked":["Backflip","Masterful Stab"],"picked":"Phantasmal Killer","floor":3},{"not_picked":["Dodge and Roll","Masterful Stab"],"picked":"Quick Slash","floor":5},{"not_picked":["Flying Knee","Quick Slash"],"picked":"Concentrate","floor":6},{"not_picked":["Dagger Throw","Prepared","Deflect"],"picked":"SKIP","floor":7}],"player_experience":494240,"relics_obtained":[{"floor":6,"key":"War Paint"}],"event_choices":[{"event_name":"Golden Wing","player_choice":"Card Removal","floor":4,"damage_taken":0}],"is_beta":false,"boss_relics":[],"items_purged_floors":[],"is_endless":false,"potions_floor_spawned":[1,3],"killed_by":"Exordium Thugs","ascension_level":1}