{"gold_per_floor":[111,123,143,0,0,26,39,39,39,39,49,68,68,21,21,120,170,170],"floor_reached":18,"playtime":2196,"items_purged":[],"score":187,"play_id":"dd9ebfda-bfb2-4352-ad26-40e6b4961a1b","local_time":"20190112221051","is_ascension_mode":false,"campfire_choices":[{"data":"True Grit","floor":8,"key":"SMITH"},{"data":"Armaments","floor":10,"key":"SMITH"},{"floor":15,"key":"REST"}],"neow_cost":"PERCENT_DAMAGE","seed_source_timestamp":191733090524104,"circlet_count":0,"master_deck":["Strike_R","Strike_R","Strike_R","Defend_R+1","Defend_R","Defend_R","Bash","Heavy Blade","Battle Trance","Armaments+1","Regret","Pommel Strike","True Grit+1","Disarm","Double Tap","Shrug It Off","Demon Form","Flex"],"relics":["Burning Blood","Vajra","Matryoshka","Bottled Flame","Pear","Omamori","Tiny House"],"potions_floor_usage":[],"damage_taken":[{"damage":3,"enemies":"Jaw Worm","floor":1,"turns":4},{"damage":0,"enemies":"Small Slimes","floor":2,"turns":3},{"damage":1,"enemies":"Cultist","floor":3,"turns":3},{"damage":50,"enemies":"3 Sentries","floor":6,"turns":10},{"damage":8,"enemies":"Looter","floor":7,"turns":3},{"damage":1,"enemies":"Large Slime","floor":11,"turns":6},{"damage":17,"enemies":"3 Louse","floor":12,"turns":3},{"damage":53,"enemies":"The Guardian","floor":16,"turns":12},{"damage":95,"enemies":"3 Byrds","floor":18,"turns":8}],"seed_played":"-85667016119646182","potions_obtained":[{"floor":2,"key":"PowerPotion"},{"floor":7,"key":"SkillPotion"},{"floor":11,"key":"PowerPotion"},{"floor":17,"key":"SteroidPotion"}],"is_trial":false,"path_per_floor":["M","M","M","$","?","E","M","R","T","R","M","M","?","$","R","B",null,"M"],"character_chosen":"IRONCLAD","items_purchased":["Vajra","Shrug It Off"],"campfire_rested":1,"item_purchase_floors":[4,14],"current_hp_per_floor":[59,65,70,70,70,26,24,24,34,34,39,28,28,28,55,8,95,0],"gold":170,"neow_bonus":"REMOVE_TWO","is_prod":false,"is_daily":false,"chose_seed":false,"campfire_upgraded":2,"win_rate":0.0,"timestamp":1547359851,"path_taken":["M","M","M","$","?","E","M","R","T","R","M","M","?","$","R","BOSS","M"],"build_version":"2019-01-10","purchased_purges":0,"victory":false,"max_hp_per_floor":[80,80,80,80,80,80,80,80,90,90,90,90,90,90,90,90,95,95],"card_choices":[{"not_picked":["Cleave","Perfected Strike"],"picked":"Heavy Blade","floor":1},{"not_picked":["Perfected Strike","Rupture"],"picked":"Battle Trance","floor":2},{"not_picked":["Ghostly Armor","Searing Blow"],"picked":"Armaments","floor":3},{"not_picked":["Perfected Strike","Clash"],"picked":"Pommel Strike","floor":6},{"not_picked":["Heavy Blade","Headbutt"],"picked":"True Grit","floor":7},{"not_picked":["Dual Wield","Anger"],"picked":"Disarm","floor":11},{"not_picked":["Clothesline","Warcry"],"picked":"Double Tap","floor":12},{"not_picked":["Dark Embrace","Impervious"],"picked":"Demon Form","floor":16},{"not_picked":["Heavy Blade","Body Slam"],"picked":"Flex","floor":17}],"player_experience":26720,"relics_obtained":[{"floor":6,"key":"Bottled Flame"},{"floor":9,"key":"Pear"},{"floor":9,"key":"Omamori"}],"event_choices":[{"damage_healed":0,"gold_gain":0,"player_choice":"Box","damage_taken":0,"relics_obtained":["Matryoshka"],"max_hp_gain":0,"max_hp_loss":0,"event_name":"Big Fish","floor":5,"gold_loss":0,"cards_obtained":["Regret"]},{"cards_removed":["Strike_R"],"damage_healed":0,"gold_gain":0,"player_choice":"Offered Basic","damage_taken":0,"max_hp_gain":0,"max_hp_loss":0,"event_name":"Bonfire Elementals","floor":13,"gold_loss":0}],"is_beta":false,"boss_relics":[{"not_picked":["Lizard Tail","Runic Dome"],"picked":"Tiny House"}],"items_purged_floors":[],"is_endless":false,"potions_floor_spawned":[2,7,11,16],"killed_by":"3 Byrds","ascension_level":0}