{"gold_per_floor":[215,390,406,406,424,424,452,470,470,470,488,515,529,549,549,652,652,663,663,632,652,672,672,672],"floor_reached":24,"playtime":2183,"items_purged":[],"score":236,"play_id":"9138c0fc-605d-4513-a103-7c7493fa2e87","local_time":"20190226014748","is_ascension_mode":false,"campfire_choices":[{"data":"Bash","floor":6,"key":"SMITH"},{"floor":15,"key":"REST"},{"floor":23,"key":"REST"}],"neow_cost":"NONE","seed_source_timestamp":1165548397959245,"circlet_count":0,"master_deck":["Strike_R","Strike_R","Strike_R","Strike_R","Strike_R","Defend_R","Defend_R","Defend_R","Defend_R","Bash+1","Headbutt","Clash","Metallicize","Offering","Clothesline","Regret","Blood for Blood","Limit Break","Anger","Clash","Feed","Blood for Blood","Entrench","Feed","Clothesline+1","Rage","Blood for Blood+1"],"relics":["Black Blood","Spirit Poop","Strawberry","Shuriken","Magic Flower","Kunai"],"potions_floor_usage":[12,16,18,22,24],"damage_taken":[{"damage":0,"enemies":"2 Louse","floor":1,"turns":3},{"damage":5,"enemies":"Cultist","floor":3,"turns":4},{"damage":0,"enemies":"Small Slimes","floor":5,"turns":2},{"damage":9,"enemies":"Gremlin Nob","floor":7,"turns":4},{"damage":2,"enemies":"Looter","floor":8,"turns":3},{"damage":6,"enemies":"Red Slaver","floor":11,"turns":3},{"damage":41,"enemies":"3 Sentries","floor":12,"turns":10},{"damage":13,"enemies":"2 Fungi Beasts","floor":13,"turns":4},{"damage":17,"enemies":"3 Louse","floor":14,"turns":3},{"damage":61,"enemies":"Slime Boss","floor":16,"turns":13},{"damage":15,"enemies":"Chosen","floor":18,"turns":5},{"damage":38,"enemies":"2 Thieves","floor":20,"turns":5},{"damage":33,"enemies":"Centurion and Healer","floor":21,"turns":7},{"damage":36,"enemies":"Snake Plant","floor":22,"turns":4},{"damage":84,"enemies":"Slavers","floor":24,"turns":4}],"seed_played":"-8014509705921110075","potions_obtained":[{"floor":3,"key":"Weak Potion"},{"floor":5,"key":"SpeedPotion"},{"floor":13,"key":"Swift Potion"},{"floor":14,"key":"Dexterity Potion"},{"floor":16,"key":"GamblersBrew"},{"floor":21,"key":"FearPotion"},{"floor":22,"key":"Energy Potion"}],"is_trial":false,"path_per_floor":["?","?","M","?","?","M"],"character_chosen":"IRONCLAD","items_purchased":[],"campfire_rested":2,"item_purchase_floors":[],"current_hp_per_floor":[80,80,80,80,80,80,84,87,87,87,87,55,51,43,69,17,87,87,87,69,61,45,74,0],"gold":672,"neow_bonus":"HUNDRED_GOLD","is_prod":false,"is_daily":false,"chose_seed":false,"campfire_upgraded":1,"win_rate":0.0,"timestamp":1551120468,"path_taken":["M","?","M","?","?","R","E","M","T","?","M","E","M","M","R","BOSS","M","?","M","M","?","R","E"],"build_version":"2019-01-23","purchased_purges":0,"victory":false,"max_hp_per_floor":[80,80,80,80,80,80,87,87,87,87,87,87,87,87,87,87,87,87,87,90,96,99,99,99],"card_choices":[{"not_picked":["Clothesline","Sever Soul"],"picked":"Headbutt","floor":1},{"not_picked":["Flex","True Grit"],"picked":"Clash","floor":3},{"not_picked":["Twin Strike","Second Wind"],"picked":"Metallicize","floor":5},{"not_picked":["Flex","Heavy Blade"],"picked":"Offering","floor":7},{"not_picked":["Entrench","Perfected Strike"],"picked":"Clothesline","floor":8},{"not_picked":["Pommel Strike","Bloodletting"],"picked":"Blood for Blood","floor":11},{"not_picked":["Heavy Blade","Flex"],"picked":"Limit Break","floor":12},{"not_picked":["Cleave","Perfected Strike"],"picked":"Anger","floor":13},{"not_picked":["Whirlwind","Wild Strike"],"picked":"Clash","floor":14},{"not_picked":["Immolate","Impervious"],"picked":"Feed","floor":16},{"not_picked":["Warcry","Infernal Blade"],"picked":"Blood for Blood","floor":18},{"not_picked":["Shrug It Off","Iron Wave"],"picked":"Clothesline+1","floor":20},{"not_picked":["Power Through","True Grit"],"picked":"Rage","floor":21},{"not_picked":["Whirlwind","Thunderclap+1"],"picked":"Blood for Blood+1","floor":22}],"player_experience":211679,"relics_obtained":[{"floor":7,"key":"Strawberry"},{"floor":9,"key":"Shuriken"},{"floor":12,"key":"Kunai"}],"event_choices":[{"damage_healed":0,"gold_gain":175,"player_choice":"AGREE","damage_taken":0,"max_hp_gain":0,"max_hp_loss":0,"event_name":"Liars Game","floor":2,"gold_loss":0,"cards_obtained":["Doubt"]},{"cards_removed":["Doubt"],"damage_healed":0,"gold_gain":0,"player_choice":"Offered Curse","damage_taken":0,"relics_obtained":["Spirit Poop"],"max_hp_gain":0,"max_hp_loss":0,"event_name":"Bonfire Elementals","floor":4,"gold_loss":0},{"damage_healed":0,"gold_gain":0,"player_choice":"Box","damage_taken":0,"relics_obtained":["Magic Flower"],"max_hp_gain":0,"max_hp_loss":0,"event_name":"Big Fish","floor":10,"gold_loss":0,"cards_obtained":["Regret"]},{"damage_healed":0,"gold_gain":0,"player_choice":"2 cards matched","damage_taken":0,"max_hp_gain":0,"max_hp_loss":0,"event_name":"Match and Keep!","floor":19,"gold_loss":0,"cards_obtained":["Entrench","Feed"]}],"is_beta":false,"boss_relics":[{"not_picked":["Fusion Hammer","Black Star"],"picked":"Black Blood"}],"items_purged_floors":[],"is_endless":false,"potions_floor_spawned":[3,5,13,14,16,21,22],"killed_by":"Slavers","ascension_level":0}