{"gold_per_floor":[12,31,31,46,64,64,91,104,131,141,161,177,208,223,223,327,327,343,361,379,395,365,391,391,408,408,422,438,438],"floor_reached":29,"playtime":2454,"items_purged":[],"score":305,"play_id":"3ad3efc3-3546-4f63-baaa-19746585418f","local_time":"20190301080556","is_ascension_mode":true,"campfire_choices":[{"data":"Creative AI","floor":6,"key":"SMITH"},{"floor":15,"key":"REST"},{"floor":24,"key":"REST"}],"neow_cost":"NO_GOLD","seed_source_timestamp":1302631063817026,"circlet_count":0,"master_deck":["Zap","Dualcast","Leap","Ball Lightning","Chaos","Barrage","Conserve Battery","Auto Shields","Aggregate","Creative AI+1","Buffer","Redo","Rebound","Chaos","Beam Cell","Hello World","Stack","Fusion","Compile Driver","Sweeping Beam","Ball Lightning","Rip and Tear","Rainbow","Auto Shields","Conserve Battery","BootSequence","Turbo","Cold Snap","Glacier","Redo","Echo Form","Redo+1","FTL+1","Compile Driver","Sunder","Undo","Chill+1","Aggregate","Conserve Battery","Blizzard+1","Tempest+1","Reprogram+1","Stack","Stack+1","Fusion+1","BootSequence"],"relics":["Cracked Core","Prayer Wheel","Mummified Hand","Vajra","Smiling Mask","Pandora\u0027s Box","Art of War","Molten Egg 2"],"potions_floor_usage":[16,16,16,16,16,18,23,27,28],"damage_taken":[{"damage":6,"enemies":"2 Louse","floor":1,"turns":3},{"damage":1,"enemies":"Cultist","floor":2,"turns":3},{"damage":0,"enemies":"Small Slimes","floor":4,"turns":3},{"damage":2,"enemies":"Red Slaver","floor":5,"turns":4},{"damage":9,"enemies":"Lagavulin","floor":7,"turns":7},{"damage":0,"enemies":"Large Slime","floor":8,"turns":8},{"damage":3,"enemies":"Exordium Thugs","floor":10,"turns":4},{"damage":0,"enemies":"2 Fungi Beasts","floor":11,"turns":4},{"damage":0,"enemies":"Large Slime","floor":12,"turns":5},{"damage":32,"enemies":"Gremlin Nob","floor":13,"turns":5},{"damage":12,"enemies":"Blue Slaver","floor":14,"turns":3},{"damage":9,"enemies":"The Guardian","floor":16,"turns":9},{"damage":18,"enemies":"2 Thieves","floor":18,"turns":4},{"damage":13,"enemies":"Spheric Guardian","floor":19,"turns":4},{"damage":21,"enemies":"Shelled Parasite and Fungi","floor":20,"turns":5},{"damage":6,"enemies":"Centurion and Healer","floor":21,"turns":9},{"damage":16,"enemies":"Gremlin Leader","floor":23,"turns":9},{"damage":20,"enemies":"Cultist and Chosen","floor":25,"turns":7},{"damage":0,"enemies":"3 Cultists","floor":27,"turns":6},{"damage":0,"enemies":"Chosen and Byrds","floor":28,"turns":8},{"damage":7,"enemies":"Cultist and Chosen","floor":29,"turns":4}],"seed_played":"8264915050388091064","potions_obtained":[{"floor":4,"key":"EntropicBrew"},{"floor":5,"key":"EssenceOfSteel"},{"floor":10,"key":"Explosive Potion"},{"floor":16,"key":"SkillPotion"},{"floor":18,"key":"SteroidPotion"},{"floor":22,"key":"AttackPotion"},{"floor":22,"key":"Ancient Potion"},{"floor":25,"key":"Block Potion"},{"floor":27,"key":"Explosive Potion"}],"is_trial":false,"path_per_floor":["M","M","?","M","M","R","E","M","T","M","M","M","E","M","R","B",null,"M","M","M","M","?","E","R","M","T","M","M","M"],"character_chosen":"DEFECT","items_purchased":[],"campfire_rested":2,"item_purchase_floors":[],"current_hp_per_floor":[69,68,61,61,59,59,50,50,50,47,47,47,15,3,25,30,75,57,44,23,17,17,1,23,3,3,3,3,0],"gold":438,"neow_bonus":"ONE_RARE_RELIC","is_prod":false,"is_daily":false,"chose_seed":false,"campfire_upgraded":1,"win_rate":0,"timestamp":1551395156,"path_taken":["M","M","?","M","M","R","E","M","T","M","M","?","E","M","R","BOSS","M","M","M","M","?","E","R","M","T","M","M","M"],"build_version":"2019-01-23","purchased_purges":0,"victory":false,"max_hp_per_floor":[75,75,75,75,75,75,75,75,75,75,75,75,75,75,75,75,75,75,75,75,75,75,75,75,75,75,75,75,75],"card_choices":[{"not_picked":["Gash","Genetic Algorithm"],"picked":"Leap","floor":1},{"not_picked":["Leap","Beam Cell"],"picked":"Ball Lightning","floor":1},{"not_picked":["Gash","Go for the Eyes"],"picked":"Chaos","floor":2},{"not_picked":["Streamline","Gash"],"picked":"Barrage","floor":2},{"not_picked":["Fusion","Blizzard"],"picked":"Conserve Battery","floor":4},{"not_picked":["Barrage","Streamline"],"picked":"Auto Shields","floor":4},{"not_picked":["Glacier","Cold Snap"],"picked":"Aggregate","floor":5},{"not_picked":["Chaos","Streamline"],"picked":"Creative AI","floor":5},{"not_picked":["Streamline","Genetic Algorithm"],"picked":"Buffer","floor":7},{"not_picked":["Barrage","Steam"],"picked":"Redo","floor":8},{"not_picked":["Leap","Barrage"],"picked":"Rebound","floor":8},{"not_picked":["Scrape","Barrage"],"picked":"Chaos","floor":10},{"not_picked":["Rip and Tear","Conserve Battery"],"picked":"Beam Cell","floor":10},{"not_picked":["Rainbow","Coolheaded"],"picked":"Hello World","floor":11},{"not_picked":["Redo","Cold Snap"],"picked":"Stack","floor":11},{"not_picked":["Chaos","Reinforced Body"],"picked":"Fusion","floor":12},{"not_picked":["Conserve Battery","Rebound"],"picked":"Compile Driver","floor":12},{"not_picked":["Streamline","Chaos"],"picked":"Sweeping Beam","floor":13},{"not_picked":["Gash","Hello World"],"picked":"Ball Lightning","floor":14},{"not_picked":["Melter","Scrape"],"picked":"Rip and Tear","floor":14},{"not_picked":["Hyperbeam","Seek"],"picked":"Rainbow","floor":16},{"not_picked":["Hello World","Leap"],"picked":"Redo+1","floor":18},{"not_picked":["Aggregate+1","Cold Snap"],"picked":"FTL+1","floor":18},{"not_picked":["Streamline","Cold Snap+1"],"picked":"Compile Driver","floor":19},{"not_picked":["Stack","Beam Cell"],"picked":"Sunder","floor":19},{"not_picked":["Sweeping Beam","Force Field"],"picked":"Undo","floor":20},{"not_picked":["Barrage","Turbo"],"picked":"Chill+1","floor":20},{"not_picked":["Redo+1","Hello World"],"picked":"Aggregate","floor":21},{"not_picked":["Streamline","Lockon"],"picked":"Conserve Battery","floor":21},{"not_picked":["Coolheaded","Defragment"],"picked":"Blizzard+1","floor":23},{"not_picked":["Consume","Rip and Tear+1"],"picked":"Tempest+1","floor":25},{"not_picked":["Ball Lightning","Streamline"],"picked":"Reprogram+1","floor":25},{"not_picked":["Rebound+1","Coolheaded"],"picked":"Stack","floor":27},{"not_picked":["Rainbow","Leap"],"picked":"Stack+1","floor":27},{"not_picked":["Beam Cell+1","Compile Driver+1"],"picked":"Fusion+1","floor":28},{"not_picked":["Genetic Algorithm","Compile Driver+1"],"picked":"BootSequence","floor":28}],"player_experience":160187,"relics_obtained":[{"floor":7,"key":"Mummified Hand"},{"floor":9,"key":"Vajra"},{"floor":13,"key":"Smiling Mask"},{"floor":23,"key":"Art of War"},{"floor":26,"key":"Molten Egg 2"}],"event_choices":[{"damage_healed":0,"gold_gain":0,"player_choice":"Damaged","damage_taken":7,"max_hp_gain":0,"max_hp_loss":0,"event_name":"Wheel of Change","floor":3,"gold_loss":0},{"damage_healed":0,"gold_gain":0,"player_choice":"Bought 2 Potions","damage_taken":0,"max_hp_gain":0,"max_hp_loss":0,"event_name":"The Woman in Blue","floor":22,"gold_loss":0}],"is_beta":false,"boss_relics":[{"not_picked":["Astrolabe","Eternal Feather"],"picked":"Pandora\u0027s Box"}],"items_purged_floors":[],"is_endless":false,"potions_floor_spawned":[4,5,10,12,14,16,18,25,27],"killed_by":"Cultist and Chosen","ascension_level":1}