{"gold_per_floor":[112,112,123,138,63,97,115,148,173,190,209,58,58,86,86,165,165,117,117,32,47,63,63,63],"floor_reached":24,"playtime":1781,"items_purged":["Strike_G"],"score":436,"play_id":"b8ae254d-d5ef-46b8-b96e-d1f895a24863","local_time":"20190212200930","is_ascension_mode":true,"campfire_choices":[{"floor":13.0,"key":"REST"},{"data":"Deadly Poison","floor":15.0,"key":"SMITH"},{"data":"Burst","floor":23,"key":"SMITH"}],"neow_cost":"NONE","seed_source_timestamp":0,"circlet_count":0,"master_deck":["AscendersBane","Defend_G","Defend_G","Defend_G","Defend_G+1","Defend_G","Survivor","Neutralize","Leg Sweep","Deadly Poison","Flying Knee","Quick Slash","Terror","Deadly Poison+1","Backflip+1","Footwork","Adrenaline","Bane+1","Outmaneuver+1","Leg Sweep+1","PiercingWail","Burst+1"],"special_seed":0,"relics":["Orrery","Gambling Chip","Art of War","Orichalcum","War Paint","Astrolabe","Sundial"],"potions_floor_usage":[24],"damage_taken":[{"damage":0.0,"enemies":"2 Louse","floor":1.0,"turns":3.0},{"damage":2.0,"enemies":"Jaw Worm","floor":3.0,"turns":4.0},{"damage":0.0,"enemies":"Cultist","floor":4.0,"turns":4.0},{"damage":22.0,"enemies":"Lagavulin","floor":6.0,"turns":8.0},{"damage":2.0,"enemies":"Red Slaver","floor":7.0,"turns":4.0},{"damage":8.0,"enemies":"Gremlin Nob","floor":8.0,"turns":4.0},{"damage":4.0,"enemies":"2 Fungi Beasts","floor":10.0,"turns":3.0},{"damage":15.0,"enemies":"Gremlin Gang","floor":11.0,"turns":5.0},{"damage":8.0,"enemies":"Lagavulin","floor":14.0,"turns":8.0},{"damage":5.0,"enemies":"Hexaghost","floor":16.0,"turns":10.0},{"damage":5.0,"enemies":"2 Thieves","floor":18.0,"turns":5.0},{"damage":0,"enemies":"3 Byrds","floor":21,"turns":8},{"damage":0,"enemies":"Snake Plant","floor":22,"turns":4},{"damage":63,"enemies":"Gremlin Leader","floor":24,"turns":9}],"seed_played":"3284665135160175335","potions_obtained":[{"floor":3.0,"key":"SteroidPotion"},{"floor":4.0,"key":"GhostInAJar"},{"floor":10.0,"key":"FairyPotion"},{"floor":11.0,"key":"GhostInAJar"},{"floor":16.0,"key":"Energy Potion"},{"floor":22,"key":"PowerPotion"}],"is_trial":false,"path_per_floor":["M","?","M","M","?","E","M","E","T","M","M","$","R","E","R","B",null,"M","$","?","M","M","R","E"],"character_chosen":"THE_SILENT","items_purchased":["Footwork"],"campfire_rested":1,"item_purchase_floors":[12],"current_hp_per_floor":[59,64,62,62,62,40,38,30,30,26,11,11,32,24,24,19,58,53,53,53,53,53,53,0],"gold":63,"neow_bonus":"BOSS_RELIC","is_prod":false,"is_daily":false,"chose_seed":false,"campfire_upgraded":2,"win_rate":0,"timestamp":1549955370,"path_taken":["M","?","M","M","?","E","?","E","T","M","M","?","R","E","R","BOSS","M","$","?","M","M","R","E"],"build_version":"2019-01-23","purchased_purges":1,"victory":false,"max_hp_per_floor":[66,71,71,71,71,71,71,71,71,71,71,71,71,71,71,71,71,71,71,71,71,71,71,71],"card_choices":[{"not_picked":["Escape Plan","Outmaneuver"],"picked":"Leg Sweep","floor":0.0},{"not_picked":["Deflect","Setup"],"picked":"Deadly Poison","floor":0.0},{"not_picked":["Sucker Punch","PiercingWail"],"picked":"Flying Knee","floor":0.0},{"not_picked":["Blade Dance","Acrobatics"],"picked":"Quick Slash","floor":0.0},{"not_picked":["Choke","Backflip"],"picked":"Terror","floor":1.0},{"not_picked":["Masterful Stab","Storm of Steel"],"picked":"Deadly Poison","floor":3.0},{"not_picked":["Choke","Quick Slash","Slice"],"picked":"SKIP","floor":4.0},{"not_picked":["Deflect","Acrobatics","Riddle With Holes"],"picked":"SKIP","floor":6.0},{"not_picked":["Dodge and Roll","Riddle With Holes"],"picked":"Backflip","floor":7.0},{"not_picked":["Bane","Poisoned Stab","Sucker Punch"],"picked":"SKIP","floor":8.0},{"not_picked":["Calculated Gamble","Deadly Poison","Phantasmal Killer"],"picked":"SKIP","floor":10.0},{"not_picked":["Quick Slash","Prepared","Flying Knee"],"picked":"SKIP","floor":11.0},{"not_picked":["Poisoned Stab","Bane","Night Terror"],"picked":"SKIP","floor":14.0},{"not_picked":["Die Die Die","Night Terror"],"picked":"Adrenaline","floor":16.0},{"not_picked":["Accuracy","Dodge and Roll","Backflip"],"picked":"SKIP","floor":18.0},{"not_picked":["Backflip","Slice"],"picked":"PiercingWail","floor":21},{"not_picked":["Deadly Poison","Blade Dance"],"picked":"Burst","floor":22}],"player_experience":223098,"relics_obtained":[{"floor":6.0,"key":"Gambling Chip"},{"floor":8.0,"key":"Art of War"},{"floor":9.0,"key":"Orichalcum"},{"floor":14.0,"key":"War Paint"}],"event_choices":[{"damage_healed":0.0,"max_hp_gain":5.0,"max_hp_loss":0.0,"gold_gain":0.0,"event_name":"Big Fish","player_choice":"Donut","floor":2.0,"gold_loss":0.0,"damage_taken":0.0},{"cards_removed":["Strike_G"],"damage_healed":0.0,"max_hp_gain":0.0,"max_hp_loss":0.0,"gold_gain":0.0,"event_name":"The Cleric","player_choice":"Card Removal","floor":5.0,"gold_loss":75.0,"damage_taken":0.0},{"damage_healed":0,"gold_gain":0,"player_choice":"Obtained Relic","damage_taken":0,"relics_obtained":["Sundial"],"max_hp_gain":0,"max_hp_loss":0,"event_name":"Addict","floor":20,"gold_loss":85}],"is_beta":false,"boss_relics":[{"not_picked":["Runic Pyramid","Coffee Dripper"],"picked":"Astrolabe"}],"items_purged_floors":[12],"is_endless":false,"potions_floor_spawned":[3,4,10,11,16,22],"killed_by":"Gremlin Leader","ascension_level":20}