{"gold_per_floor":[362,103,103,80,97,97,97,97,122,142,142,165,165,165,165,260,260,276,295,35,35,47,58,58,74,147,160,160,171,96,110,110,184,184,202,202,212,64,64,64,90,102,114,126,153,179,220,250,262,274],"floor_reached":51,"playtime":5068,"items_purged":["Parasite","Defend_B"],"score":1096,"play_id":"6a4f3bd6-7e7d-4f01-86d4-0ba16e756112","local_time":"20190303000628","is_ascension_mode":true,"campfire_choices":[{"data":"Capacitor","floor":7.0,"key":"SMITH"},{"data":"Zap","floor":11.0,"key":"SMITH"},{"data":"Hologram","floor":13.0,"key":"SMITH"},{"floor":15.0,"key":"REST"},{"floor":32.0,"key":"REST"},{"data":"Hologram","floor":40.0,"key":"SMITH"},{"data":"Dualcast","floor":44.0,"key":"SMITH"},{"floor":49,"key":"REST"}],"neow_cost":"CURSE","seed_source_timestamp":56457528209473,"circlet_count":0,"master_deck":["AscendersBane","Defend_B","Defend_B","Defend_B","Zap+1","Dualcast+1","Go for the Eyes","Capacitor+1","Core Surge","Go for the Eyes","Gash","Hologram+1","All For One","Gash","Hologram+1","Seek+1","Chill+1","Beam Cell+1","Gash","Gash","Hologram+1","FTL","All For One","Gash+1","Gash","Defragment"],"special_seed":0,"relics":["FrozenCore","Bloody Idol","Blood Vial","Anchor","Lee\u0027s Waffle","Empty Cage","MawBank","Question Card","Dream Catcher"],"potions_floor_usage":[46,46],"damage_taken":[{"damage":2.0,"enemies":"Jaw Worm","floor":1.0,"turns":4.0},{"damage":0.0,"enemies":"2 Louse","floor":5.0,"turns":3.0},{"damage":2.0,"enemies":"Small Slimes","floor":10.0,"turns":4.0},{"damage":3.0,"enemies":"Gremlin Gang","floor":12.0,"turns":5.0},{"damage":56.0,"enemies":"The Guardian","floor":16.0,"turns":13.0},{"damage":2.0,"enemies":"Shell Parasite","floor":18.0,"turns":8.0},{"damage":29.0,"enemies":"Spheric Guardian","floor":19.0,"turns":6.0},{"damage":1.0,"enemies":"Cultist and Chosen","floor":22.0,"turns":6.0},{"damage":9.0,"enemies":"Snecko","floor":23.0,"turns":6.0},{"damage":6.0,"enemies":"Chosen and Byrds","floor":25.0,"turns":6.0},{"damage":3.0,"enemies":"Cultist and Chosen","floor":27.0,"turns":9.0},{"damage":39.0,"enemies":"3 Cultists","floor":29.0,"turns":5.0},{"damage":14.0,"enemies":"Chosen and Byrds","floor":31.0,"turns":7.0},{"damage":49.0,"enemies":"Collector","floor":33.0,"turns":9.0},{"damage":1.0,"enemies":"3 Shapes","floor":35.0,"turns":7.0},{"damage":0.0,"enemies":"3 Darklings","floor":37.0,"turns":3.0},{"damage":17.0,"enemies":"Reptomancer","floor":41.0,"turns":5.0},{"damage":0.0,"enemies":"Maw","floor":45.0,"turns":6.0},{"damage":30,"enemies":"Writhing Mass","floor":46,"turns":6},{"damage":53,"enemies":"Nemesis","floor":47,"turns":5},{"damage":18,"enemies":"3 Darklings","floor":48,"turns":4},{"damage":22,"enemies":"Awakened One","floor":50,"turns":7}],"seed_played":"2498435647545905006","potions_obtained":[{"floor":1.0,"key":"Strength Potion"},{"floor":18.0,"key":"FocusPotion"},{"floor":27.0,"key":"Swift Potion"},{"floor":31.0,"key":"Regen Potion"},{"floor":41.0,"key":"FocusPotion"}],"is_trial":false,"path_per_floor":["M","$","?","$","M","?","R","?","T","M","R","M","R","?","R","B",null,"M","M","$","?","M","M","$","M","T","M","?","M","?","M","R","B",null,"M","?","M","$","$","R","E","?","T","R","M","M","E","M","R","B",null],"character_chosen":"DEFECT","items_purchased":["Capacitor","Core Surge","Go for the Eyes","Seek","Lee\u0027s Waffle","Hologram"],"campfire_rested":3,"item_purchase_floors":[2,2,4,20,20,38],"current_hp_per_floor":[66,66,71,71,71,52,52,52,52,52,52,51,51,44,67,13,61,61,34,84,84,84,80,80,81,84,84,84,50,50,43,68,26,70,76,76,83,83,83,83,72,77,82,84,84,68,27,21,51,36],"gold":286,"neow_bonus":"TWO_FIFTY_GOLD","is_prod":false,"is_daily":false,"chose_seed":false,"campfire_upgraded":5,"win_rate":0,"timestamp":1551567988,"path_taken":["M","$","?","$","M","?","R","?","T","?","R","M","R","?","R","BOSS","M","M","$","?","M","M","$","M","T","M","?","?","?","M","R","BOSS","M","?","?","?","$","R","E","?","T","R","M","M","E","?","R","BOSS"],"build_version":"2019-01-23","purchased_purges":2,"victory":true,"max_hp_per_floor":[75,72,77,77,77,77,77,77,77,77,77,77,77,77,77,77,77,77,77,84,84,84,84,84,84,84,84,84,84,84,84,84,84,84,84,84,84,84,84,84,84,84,84,84,84,84,84,84,84,84],"card_choices":[{"not_picked":["Undo","Fusion"],"picked":"Go for the Eyes","floor":1.0},{"not_picked":["White Noise","Stack","Undo"],"picked":"SKIP","floor":5.0},{"not_picked":["Stack","Chaos"],"picked":"Gash","floor":10.0},{"not_picked":["Sweeping Beam","Leap"],"picked":"Hologram","floor":12.0},{"not_picked":["Seek","Buffer"],"picked":"All For One","floor":16.0},{"not_picked":["Coolheaded+1","Conserve Battery"],"picked":"Gash","floor":18.0},{"not_picked":["Cold Snap","Gash"],"picked":"Hologram+1","floor":19.0},{"not_picked":["Skim","Cold Snap","Storm"],"picked":"SKIP","floor":22.0},{"not_picked":["Blizzard","Cold Snap+1","Loop"],"picked":"SKIP","floor":23.0},{"not_picked":["Reinforced Body","Leap"],"picked":"Chill+1","floor":25.0},{"not_picked":["White Noise","Compile Driver","Coolheaded"],"picked":"SKIP","floor":27.0},{"not_picked":["Machine Learning","Undo"],"picked":"Beam Cell+1","floor":29.0},{"not_picked":["Darkness","Turbo","Aggregate"],"picked":"SKIP","floor":31.0},{"not_picked":["Beam Cell+1","Rip and Tear"],"picked":"Gash","floor":35.0},{"not_picked":["Genetic Algorithm","Turbo"],"picked":"Gash","floor":37.0},{"not_picked":["Streamline","Steam Power","Coolheaded"],"picked":"SKIP","floor":41.0},{"not_picked":["Streamline","Steam Power","Coolheaded"],"picked":"SKIP","floor":41.0},{"not_picked":["Conserve Battery+1","Beam Cell","Go for the Eyes"],"picked":"FTL","floor":45.0},{"not_picked":["Doom and Gloom","Leap+1","Stack"],"picked":"All For One","floor":46},{"not_picked":["Reprogram+1","Glacier","Hologram+1"],"picked":"Gash+1","floor":47},{"not_picked":["Cold Snap+1","Leap","Redo+1"],"picked":"Gash","floor":48},{"not_picked":["BootSequence","Compile Driver","Rebound"],"picked":"Defragment","floor":49}],"player_experience":256701,"relics_obtained":[{"floor":9.0,"key":"Blood Vial"},{"floor":41.0,"key":"MawBank"},{"floor":43.0,"key":"Question Card"},{"floor":47,"key":"Dream Catcher"}],"event_choices":[{"damage_healed":0.0,"max_hp_gain":5.0,"max_hp_loss":0.0,"gold_gain":0.0,"event_name":"Big Fish","player_choice":"Donut","floor":3.0,"gold_loss":0.0,"damage_taken":0.0},{"damage_healed":0.0,"max_hp_gain":0.0,"max_hp_loss":0.0,"gold_gain":0.0,"event_name":"Golden Idol","player_choice":"Take Damage","floor":6.0,"gold_loss":0.0,"damage_taken":19.0,"relics_obtained":["Golden Idol"]},{"cards_removed":["Strike_B"],"damage_healed":0.0,"max_hp_gain":0.0,"max_hp_loss":0.0,"gold_gain":0.0,"event_name":"Bonfire Elementals","player_choice":"Offered Basic","floor":8.0,"gold_loss":0.0,"damage_taken":0.0},{"damage_healed":0.0,"max_hp_gain":0.0,"max_hp_loss":0.0,"gold_gain":0.0,"event_name":"Scrap Ooze","player_choice":"Success","floor":14.0,"gold_loss":0.0,"damage_taken":7.0,"relics_obtained":["Anchor"]},{"damage_healed":0.0,"max_hp_gain":0.0,"max_hp_loss":0.0,"gold_gain":0.0,"event_name":"Forgotten Altar","player_choice":"Gave Idol","floor":21.0,"relics_lost":["Golden Idol"],"gold_loss":0.0,"damage_taken":0.0,"relics_obtained":["Bloody Idol"]},{"damage_healed":0.0,"max_hp_gain":0.0,"max_hp_loss":0.0,"gold_gain":0.0,"event_name":"Accursed Blacksmith","player_choice":"Forge","floor":28.0,"gold_loss":0.0,"damage_taken":0.0,"cards_upgraded":["Seek"]},{"cards_removed":["Strike_B"],"damage_healed":0.0,"max_hp_gain":0.0,"max_hp_loss":0.0,"gold_gain":0.0,"event_name":"Beggar","player_choice":"Gave Gold","floor":30.0,"gold_loss":75.0,"damage_taken":0.0},{"damage_healed":0.0,"max_hp_gain":0.0,"max_hp_loss":0.0,"gold_gain":0.0,"event_name":"Match and Keep!","player_choice":"0 cards matched","floor":36.0,"gold_loss":0.0,"damage_taken":0.0,"cards_obtained":[]},{"damage_healed":0.0,"max_hp_gain":0.0,"max_hp_loss":0.0,"gold_gain":0.0,"event_name":"The Woman in Blue","player_choice":"Bought 0 Potions","floor":42.0,"gold_loss":0.0,"damage_taken":0.0}],"is_beta":false,"boss_relics":[{"not_picked":["Velvet Choker","Runic Dome"],"picked":"FrozenCore"},{"not_picked":["Busted Crown","Orrery"],"picked":"Empty Cage"}],"items_purged_floors":[2,38],"is_endless":false,"potions_floor_spawned":[1,18,27,31,41,45],"ascension_level":13}