{"gold_per_floor":[116,126,126,138,213,213,227,227,278,303,328,328,354,367,367,468,468,487,499,518,518,538,538,538,538,561,575,575,610,610],"floor_reached":30,"playtime":2630,"items_purged":[],"score":260,"play_id":"1e1cbaee-2f3a-4f35-bf12-6a9bea0f5918","local_time":"20190212154056","is_ascension_mode":false,"campfire_choices":[{"data":"Go for the Eyes","floor":8,"key":"SMITH"},{"floor":12,"key":"REST"},{"floor":15,"key":"REST"},{"floor":23,"key":"REST"}],"neow_cost":"NONE","seed_source_timestamp":5480928456764,"circlet_count":0,"master_deck":["Strike_B","Strike_B","Strike_B","Defend_B","Defend_B+1","Defend_B","Defend_B+1","Zap","Dualcast","Go for the Eyes+1","Leap","Hello World","Strike_B","Go for the Eyes","Electrodynamics","Force Field","Leap","Biased Cognition","Melter","Defragment","Streamline","Cold Snap","Loop","Static Discharge+1","Melter+1"],"relics":["Cracked Core","NeowsBlessing","Boot","Potion Belt","War Paint","Strawberry","Eternal Feather","Regal Pillow","Juzu Bracelet"],"potions_floor_usage":[13,16,16,22],"damage_taken":[{"damage":0,"enemies":"Small Slimes","floor":1,"turns":1},{"damage":0,"enemies":"2 Louse","floor":2,"turns":1},{"damage":0,"enemies":"Cultist","floor":4,"turns":1},{"damage":9,"enemies":"Exordium Wildlife","floor":7,"turns":6},{"damage":23,"enemies":"Gremlin Nob","floor":10,"turns":5},{"damage":1,"enemies":"Lagavulin","floor":13,"turns":6},{"damage":23,"enemies":"Gremlin Gang","floor":14,"turns":5},{"damage":41,"enemies":"Hexaghost","floor":16,"turns":15},{"damage":21,"enemies":"2 Thieves","floor":18,"turns":3},{"damage":0,"enemies":"Chosen","floor":19,"turns":5},{"damage":38,"enemies":"Snake Plant","floor":20,"turns":6},{"damage":5,"enemies":"Sentry and Sphere","floor":22,"turns":3},{"damage":5,"enemies":"Centurion and Healer","floor":27,"turns":4},{"damage":26,"enemies":"Gremlin Leader","floor":29,"turns":4},{"damage":7,"enemies":"Snake Plant","floor":30,"turns":2}],"seed_played":"2277783095901912993","potions_obtained":[{"floor":1,"key":"SpeedPotion"},{"floor":7,"key":"Block Potion"},{"floor":10,"key":"SkillPotion"},{"floor":16,"key":"Energy Potion"},{"floor":18,"key":"SpeedPotion"},{"floor":20,"key":"FocusPotion"},{"floor":29,"key":"Poison Potion"}],"is_trial":false,"path_per_floor":["?","?","?","M","T","M","?","?","?","?"],"character_chosen":"DEFECT","items_purchased":[],"campfire_rested":3,"item_purchase_floors":[],"current_hp_per_floor":[75,75,75,75,64,64,55,55,55,32,32,54,60,37,61,20,82,61,61,23,23,18,54,54,38,38,33,33,7,0],"gold":610,"neow_bonus":"THREE_ENEMY_KILL","is_prod":false,"is_daily":false,"chose_seed":false,"campfire_upgraded":1,"win_rate":0.0,"timestamp":1549960856,"path_taken":["M","M","?","M","?","?","?","R","T","E","?","R","E","M","R","BOSS","M","?","M","?","M","R","?","?","T","M","?","E","M"],"build_version":"2019-01-23","purchased_purges":0,"victory":false,"max_hp_per_floor":[75,75,75,75,75,75,75,75,75,75,75,75,82,82,82,82,82,82,82,82,82,82,82,82,87,87,87,87,87,87],"card_choices":[{"not_picked":["Steam","Undo"],"picked":"Go for the Eyes","floor":1},{"not_picked":["Scrape","Auto Shields"],"picked":"Leap","floor":2},{"not_picked":["Rip and Tear","Go for the Eyes"],"picked":"Hello World","floor":4},{"not_picked":["Gash","Doom and Gloom"],"picked":"Go for the Eyes","floor":7},{"not_picked":["BootSequence","Hologram"],"picked":"Electrodynamics","floor":10},{"not_picked":["Consume","Blizzard"],"picked":"Force Field","floor":13},{"not_picked":["Double Energy","Hello World"],"picked":"Leap","floor":14},{"not_picked":["Seek","Hyperbeam"],"picked":"Biased Cognition","floor":16},{"not_picked":["Hologram","Double Energy"],"picked":"Melter","floor":18},{"not_picked":["Gash+1","Chill"],"picked":"Defragment","floor":19},{"not_picked":["Rip and Tear","Hello World"],"picked":"Streamline","floor":20},{"not_picked":["Coolheaded","Chaos"],"picked":"Cold Snap","floor":22},{"not_picked":["Steam Power","Recycle"],"picked":"Static Discharge+1","floor":27},{"not_picked":["Gash","Blizzard"],"picked":"Melter+1","floor":29}],"player_experience":67201,"relics_obtained":[{"floor":9,"key":"Boot"},{"floor":10,"key":"Potion Belt"},{"floor":11,"key":"War Paint"},{"floor":13,"key":"Strawberry"},{"floor":26,"key":"Regal Pillow"},{"floor":29,"key":"Juzu Bracelet"}],"event_choices":[{"damage_healed":0,"gold_gain":0,"player_choice":"Leave","damage_taken":0,"max_hp_gain":0,"max_hp_loss":0,"event_name":"The Cleric","floor":3,"gold_loss":0},{"damage_healed":0,"gold_gain":75,"player_choice":"Gather Gold","damage_taken":11,"max_hp_gain":0,"max_hp_loss":0,"event_name":"World of Goop","floor":5,"gold_loss":0},{"cards_removed":["Strike_B"],"damage_healed":0,"gold_gain":0,"player_choice":"Took Card","damage_taken":0,"max_hp_gain":0,"max_hp_loss":0,"event_name":"NoteForYourself","floor":6,"gold_loss":0,"cards_obtained":["Strike_B"]},{"damage_healed":0,"gold_gain":0,"player_choice":"Ignored","damage_taken":0,"max_hp_gain":0,"max_hp_loss":0,"event_name":"Ghosts","floor":21,"gold_loss":0},{"damage_healed":0,"gold_gain":0,"player_choice":"Read","damage_taken":0,"max_hp_gain":0,"max_hp_loss":0,"event_name":"The Library","floor":24,"gold_loss":0,"cards_obtained":["Loop"]},{"damage_healed":0,"gold_gain":0,"player_choice":"Shed Blood","damage_taken":21,"max_hp_gain":5,"max_hp_loss":0,"event_name":"Forgotten Altar","floor":25,"gold_loss":0},{"damage_healed":0,"gold_gain":0,"player_choice":"Ignored","damage_taken":0,"max_hp_gain":0,"max_hp_loss":0,"event_name":"Vampires","floor":28,"gold_loss":0}],"is_beta":false,"boss_relics":[{"not_picked":["Fusion Hammer","Lizard Tail"],"picked":"Eternal Feather"}],"items_purged_floors":[],"is_endless":false,"potions_floor_spawned":[1,7,10,16,18,20,29],"killed_by":"Snake Plant","ascension_level":0}