{"gold_per_floor":[215,231,231,231,25,25,56,56,109,109,143,158,3,3,3,122,122,147,166,166,186,204,248,248,269,269,287,302,302,325,325,325,446,446,465,246,260,275,608,608,643,662,744,744,779,92,110,123,123,123],"floor_reached":51,"playtime":2783,"items_purged":["Strike_R","Strike_R"],"score":1099,"play_id":"5d0c9fa9-6e8a-47d3-a702-f5917c1a72c0","local_time":"20190301233155","is_ascension_mode":true,"campfire_choices":[{"data":"Bash","floor":6.0,"key":"SMITH"},{"data":"Sword Boomerang","floor":10.0,"key":"SMITH"},{"data":"Sunder","floor":15.0,"key":"SMITH"},{"data":"Wraith Form v2","floor":24.0,"key":"SMITH"},{"data":"Dual Wield","floor":29.0,"key":"SMITH"},{"data":"Sunder","floor":32.0,"key":"SMITH"},{"data":"Dual Wield","floor":40,"key":"SMITH"},{"data":"Acrobatics","floor":44,"key":"SMITH"},{"floor":49,"key":"REST"}],"neow_cost":"NONE","seed_source_timestamp":27846625255676,"circlet_count":0,"master_deck":["Strike_R","Strike_R","Strike_R","Defend_R","Defend_R","Defend_R","Defend_R","Bash+1","Sword Boomerang+1","Headbutt","Injury","PiercingWail","PiercingWail","Sunder+1","Pain","Wraith Form v2+1","Rip and Tear+1","Dual Wield+1","Sunder+1","Dark Embrace","Dual Wield+1","Parasite","Coolheaded+1","Enlightenment","Acrobatics+1","Injury","Corruption","Exhume","Meteor Strike"],"special_seed":0,"relics":["Burning Blood","Singing Bowl","PrismaticShard","Self Forming Clay","Orichalcum","Art of War","Bag of Preparation","WarpedTongs","Snecko Eye","Nunchaku","Du-Vu Doll","Cursed Key","Happy Flower","StoneCalendar","Letter Opener","Blood Vial","Bird Faced Urn"],"potions_floor_usage":[41,41,42,50,50],"damage_taken":[{"damage":1.0,"enemies":"Cultist","floor":1.0,"turns":4.0},{"damage":8.0,"enemies":"Small Slimes","floor":2.0,"turns":4.0},{"damage":48.0,"enemies":"Lagavulin","floor":7.0,"turns":8.0},{"damage":9.0,"enemies":"Gremlin Nob","floor":11.0,"turns":5.0},{"damage":0.0,"enemies":"2 Louse","floor":12.0,"turns":2.0},{"damage":40.0,"enemies":"Hexaghost","floor":16.0,"turns":13.0},{"damage":2.0,"enemies":"Shell Parasite","floor":18.0,"turns":5.0},{"damage":0.0,"enemies":"Chosen","floor":19.0,"turns":4.0},{"damage":6.0,"enemies":"3 Cultists","floor":21.0,"turns":5.0},{"damage":5.0,"enemies":"Snecko","floor":22.0,"turns":3.0},{"damage":11.0,"enemies":"Book of Stabbing","floor":23.0,"turns":5.0},{"damage":5.0,"enemies":"Snake Plant","floor":25.0,"turns":3.0},{"damage":2.0,"enemies":"Shelled Parasite and Fungi","floor":27.0,"turns":4.0},{"damage":14.0,"enemies":"Snecko","floor":28.0,"turns":3.0},{"damage":3.0,"enemies":"Snake Plant","floor":30.0,"turns":2.0},{"damage":62.0,"enemies":"Automaton","floor":33.0,"turns":10.0},{"damage":9.0,"enemies":"Orb Walker","floor":35.0,"turns":2.0},{"damage":7.0,"enemies":"3 Darklings","floor":37.0,"turns":4.0},{"damage":9,"enemies":"Writhing Mass","floor":38,"turns":3},{"damage":11,"enemies":"Reptomancer","floor":41,"turns":6},{"damage":8,"enemies":"Spire Growth","floor":42,"turns":2},{"damage":23,"enemies":"Nemesis","floor":45,"turns":9},{"damage":8,"enemies":"Jaw Worm Horde","floor":47,"turns":3},{"damage":13,"enemies":"Transient","floor":48,"turns":5},{"damage":11,"enemies":"Time Eater","floor":50,"turns":5}],"seed_played":"4171972652801258329","potions_obtained":[{"floor":7.0,"key":"EssenceOfSteel"},{"floor":11.0,"key":"GamblersBrew"},{"floor":19.0,"key":"Ancient Potion"},{"floor":23.0,"key":"Regen Potion"},{"floor":25.0,"key":"Energy Potion"},{"floor":30.0,"key":"PowerPotion"},{"floor":38,"key":"LiquidBronze"},{"floor":41,"key":"Fruit Juice"},{"floor":48,"key":"Swift Potion"}],"is_trial":false,"path_per_floor":["M","M","T","?","$","R","E","?","T","R","E","M","$","?","R","B",null,"M","M","?","M","M","E","R","M","T","M","M","R","M","?","R","B",null,"M","$","M","M","?","R","E","M","T","R","E","$","M","M","R","B",null],"character_chosen":"IRONCLAD","items_purchased":["PrismaticShard","Bag of Preparation","Happy Flower","Corruption","Bird Faced Urn","Exhume","EssenceOfSteel","Ancient Potion"],"campfire_rested":1,"item_purchase_floors":[5,13,36,46,46,46,46,46],"current_hp_per_floor":[77,75,75,75,75,75,33,38,38,38,35,41,41,41,41,7,66,70,78,78,80,83,80,80,83,83,87,81,81,86,86,86,30,82,79,79,80,77,77,77,92,90,90,90,75,75,79,82,110,110],"gold":123,"neow_bonus":"HUNDRED_GOLD","is_prod":false,"is_daily":false,"chose_seed":false,"campfire_upgraded":8,"win_rate":0,"timestamp":1551511915,"path_taken":["M","M","?","?","$","R","E","?","T","R","E","M","$","?","R","BOSS","M","?","?","M","M","E","R","M","T","M","M","R","M","?","R","BOSS","M","$","M","M","?","R","E","M","T","R","E","$","M","M","R","BOSS"],"build_version":"2019-01-23","purchased_purges":2,"victory":true,"max_hp_per_floor":[80,80,80,80,80,80,80,85,85,85,85,85,85,85,85,85,85,85,87,87,89,91,93,93,95,95,95,97,97,99,99,99,99,99,99,99,101,101,101,101,106,106,106,106,108,108,108,110,110,110],"card_choices":[{"not_picked":["Clash","Heavy Blade"],"picked":"Sword Boomerang","floor":1.0},{"not_picked":["Blood for Blood","Heavy Blade"],"picked":"Headbutt","floor":2.0},{"not_picked":["Sword Boomerang","Twin Strike"],"picked":"PiercingWail","floor":7.0},{"not_picked":["Warcry","Wild Strike"],"picked":"PiercingWail","floor":11.0},{"not_picked":["Beam Cell","Dramatic Entrance"],"picked":"Sunder","floor":12.0},{"not_picked":["Amplify","Chrysalis"],"picked":"Wraith Form v2","floor":16.0},{"not_picked":["True Grit+1","Body Slam"],"picked":"Rip and Tear+1","floor":18.0},{"not_picked":["Outmaneuver+1","Stack","Infernal Blade"],"picked":"Singing Bowl","floor":19.0},{"not_picked":["Slice","Cloak And Dagger","Intimidate+1"],"picked":"Singing Bowl","floor":21.0},{"not_picked":["Burning Pact","Rampage+1","Deflect+1"],"picked":"Singing Bowl","floor":22.0},{"not_picked":["Wild Strike","Streamline","Pummel"],"picked":"Singing Bowl","floor":23.0},{"not_picked":["Deflect","Pummel","Body Slam+1"],"picked":"Singing Bowl","floor":25.0},{"not_picked":["Uppercut+1","Rebound"],"picked":"Sunder","floor":27.0},{"not_picked":["Iron Wave+1","Gash","Sucker Punch"],"picked":"Singing Bowl","floor":28.0},{"not_picked":["Quick Slash","Bane","Outmaneuver"],"picked":"Singing Bowl","floor":30.0},{"not_picked":["Reaper","Exhume"],"picked":"Dark Embrace","floor":33.0},{"not_picked":["Pummel+1","Aggregate+1"],"picked":"Dual Wield","floor":35.0},{"not_picked":["Go for the Eyes","Anger","Compile Driver+1"],"picked":"Singing Bowl","floor":37.0},{"not_picked":["Compile Driver+1","Leap+1"],"picked":"Coolheaded+1","floor":38},{"not_picked":["Hello World+1","Bouncing Flask+1"],"picked":"Enlightenment","floor":41},{"not_picked":["Warcry","Beam Cell+1"],"picked":"Acrobatics","floor":42},{"not_picked":["Wild Strike+1","Heavy Blade","Slice+1"],"picked":"Singing Bowl","floor":45},{"not_picked":["Armaments","Cold Snap"],"picked":"Meteor Strike","floor":47},{"not_picked":["Defragment","Double Energy+1","Deflect"],"picked":"Singing Bowl","floor":48}],"player_experience":1284677,"relics_obtained":[{"floor":3.0,"key":"Singing Bowl"},{"floor":7.0,"key":"Self Forming Clay"},{"floor":9.0,"key":"Orichalcum"},{"floor":11.0,"key":"Art of War"},{"floor":23.0,"key":"Nunchaku"},{"floor":26.0,"key":"Du-Vu Doll"},{"floor":41,"key":"StoneCalendar"},{"floor":43,"key":"Letter Opener"},{"floor":45,"key":"Blood Vial"}],"event_choices":[{"damage_healed":0.0,"max_hp_gain":0.0,"max_hp_loss":0.0,"gold_gain":0.0,"event_name":"Golden Idol","player_choice":"Take Wound","floor":4.0,"gold_loss":0.0,"damage_taken":0.0,"relics_obtained":["Golden Idol"],"cards_obtained":["Injury"]},{"damage_healed":0.0,"max_hp_gain":5.0,"max_hp_loss":0.0,"gold_gain":0.0,"event_name":"Big Fish","player_choice":"Donut","floor":8.0,"gold_loss":0.0,"damage_taken":0.0},{"damage_healed":0.0,"max_hp_gain":0.0,"max_hp_loss":0.0,"gold_gain":0.0,"event_name":"Accursed Blacksmith","player_choice":"Rummage","floor":14.0,"gold_loss":0.0,"damage_taken":0.0,"relics_obtained":["WarpedTongs"],"cards_obtained":["Pain"]},{"damage_healed":0.0,"max_hp_gain":0.0,"max_hp_loss":0.0,"gold_gain":0.0,"event_name":"The Library","player_choice":"Read","floor":20.0,"gold_loss":0.0,"damage_taken":0.0,"cards_obtained":["Dual Wield"]},{"damage_healed":0.0,"max_hp_gain":0.0,"max_hp_loss":0.0,"gold_gain":0.0,"event_name":"Vampires","player_choice":"Ignored","floor":31.0,"gold_loss":0.0,"damage_taken":0.0},{"damage_healed":0,"gold_gain":333,"player_choice":"Gave Idol","damage_taken":0,"max_hp_gain":0,"max_hp_loss":0,"event_name":"The Moai Head","floor":39,"relics_lost":["Golden Idol"],"gold_loss":0}],"is_beta":false,"boss_relics":[{"not_picked":["Calling Bell","Ectoplasm"],"picked":"Snecko Eye"},{"not_picked":["Coffee Dripper","Empty Cage"],"picked":"Cursed Key"}],"items_purged_floors":[36,46],"is_endless":false,"potions_floor_spawned":[7,11,19,23,25,27,30,38,41,47,48],"ascension_level":9}