{"gold_per_floor":[118,130,130,147,147,182,182,209,280,292,467,18,33,33],"floor_reached":14,"playtime":774,"items_purged":["Doubt"],"score":105,"play_id":"f4c2f866-9702-4ecf-8ddb-06b7f2c967bd","local_time":"20180824020709","is_ascension_mode":true,"campfire_choices":[{"floor":7,"key":"REST"}],"neow_cost":"","seed_source_timestamp":50298252741987,"circlet_count":0,"master_deck":["Strike_B","Strike_B","Strike_B","Defend_B","Defend_B+1","Defend_B","Defend_B","Zap","Dualcast","Sweeping Beam+1","Static Discharge","Coolheaded","Auto Shields","Barrage","Self Repair","Dualcast","Conserve Battery"],"relics":["Cracked Core","Nunchaku","Ancient Tea Set","Question Card","DollysMirror","Happy Flower"],"potions_floor_usage":[8,14,14],"damage_taken":[{"damage":6,"enemies":"Jaw Worm","floor":1,"turns":3},{"damage":2,"enemies":"2 Louse","floor":2,"turns":2},{"damage":0,"enemies":"Cultist","floor":4,"turns":3},{"damage":34,"enemies":"Gremlin Nob","floor":6,"turns":4},{"damage":11,"enemies":"Lagavulin","floor":8,"turns":6},{"damage":8,"enemies":"Looter","floor":10,"turns":3},{"damage":9,"enemies":"Blue Slaver","floor":13,"turns":4},{"damage":17,"enemies":"Exordium Thugs","floor":14,"turns":3}],"seed_played":"3897163668626667142","potions_obtained":[{"floor":1,"key":"GamblersBrew"},{"floor":2,"key":"EntropicBrew"},{"floor":4,"key":"SteroidPotion"}],"is_trial":false,"path_per_floor":["M","M","?","M","?","E","R","E","T","M","?","$","M"],"character_chosen":"DEFECT","items_purchased":["Self Repair","DollysMirror","Happy Flower"],"campfire_rested":1,"item_purchase_floors":[12,12,12],"current_hp_per_floor":[69,67,52,52,45,11,33,22,22,14,14,14,12,0],"gold":33,"neow_bonus":"","is_prod":false,"is_daily":false,"chose_seed":false,"campfire_upgraded":0,"win_rate":0,"timestamp":1535090829,"path_taken":["M","M","?","M","?","E","R","E","T","?","?","$","M","M"],"build_version":"2018-08-23v2","purchased_purges":1,"victory":false,"max_hp_per_floor":[75,75,75,75,75,75,75,75,75,75,75,75,75,75],"card_choices":[{"not_picked":["Rebound","Gash"],"picked":"Sweeping Beam","floor":1},{"not_picked":["Streamline","Gash"],"picked":"Static Discharge","floor":2},{"not_picked":["Chaos","Capacitor","Barrage"],"picked":"SKIP","floor":4},{"not_picked":["Turbo","Barrage"],"picked":"Coolheaded","floor":6},{"not_picked":["Gash","Coolheaded"],"picked":"Auto Shields","floor":8},{"not_picked":["Go for the Eyes","Ball Lightning","Capacitor"],"picked":"Barrage","floor":10},{"not_picked":["Chill","Stack","Rebound"],"picked":"Conserve Battery","floor":13}],"player_experience":492552,"relics_obtained":[{"floor":6,"key":"Nunchaku"},{"floor":8,"key":"Ancient Tea Set"},{"floor":9,"key":"Question Card"}],"event_choices":[{"event_name":"Shining Light","player_choice":"Entered Light","floor":3,"damage_taken":0},{"event_name":"Golden Wing","player_choice":"Card Removal","floor":5,"damage_taken":0},{"event_name":"Liars Game","player_choice":"agreed","floor":11,"damage_taken":0}],"is_beta":false,"boss_relics":[],"items_purged_floors":[12],"is_endless":false,"potions_floor_spawned":[1,2,4],"killed_by":"Exordium Thugs","ascension_level":1}