{"gold_per_floor":[116,116,116,116,130,130,169,169,219,219,232,273,292,13,13,102,102,121,144,158,158,158,158,196,196,196,111,111,145,53,78,78,172,172,197,60,0,21,354,354,380,380,380,393,426,426,437,469,469,469,469,469,469,2,33,33],"floor_reached":56,"playtime":3240,"items_purged":["Strike_R","Strike_R"],"score":2229,"play_id":"5e86b5ac-0dbc-4c27-92e9-afefa791bb84","local_time":"20190223011312","is_ascension_mode":true,"campfire_choices":[{"data":"Bash","floor":6.0,"key":"SMITH"},{"data":"Demon Form","floor":10.0,"key":"SMITH"},{"data":"Flame Barrier","floor":15.0,"key":"SMITH"},{"data":"Immolate","floor":23.0,"key":"SMITH"},{"floor":25.0,"key":"REST"},{"data":"Shockwave","floor":28.0,"key":"SMITH"},{"data":"Whirlwind","floor":32.0,"key":"SMITH"},{"data":"Limit Break","floor":40.0,"key":"SMITH"},{"data":"True Grit","floor":42.0,"key":"SMITH"},{"floor":49,"key":"RECALL"},{"data":"Disarm","floor":53,"key":"SMITH"}],"neow_cost":"NONE","seed_source_timestamp":0,"circlet_count":0,"master_deck":["AscendersBane","Strike_R+1","Strike_R","Strike_R","Defend_R","Defend_R+1","Defend_R","Defend_R+1","Bash+1","Battle Trance","Shrug It Off","Demon Form+1","Pummel","Flame Barrier+1","Immolate+1","Blood for Blood","Clothesline+1","Shrug It Off","Shockwave+1","Cleave","Whirlwind+1","Limit Break+1","Headbutt","Shockwave+1","True Grit+1","Offering","Heavy Blade","Disarm+1","Shrug It Off","Flame Barrier"],"special_seed":0,"relics":["Burning Blood","NeowsBlessing","Ornamental Fan","Bag of Marbles","Strawberry","Paper Frog","Snecko Eye","Smiling Mask","Art of War","FossilizedHelix","Shuriken","Gremlin Horn","Velvet Choker","Red Mask","War Paint","Kunai","Thread and Needle","Bottled Flame","Dream Catcher","Bag of Preparation","ClockworkSouvenir","Pen Nib"],"potions_floor_usage":[56],"damage_taken":[{"damage":0.0,"enemies":"Small Slimes","floor":1.0,"turns":2.0},{"damage":0.0,"enemies":"Jaw Worm","floor":5.0,"turns":1.0},{"damage":0.0,"enemies":"Gremlin Nob","floor":7.0,"turns":1.0},{"damage":1.0,"enemies":"Cultist","floor":11.0,"turns":4.0},{"damage":27.0,"enemies":"3 Sentries","floor":12.0,"turns":6.0},{"damage":4.0,"enemies":"Looter","floor":13.0,"turns":5.0},{"damage":30.0,"enemies":"Slime Boss","floor":16.0,"turns":6.0},{"damage":22.0,"enemies":"Spheric Guardian","floor":18.0,"turns":6.0},{"damage":0.0,"enemies":"2 Thieves","floor":20.0,"turns":2.0},{"damage":29.0,"enemies":"Slavers","floor":24.0,"turns":5.0},{"damage":9.0,"enemies":"Book of Stabbing","floor":29.0,"turns":4.0},{"damage":0.0,"enemies":"Cultist and Chosen","floor":31.0,"turns":4.0},{"damage":0.0,"enemies":"Collector","floor":33.0,"turns":4.0},{"damage":0.0,"enemies":"3 Darklings","floor":35.0,"turns":1.0},{"damage":0.0,"enemies":"3 Shapes","floor":38.0,"turns":3.0},{"damage":2.0,"enemies":"Giant Head","floor":41.0,"turns":6.0},{"damage":3.0,"enemies":"Maw","floor":44.0,"turns":6.0},{"damage":0,"enemies":"Reptomancer","floor":45,"turns":3},{"damage":0,"enemies":"Sphere and 2 Shapes","floor":47,"turns":3},{"damage":0,"enemies":"Giant Head","floor":48,"turns":7},{"damage":11,"enemies":"Awakened One","floor":50,"turns":10},{"damage":49,"enemies":"Donu and Deca","floor":51,"turns":8},{"damage":44,"enemies":"Shield and Spear","floor":55,"turns":6},{"damage":25,"enemies":"The Heart","floor":56,"turns":6}],"seed_played":"-3579292214957635855","potions_obtained":[{"floor":1.0,"key":"AttackPotion"},{"floor":7.0,"key":"Ancient Potion"},{"floor":11.0,"key":"Explosive Potion"},{"floor":16.0,"key":"GamblersBrew"},{"floor":24.0,"key":"LiquidBronze"},{"floor":31.0,"key":"BloodPotion"},{"floor":35.0,"key":"EssenceOfSteel"},{"floor":41.0,"key":"Poison Potion"},{"floor":47,"key":"SpeedPotion"}],"is_trial":false,"path_per_floor":["M","?","$","?","M","R","E","T","T","R","M","E","M","$","R","B",null,"M","T","M","?","?","R","E","R","T","?","R","E","$","M","R","B",null,"M","$","?","M","?","R","E","R","T","M","E","T","M","E","R","B","B",null,"R","$","E","B"],"character_chosen":"IRONCLAD","items_purchased":["Paper Frog","Whirlwind","Shockwave","Bag of Preparation","ClockworkSouvenir","Flame Barrier"],"campfire_rested":1,"item_purchase_floors":[14,30,36,54,54,54],"current_hp_per_floor":[74,51,51,51,57,57,63,63,63,63,68,54,56,56,56,32,64,48,48,54,54,54,54,31,53,53,53,53,50,50,56,56,62,72,75,75,75,75,75,75,75,75,75,75,75,75,75,75,75,70,27,63,63,63,25,0],"gold":33,"neow_bonus":"THREE_ENEMY_KILL","is_prod":false,"is_daily":false,"chose_seed":false,"campfire_upgraded":9,"win_rate":0,"timestamp":1550837592,"path_taken":["M","?","$","?","M","R","E","?","T","R","M","E","M","$","R","BOSS","M","?","M","?","?","R","E","R","T","?","R","E","$","M","R","BOSS","M","$","?","M","?","R","E","R","T","M","E","?","M","E","R","BOSS","BOSS","R","$","E","BOSS"],"build_version":"2019-01-23","purchased_purges":2,"victory":false,"max_hp_per_floor":[75,75,75,68,68,68,68,68,68,68,68,75,75,75,75,75,75,75,75,75,75,75,75,75,75,75,75,75,75,75,75,75,75,75,75,75,75,75,75,75,75,75,75,75,75,75,75,75,75,75,75,75,75,75,75,75],"card_choices":[{"not_picked":["True Grit","Anger"],"picked":"Battle Trance","floor":1.0},{"not_picked":["True Grit","Corruption"],"picked":"Shrug It Off","floor":5.0},{"not_picked":["Iron Wave","Armaments"],"picked":"Demon Form","floor":7.0},{"not_picked":["Rampage","Bloodletting"],"picked":"Pummel","floor":11.0},{"not_picked":["Power Through","Thunderclap","Juggernaut"],"picked":"SKIP","floor":12.0},{"not_picked":["Power Through","Thunderclap","Juggernaut"],"picked":"SKIP","floor":12.0},{"not_picked":["Power Through","Thunderclap","Juggernaut"],"picked":"SKIP","floor":12.0},{"not_picked":["Warcry","Havoc"],"picked":"Flame Barrier","floor":13.0},{"not_picked":["Impervious","Berserk"],"picked":"Immolate","floor":16.0},{"not_picked":["Armaments","Pommel Strike"],"picked":"Blood for Blood","floor":18.0},{"not_picked":["Perfected Strike","Metallicize"],"picked":"Clothesline+1","floor":20.0},{"not_picked":["True Grit","Armaments"],"picked":"Shockwave","floor":24.0},{"not_picked":["Flex","Clash"],"picked":"Cleave","floor":29.0},{"not_picked":["Iron Wave","Feel No Pain","Armaments"],"picked":"SKIP","floor":31.0},{"not_picked":["Juggernaut","Immolate"],"picked":"Limit Break","floor":33.0},{"not_picked":["Havoc","Perfected Strike+1"],"picked":"Headbutt","floor":35.0},{"not_picked":["Thunderclap","Wild Strike"],"picked":"True Grit","floor":38.0},{"not_picked":["Wild Strike","Dual Wield"],"picked":"Offering","floor":41.0},{"not_picked":["Rage+1","Perfected Strike"],"picked":"Heavy Blade","floor":44.0},{"not_picked":["Twin Strike","True Grit+1"],"picked":"Disarm","floor":45},{"not_picked":["Battle Trance","Sword Boomerang"],"picked":"Shrug It Off","floor":47},{"not_picked":["Evolve","Sentinel","Iron Wave"],"picked":"SKIP","floor":48},{"not_picked":["Dual Wield","Blood for Blood+1","Flex"],"picked":"SKIP","floor":55}],"player_experience":417186,"relics_obtained":[{"floor":7.0,"key":"Ornamental Fan"},{"floor":9.0,"key":"Bag of Marbles"},{"floor":12.0,"key":"Strawberry"},{"floor":19.0,"key":"Smiling Mask"},{"floor":24.0,"key":"Art of War"},{"floor":26.0,"key":"FossilizedHelix"},{"floor":29.0,"key":"Gremlin Horn"},{"floor":41.0,"key":"War Paint"},{"floor":43.0,"key":"Kunai"},{"floor":45,"key":"Thread and Needle"},{"floor":46,"key":"Bottled Flame"},{"floor":48,"key":"Dream Catcher"},{"floor":55,"key":"Pen Nib"}],"event_choices":[{"damage_healed":0.0,"max_hp_gain":0.0,"max_hp_loss":0.0,"gold_gain":0.0,"event_name":"Shining Light","player_choice":"Entered Light","floor":2.0,"gold_loss":0.0,"damage_taken":23.0,"cards_upgraded":["Strike_R","Defend_R"]},{"damage_healed":0.0,"max_hp_gain":0.0,"max_hp_loss":7.0,"gold_gain":0.0,"event_name":"Golden Idol","player_choice":"Lose Max HP","floor":4.0,"gold_loss":0.0,"damage_taken":0.0,"relics_obtained":["Golden Idol"]},{"damage_healed":0.0,"max_hp_gain":0.0,"max_hp_loss":0.0,"gold_gain":0.0,"event_name":"The Library","player_choice":"Read","floor":21.0,"gold_loss":0.0,"damage_taken":0.0,"cards_obtained":["Shrug It Off"]},{"damage_healed":0.0,"max_hp_gain":0.0,"max_hp_loss":0.0,"gold_gain":0.0,"event_name":"Beggar","player_choice":"Ignored","floor":22.0,"gold_loss":0.0,"damage_taken":0.0},{"damage_healed":0.0,"max_hp_gain":0.0,"max_hp_loss":0.0,"gold_gain":0.0,"event_name":"Addict","player_choice":"Obtained Relic","floor":27.0,"gold_loss":85.0,"damage_taken":0.0,"relics_obtained":["Shuriken"]},{"damage_healed":0.0,"max_hp_gain":0.0,"max_hp_loss":0.0,"gold_gain":0.0,"event_name":"Tomb of Lord Red Mask","player_choice":"Paid","floor":37.0,"gold_loss":60.0,"damage_taken":0.0,"relics_obtained":["Red Mask"]},{"damage_healed":0.0,"max_hp_gain":0.0,"max_hp_loss":0.0,"gold_gain":333.0,"event_name":"The Moai Head","player_choice":"Gave Idol","floor":39.0,"relics_lost":["Golden Idol"],"gold_loss":0.0,"damage_taken":0.0}],"is_beta":false,"boss_relics":[{"not_picked":["Lizard Tail","Sozu"],"picked":"Snecko Eye"},{"not_picked":["Pandora\u0027s Box","Busted Crown"],"picked":"Velvet Choker"}],"items_purged_floors":[30,36],"is_endless":false,"potions_floor_spawned":[1,7,11,16,24,31,35,41,47],"killed_by":"The Heart","ascension_level":20}