{"gold_per_floor":[112,124,174,23,23,58,58,86,86,113,113,144,144,170,170,268,268,280,280,315,333,350,350,380,201,201,234,248,279,379,389,389,488,488,500,510,237,252,26,58,70,97,97,97,97],"floor_reached":45,"playtime":6186,"items_purged":["Defend_B","Defend_B"],"score":824,"play_id":"2a567117-049d-427e-9050-14a03dfa97d1","local_time":"20190226220853","is_ascension_mode":true,"campfire_choices":[{"data":"Zap","floor":7,"key":"SMITH"},{"data":"Dualcast","floor":13,"key":"SMITH"},{"data":"Hologram","floor":15,"key":"SMITH"},{"data":"Fusion","floor":23,"key":"SMITH"},{"data":"Double Energy","floor":32,"key":"SMITH"},{"data":"Apotheosis","floor":44,"key":"SMITH"}],"neow_cost":"NONE","seed_source_timestamp":244946678491152,"circlet_count":0,"master_deck":["Zap+1","Dualcast+1","Ball Lightning","Conserve Battery","Reboot","Leap","Cold Snap","Reinforced Body","Cold Snap","Hologram+1","Biased Cognition","Meteor Strike+1","Sweeping Beam+1","Chill+1","Coolheaded","Compile Driver","Fusion+1","Go for the Eyes+1","Compile Driver","Streamline+1","Thinking Ahead","Consume+1","Darkness","Double Energy+1","Glacier","Capacitor","Biased Cognition","Blizzard+1","White Noise","Seek","Ball Lightning","Capacitor","Apotheosis+1","Ball Lightning+1","Redo+1","Leap"],"relics":["Cracked Core","NeowsBlessing","Blood Vial","Anchor","Vajra","WingedGreaves","Pantograph","Omamori","Gambling Chip","Nunchaku","Astrolabe","Red Mask","Regal Pillow","Meat on the Bone","The Courier","Oddly Smooth Stone","Ginger","Sundial","Eternal Feather","Bottled Flame","Potion Belt"],"potions_floor_usage":[10,12,16,20,24,30,42,42,45],"damage_taken":[{"damage":0,"enemies":"Cultist","floor":1,"turns":1},{"damage":0,"enemies":"2 Louse","floor":2,"turns":1},{"damage":0,"enemies":"Gremlin Nob","floor":6,"turns":1},{"damage":18,"enemies":"3 Sentries","floor":8,"turns":7},{"damage":24,"enemies":"Gremlin Nob","floor":10,"turns":4},{"damage":1,"enemies":"3 Sentries","floor":12,"turns":6},{"damage":1,"enemies":"Lagavulin","floor":14,"turns":5},{"damage":33,"enemies":"Slime Boss","floor":16,"turns":9},{"damage":0,"enemies":"Chosen","floor":18,"turns":3},{"damage":0,"enemies":"Masked Bandits","floor":20,"turns":3},{"damage":0,"enemies":"Spheric Guardian","floor":21,"turns":3},{"damage":0,"enemies":"3 Cultists","floor":22,"turns":4},{"damage":8,"enemies":"Book of Stabbing","floor":24,"turns":5},{"damage":39,"enemies":"Gremlin Leader","floor":27,"turns":7},{"damage":0,"enemies":"Snecko","floor":28,"turns":2},{"damage":8,"enemies":"Book of Stabbing","floor":29,"turns":5},{"damage":0,"enemies":"Colosseum Slavers","floor":30,"turns":4},{"damage":16,"enemies":"Colosseum Nobs","floor":30,"turns":4},{"damage":2,"enemies":"Centurion and Healer","floor":31,"turns":6},{"damage":4,"enemies":"Automaton","floor":33,"turns":11},{"damage":34,"enemies":"3 Shapes","floor":35,"turns":4},{"damage":4,"enemies":"3 Darklings","floor":36,"turns":5},{"damage":23,"enemies":"Writhing Mass","floor":38,"turns":7},{"damage":1,"enemies":"Nemesis","floor":40,"turns":7},{"damage":0,"enemies":"4 Shapes","floor":41,"turns":5},{"damage":38,"enemies":"Reptomancer","floor":42,"turns":5},{"damage":58,"enemies":"Spire Growth","floor":45,"turns":3}],"seed_played":"-7338976890786949315","potions_obtained":[{"floor":6,"key":"Weak Potion"},{"floor":8,"key":"SpeedPotion"},{"floor":14,"key":"Block Potion"},{"floor":18,"key":"AttackPotion"},{"floor":20,"key":"LiquidBronze"},{"floor":22,"key":"SteroidPotion"},{"floor":29,"key":"SneckoOil"},{"floor":35,"key":"AttackPotion"},{"floor":40,"key":"Strength Potion"}],"is_trial":false,"path_per_floor":["M","M","T","$","$","E","R","E","T","E","?","E","R","E","R","B",null,"M","?","?","M","M","R","E","$","T","E","M","E","?","M","R","B",null,"M","M","$","M","$","E","M","E","T","R","M"],"character_chosen":"DEFECT","items_purchased":["Anchor","Thinking Ahead","Seek","Ball Lightning","Capacitor","Apotheosis"],"campfire_rested":0,"item_purchase_floors":[4,25,37,37,37,39],"current_hp_per_floor":[68,68,68,68,68,70,70,54,54,32,32,33,33,34,34,28,63,65,65,67,69,71,71,65,65,65,40,42,48,48,48,48,71,74,41,39,39,30,30,43,45,21,21,42,0],"gold":97,"neow_bonus":"THREE_ENEMY_KILL","is_prod":false,"is_daily":false,"chose_seed":false,"campfire_upgraded":6,"win_rate":0,"timestamp":1551247733,"path_taken":["M","M","?","?","$","E","R","E","T","E","?","E","R","E","R","BOSS","M","?","?","M","M","R","E","$","T","E","M","E","?","M","R","BOSS","M","M","$","M","$","E","M","E","T","R","M"],"build_version":"2019-01-23","purchased_purges":2,"victory":false,"max_hp_per_floor":[75,75,75,75,75,75,75,75,75,75,75,75,75,75,75,75,75,75,75,75,75,75,75,75,75,75,75,75,75,75,75,75,75,75,75,75,75,75,75,75,75,75,75,75,75],"card_choices":[{"not_picked":["Sweeping Beam","Steam"],"picked":"Ball Lightning","floor":1},{"not_picked":["Stack","Gash"],"picked":"Conserve Battery","floor":2},{"not_picked":["Hologram","Streamline"],"picked":"Reboot","floor":6},{"not_picked":["Sweeping Beam","Multi-Cast"],"picked":"Leap","floor":8},{"not_picked":["Conserve Battery","Self Repair"],"picked":"Cold Snap","floor":10},{"not_picked":["Sweeping Beam","Self Repair"],"picked":"Cold Snap","floor":12},{"not_picked":["Leap","Redo"],"picked":"Hologram","floor":14},{"not_picked":["Amplify","Core Surge"],"picked":"Biased Cognition","floor":16},{"not_picked":["Aggregate","Streamline"],"picked":"Coolheaded","floor":18},{"not_picked":["Recycle","Coolheaded"],"picked":"Go for the Eyes+1","floor":20},{"not_picked":["Stack+1","Hello World","Hologram"],"picked":"SKIP","floor":21},{"not_picked":["Leap","Steam"],"picked":"Compile Driver","floor":22},{"not_picked":["Tempest","Double Energy"],"picked":"Streamline+1","floor":24},{"not_picked":["Ball Lightning+1","Reboot"],"picked":"Consume+1","floor":27},{"not_picked":["Heatsinks","Streamline"],"picked":"Darkness","floor":28},{"not_picked":["Tempest","Undo"],"picked":"Double Energy","floor":29},{"not_picked":["Go for the Eyes","Sweeping Beam"],"picked":"Glacier","floor":30},{"not_picked":["Redo","Steam"],"picked":"Capacitor","floor":31},{"not_picked":["Amplify","Reboot"],"picked":"Biased Cognition","floor":33},{"not_picked":["Rebound","Barrage+1"],"picked":"Blizzard+1","floor":35},{"not_picked":["Compile Driver+1","Leap+1"],"picked":"White Noise","floor":36},{"not_picked":["Fusion","Compile Driver+1","Barrage"],"picked":"SKIP","floor":38},{"not_picked":["Amplify","Steam+1"],"picked":"Ball Lightning+1","floor":40},{"not_picked":["Turbo","Heatsinks+1"],"picked":"Redo+1","floor":41},{"not_picked":["Ball Lightning+1","Storm+1"],"picked":"Leap","floor":42}],"player_experience":436082,"relics_obtained":[{"floor":3,"key":"Blood Vial"},{"floor":6,"key":"Vajra"},{"floor":8,"key":"WingedGreaves"},{"floor":9,"key":"Pantograph"},{"floor":10,"key":"Omamori"},{"floor":12,"key":"Gambling Chip"},{"floor":14,"key":"Nunchaku"},{"floor":20,"key":"Red Mask"},{"floor":24,"key":"Regal Pillow"},{"floor":26,"key":"Meat on the Bone"},{"floor":27,"key":"The Courier"},{"floor":29,"key":"Oddly Smooth Stone"},{"floor":30,"key":"Ginger"},{"floor":30,"key":"Sundial"},{"floor":40,"key":"Bottled Flame"},{"floor":42,"key":"Potion Belt"}],"event_choices":[{"damage_healed":0,"gold_gain":0,"cards_transformed":["Strike_B"],"player_choice":"Change","damage_taken":0,"max_hp_gain":0,"max_hp_loss":0,"event_name":"Living Wall","floor":11,"gold_loss":0,"cards_obtained":["Reinforced Body"]},{"damage_healed":0,"gold_gain":0,"cards_transformed":["Defend_B","Defend_B"],"player_choice":"Became Test Subject","damage_taken":0,"max_hp_gain":0,"max_hp_loss":0,"event_name":"Drug Dealer","floor":19,"gold_loss":0,"cards_obtained":["Compile Driver","Fusion"]},{"damage_healed":0,"gold_gain":0,"player_choice":"Fought Bandits","damage_taken":0,"max_hp_gain":0,"max_hp_loss":0,"event_name":"Masked Bandits","floor":20,"gold_loss":0},{"damage_healed":0,"gold_gain":0,"player_choice":"Fight","damage_taken":0,"max_hp_gain":0,"max_hp_loss":0,"event_name":"Colosseum","floor":30,"gold_loss":0},{"damage_healed":0,"gold_gain":0,"player_choice":"Fought Nobs","damage_taken":0,"max_hp_gain":0,"max_hp_loss":0,"event_name":"Colosseum","floor":30,"gold_loss":0}],"is_beta":false,"boss_relics":[{"not_picked":["Sozu","Tiny House"],"picked":"Astrolabe"},{"not_picked":["Coffee Dripper","Calling Bell"],"picked":"Eternal Feather"}],"items_purged_floors":[37,39],"is_endless":false,"potions_floor_spawned":[6,8,14,18,20,22,29,30,35,40],"killed_by":"Spire Growth","ascension_level":7}