{"gold_per_floor":[113,18,30,30,46,46,72,72,72,136,162,196,196,95,95,172,172,192,207,239,239,239,239,265,265],"floor_reached":25,"playtime":1245,"items_purged":[],"score":480,"play_id":"71ee0a76-3040-4873-a692-116a0e7fc244","local_time":"20190225220006","is_ascension_mode":true,"campfire_choices":[{"data":"Carnage","floor":6,"key":"SMITH"},{"data":"Combust","floor":8,"key":"SMITH"},{"data":"Bash","floor":13,"key":"SMITH"},{"data":"Armaments","floor":15,"key":"SMITH"},{"data":"Whirlwind","floor":23,"key":"SMITH"}],"neow_cost":"CURSE","seed_source_timestamp":21342394898574,"circlet_count":0,"master_deck":["AscendersBane","Strike_R","Strike_R","Strike_R","Strike_R","Defend_R","Defend_R","Defend_R","Defend_R","Bash+1","Clumsy","Limit Break","Carnage+1","Ghostly Armor","Thunderclap","Combust+1","Headbutt","Whirlwind+1","Shockwave","Double Tap","Inflame","Armaments+1","Offering","Flame Barrier"],"relics":["Burning Blood","Bottled Lightning","PreservedInsect","Tiny Chest","Odd Mushroom","Pantograph","Snecko Eye","Red Mask","Blood Vial"],"potions_floor_usage":[5,7,7,19,25],"damage_taken":[{"damage":7,"enemies":"Jaw Worm","floor":1,"turns":3},{"damage":2,"enemies":"2 Louse","floor":3,"turns":3},{"damage":0,"enemies":"Cultist","floor":5,"turns":3},{"damage":11,"enemies":"Gremlin Nob","floor":7,"turns":3},{"damage":3,"enemies":"Lagavulin","floor":10,"turns":4},{"damage":21,"enemies":"The Mushroom Lair","floor":11,"turns":5},{"damage":17,"enemies":"3 Sentries","floor":12,"turns":5},{"damage":65,"enemies":"Hexaghost","floor":16,"turns":9},{"damage":29,"enemies":"2 Thieves","floor":18,"turns":3},{"damage":8,"enemies":"Spheric Guardian","floor":19,"turns":4},{"damage":0,"enemies":"Masked Bandits","floor":20,"turns":2},{"damage":38,"enemies":"Colosseum Slavers","floor":21,"turns":6},{"damage":16,"enemies":"Cultist and Chosen","floor":25,"turns":3}],"seed_played":"7623756122872332192","potions_obtained":[{"floor":3,"key":"BloodPotion"},{"floor":5,"key":"Explosive Potion"},{"floor":10,"key":"Fire Potion"},{"floor":20,"key":"Energy Potion"}],"is_trial":false,"path_per_floor":["M","$","M","?","M","R","E","R","T","E","?","E","R","$","R","B",null,"M","M","?","?","$","R","T","M"],"character_chosen":"IRONCLAD","items_purchased":["Ghostly Armor","Poison Potion","Inflame","Armaments"],"campfire_rested":0,"item_purchase_floors":[2,2,14,14],"current_hp_per_floor":[67,67,71,64,75,75,70,70,70,73,58,47,47,47,47,13,60,37,35,41,9,9,9,9,0],"gold":265,"neow_bonus":"THREE_RARE_CARDS","is_prod":false,"is_daily":false,"chose_seed":false,"campfire_upgraded":5,"win_rate":0,"timestamp":1551085206,"path_taken":["M","$","M","?","M","R","E","R","T","E","?","E","R","$","R","BOSS","M","M","?","?","$","R","?","?"],"build_version":"2019-01-23","purchased_purges":0,"victory":false,"max_hp_per_floor":[75,75,75,75,75,75,75,75,75,75,75,75,75,75,75,75,75,75,75,75,75,75,75,75,75],"card_choices":[{"not_picked":["Dark Embrace","Impervious"],"picked":"Limit Break","floor":0},{"not_picked":["Clothesline","Iron Wave"],"picked":"Carnage","floor":1},{"not_picked":["Seeing Red","Warcry"],"picked":"Thunderclap","floor":3},{"not_picked":["Perfected Strike","Cleave"],"picked":"Combust","floor":5},{"not_picked":["Anger","Rage"],"picked":"Headbutt","floor":7},{"not_picked":["Ghostly Armor","Cleave"],"picked":"Whirlwind","floor":10},{"not_picked":["Feel No Pain","Clothesline"],"picked":"Shockwave","floor":11},{"not_picked":["Armaments","Corruption"],"picked":"Double Tap","floor":12},{"not_picked":["Feed","Exhume"],"picked":"Offering","floor":16},{"not_picked":["Sever Soul","Thunderclap+1","Cleave+1"],"picked":"SKIP","floor":18},{"not_picked":["Headbutt","Sword Boomerang","Thunderclap+1"],"picked":"SKIP","floor":19},{"not_picked":["Heavy Blade","Sword Boomerang"],"picked":"Flame Barrier","floor":20}],"player_experience":457957,"relics_obtained":[{"floor":7,"key":"Bottled Lightning"},{"floor":9,"key":"PreservedInsect"},{"floor":10,"key":"Tiny Chest"},{"floor":11,"key":"Odd Mushroom"},{"floor":12,"key":"Pantograph"},{"floor":20,"key":"Red Mask"},{"floor":24,"key":"Blood Vial"}],"event_choices":[{"cards_removed":["Strike_R"],"damage_healed":0,"gold_gain":0,"player_choice":"Card Removal","damage_taken":7,"max_hp_gain":0,"max_hp_loss":0,"event_name":"Golden Wing","floor":4,"gold_loss":0},{"damage_healed":0,"gold_gain":0,"player_choice":"Fought Mushrooms","damage_taken":0,"max_hp_gain":0,"max_hp_loss":0,"event_name":"Mushrooms","floor":11,"gold_loss":0},{"damage_healed":0,"gold_gain":0,"player_choice":"Fought Bandits","damage_taken":0,"max_hp_gain":0,"max_hp_loss":0,"event_name":"Masked Bandits","floor":20,"gold_loss":0},{"damage_healed":0,"gold_gain":0,"player_choice":"Fight","damage_taken":0,"max_hp_gain":0,"max_hp_loss":0,"event_name":"Colosseum","floor":21,"gold_loss":0},{"damage_healed":0,"gold_gain":0,"player_choice":"Fled From Nobs","damage_taken":0,"max_hp_gain":0,"max_hp_loss":0,"event_name":"Colosseum","floor":21,"gold_loss":0}],"is_beta":false,"boss_relics":[{"not_picked":["Empty Cage","Mark of Pain"],"picked":"Snecko Eye"}],"items_purged_floors":[],"is_endless":false,"potions_floor_spawned":[3,5,10,20],"killed_by":"Cultist and Chosen","ascension_level":20}