{"gold_per_floor":[109,122,170,120,131,159,159,186,212,212,229,246,121,132,132,236,236,255,255,275,290,305,305,404,417,417,448,448,723,750,22,22,22],"floor_reached":33,"playtime":1278,"items_purged":["Strike_R","Regret"],"score":436,"play_id":"55d7cc9e-4cbd-4ddd-8cf0-9f48b32fb348","local_time":"20181004143328","is_ascension_mode":true,"campfire_choices":[{"data":"Shrug It Off","floor":7,"key":"SMITH"},{"data":"Flex","floor":10,"key":"SMITH"},{"data":"Inflame","floor":15,"key":"SMITH"},{"floor":23,"key":"REST"},{"data":"Barricade","floor":28,"key":"SMITH"},{"floor":32,"key":"REST"}],"neow_cost":"NONE","seed_source_timestamp":947489315996844,"circlet_count":0,"master_deck":["Strike_R","Strike_R","Strike_R","Strike_R","Defend_R","Defend_R","Defend_R","Bash","Feed","Flex+1","Flex","Shrug It Off+1","Immolate+1","Sword Boomerang+1","Warcry","Inflame+1","Ghostly Armor+1","Twin Strike+1","Battle Trance","Heavy Blade+1","Barricade+1","Feed+1","Master of Strategy","Rage"],"relics":["Burning Blood","Oddly Smooth Stone","Singing Bowl","Molten Egg 2","Blood Vial","Lizard Tail","Pantograph","Boot","Dream Catcher","Strange Spoon"],"potions_floor_usage":[8,16,22,27,30,30],"damage_taken":[{"damage":0,"enemies":"Cultist","floor":1,"turns":2},{"damage":0,"enemies":"Small Slimes","floor":2,"turns":4},{"damage":2,"enemies":"2 Louse","floor":5,"turns":4},{"damage":36,"enemies":"Gremlin Nob","floor":6,"turns":4},{"damage":30,"enemies":"3 Sentries","floor":8,"turns":10},{"damage":0,"enemies":"Exordium Wildlife","floor":11,"turns":1},{"damage":14,"enemies":"Exordium Thugs","floor":12,"turns":3},{"damage":0,"enemies":"Large Slime","floor":14,"turns":5},{"damage":51,"enemies":"The Guardian","floor":16,"turns":10},{"damage":20,"enemies":"2 Thieves","floor":18,"turns":3},{"damage":23,"enemies":"Shell Parasite","floor":20,"turns":4},{"damage":35,"enemies":"Cultist and Chosen","floor":21,"turns":6},{"damage":2,"enemies":"Centurion and Healer","floor":22,"turns":7},{"damage":0,"enemies":"3 Cultists","floor":25,"turns":3},{"damage":52,"enemies":"Book of Stabbing","floor":27,"turns":6},{"damage":50,"enemies":"Slavers","floor":30,"turns":5},{"damage":171,"enemies":"Champ","floor":33,"turns":16}],"seed_played":"-6130891101318909532","potions_obtained":[{"floor":2,"key":"Ancient Potion"},{"floor":6,"key":"BloodPotion"},{"floor":14,"key":"Weak Potion"},{"floor":16,"key":"GamblersBrew"},{"floor":18,"key":"Energy Potion"},{"floor":21,"key":"Block Potion"},{"floor":27,"key":"SpeedPotion"}],"is_trial":false,"path_per_floor":["M","M","T","?","M","E","R","E","T","R","M","M","$","M","R","B",null,"M","?","M","M","M","R","?","M","T","E","R","?","E","$","R"],"character_chosen":"IRONCLAD","items_purchased":["Warcry","Feed+1","Strange Spoon","Master of Strategy","Rage"],"campfire_rested":2,"item_purchase_floors":[13,31,31,31,31],"current_hp_per_floor":[81,86,86,86,89,59,59,43,43,43,51,50,50,61,61,23,82,73,73,61,39,48,82,82,93,93,49,49,49,12,12,51,0],"gold":22,"neow_bonus":"ONE_RANDOM_RARE_CARD","is_prod":false,"is_daily":false,"chose_seed":false,"campfire_upgraded":4,"win_rate":0,"timestamp":1538616808,"path_taken":["M","?","?","?","M","E","R","E","T","R","M","M","$","?","R","BOSS","M","?","M","?","M","R","?","M","T","E","R","?","E","$","R","BOSS"],"build_version":"2018-09-27","purchased_purges":2,"victory":false,"max_hp_per_floor":[83,86,86,86,89,89,89,89,89,89,89,94,94,97,97,102,102,105,105,108,113,116,116,116,119,119,119,119,119,124,124,126,126],"card_choices":[{"not_picked":["Pommel Strike","Clothesline"],"picked":"Flex","floor":1},{"not_picked":["Sever Soul","Clash","Havoc"],"picked":"SKIP","floor":2},{"not_picked":["Disarm","Headbutt"],"picked":"Flex","floor":5},{"not_picked":["Flex","Seeing Red"],"picked":"Shrug It Off","floor":6},{"not_picked":["Hemokinesis","Infernal Blade"],"picked":"Immolate","floor":8},{"not_picked":["Havoc","Warcry"],"picked":"Sword Boomerang+1","floor":11},{"not_picked":["True Grit","Rampage+1","Cleave+1"],"picked":"Singing Bowl","floor":12},{"not_picked":["Carnage+1","Sword Boomerang+1"],"picked":"Inflame","floor":14},{"not_picked":["Impervious","Berserk","Reaper+1"],"picked":"Singing Bowl","floor":16},{"not_picked":["Searing Blow+1","Twin Strike+1"],"picked":"Ghostly Armor+1","floor":18},{"not_picked":["Body Slam+1","True Grit"],"picked":"Twin Strike+1","floor":20},{"not_picked":["Cleave+1","Headbutt+1","Twin Strike+1"],"picked":"Singing Bowl","floor":21},{"not_picked":["Body Slam+1","Anger+1"],"picked":"Battle Trance","floor":22},{"not_picked":["Corruption","Twin Strike+1"],"picked":"Heavy Blade+1","floor":25},{"not_picked":["Corruption","Hemokinesis+1"],"picked":"Barricade","floor":27},{"not_picked":["Rupture","Cleave+1","True Grit"],"picked":"Singing Bowl","floor":30},{"not_picked":["Burning Pact","Carnage+1","Fire Breathing+1"],"picked":"Singing Bowl","floor":32}],"player_experience":350184,"relics_obtained":[{"floor":3,"key":"Oddly Smooth Stone"},{"floor":6,"key":"Singing Bowl"},{"floor":8,"key":"Molten Egg 2"},{"floor":9,"key":"Blood Vial"},{"floor":26,"key":"Pantograph"},{"floor":27,"key":"Boot"},{"floor":30,"key":"Dream Catcher"}],"event_choices":[{"event_name":"The Cleric","player_choice":"Card Removal","floor":4,"damage_taken":0},{"event_name":"N\u0027loth","player_choice":"Ignored","floor":19,"damage_taken":0},{"event_name":"Nest","player_choice":"Stole From Cult","floor":24,"damage_taken":0},{"event_name":"Golden Shrine","player_choice":"Desecrate","floor":29,"damage_taken":0}],"is_beta":false,"boss_relics":[{"not_picked":["White Beast Statue","Eternal Feather"],"picked":"Lizard Tail"}],"items_purged_floors":[13,31],"is_endless":false,"potions_floor_spawned":[2,6,14,16,18,20,21,27],"killed_by":"Champ","ascension_level":6}