{"gold_per_floor":[110,122,142,158,174,174,9,9,309,323,323,355,376,386,386,491,491,505,420,439,11,11,37,37,52,52,69,87,120,120,45,45,148,148,168,46,46,56,69,95,108,108,108,118,45,45,71,91,91,91],"floor_reached":50,"playtime":8748,"items_purged":["Strike_B"],"score":671,"play_id":"5e2405e3-4d99-4b9c-a553-5fdec3655d3e","local_time":"20180723193247","is_ascension_mode":false,"campfire_choices":[{"data":"Stack","floor":6.0,"key":"SMITH"},{"data":"Madness","floor":8.0,"key":"SMITH"},{"floor":15.0,"key":"REST"},{"data":"Hello World","floor":24.0,"key":"SMITH"},{"floor":30.0,"key":"REST"},{"data":"Jack Of All Trades","floor":32.0,"key":"SMITH"},{"floor":42,"key":"REST"},{"floor":46,"key":"REST"},{"data":"Hologram","floor":49,"key":"SMITH"}],"neow_cost":"","seed_source_timestamp":0,"circlet_count":0,"master_deck":["Strike_B","Strike_B+1","Strike_B","Defend_B","Defend_B+1","Defend_B","Defend_B","Zap","Dualcast+1","Beam Cell","Stack+1","Conserve Battery","Hologram+1","Sweeping Beam","FTL","Madness+1","Hello World+1","Skim","Capacitor+1","Ball Lightning","Creative AI+1","Parasite","Parasite","Defragment+1","Coolheaded+1","Cold Snap","Hologram","Jack Of All Trades+1","Ghostly","Ghostly","Ghostly","Ghostly","Ghostly","Conserve Battery","Chill","Go for the Eyes","Reinforced Body","Machine Learning+1","Biased Cognition+1","Reprogram","Blizzard+1","Defragment+1","Conserve Battery","Stack+1","Rebound"],"special_seed":0,"relics":["Cracked Core","Old Coin","Frozen Egg 2","Odd Mushroom","Calling Bell","Ancient Tea Set","Gremlin Horn","Mango","Du-Vu Doll","Letter Opener","Smiling Mask","Bottled Tornado","Centennial Puzzle","Inserter","Lantern","Singing Bowl","Whetstone"],"potions_floor_usage":[47,50,50,50],"damage_taken":[{"damage":7.0,"enemies":"2 Louse","floor":1.0,"turns":3.0},{"damage":0.0,"enemies":"Small Slimes","floor":2.0,"turns":2.0},{"damage":1.0,"enemies":"Cultist","floor":3.0,"turns":3.0},{"damage":0.0,"enemies":"3 Louse","floor":4.0,"turns":3.0},{"damage":2.0,"enemies":"Blue Slaver","floor":5.0,"turns":3.0},{"damage":13.0,"enemies":"Red Slaver","floor":10.0,"turns":5.0},{"damage":0.0,"enemies":"3 Sentries","floor":12.0,"turns":5.0},{"damage":6.0,"floor":13.0,"turns":3.0},{"damage":7.0,"enemies":"2 Fungi Beasts","floor":14.0,"turns":2.0},{"damage":25.0,"enemies":"Hexaghost","floor":16.0,"turns":10.0},{"damage":28.0,"enemies":"Chosen","floor":18.0,"turns":5.0},{"damage":24.0,"enemies":"2 Thieves","floor":20.0,"turns":4.0},{"damage":5.0,"enemies":"Book of Stabbing","floor":23.0,"turns":8.0},{"damage":2.0,"enemies":"Centurion and Healer","floor":25.0,"turns":9.0},{"damage":2.0,"enemies":"3 Cultists","floor":27.0,"turns":5.0},{"damage":0.0,"enemies":"Sentry and Sphere","floor":28.0,"turns":6.0},{"damage":3.0,"enemies":"Gremlin Leader","floor":29.0,"turns":9.0},{"damage":10.0,"enemies":"Automaton","floor":33.0,"turns":14.0},{"damage":34.0,"enemies":"Flame Bruiser 1 Orb","floor":35.0,"turns":7.0},{"damage":2.0,"enemies":"3 Darklings","floor":38.0,"turns":4.0},{"damage":0.0,"enemies":"Maw","floor":39.0,"turns":10.0},{"damage":6.0,"enemies":"Nemesis","floor":40.0,"turns":9.0},{"damage":16,"enemies":"Spire Growth","floor":41,"turns":6},{"damage":5,"enemies":"Transient","floor":44,"turns":5},{"damage":0,"enemies":"Giant Head","floor":47,"turns":8},{"damage":0,"enemies":"Flame Bruiser 2 Orb","floor":48,"turns":8},{"damage":59,"enemies":"Donu and Deca","floor":50,"turns":9}],"seed_played":"1260381640223470780","potions_obtained":[{"floor":2.0,"key":"Strength Potion"},{"floor":10.0,"key":"Ancient Potion"},{"floor":13.0,"key":"FairyPotion"},{"floor":14.0,"key":"Swift Potion"},{"floor":18.0,"key":"Energy Potion"},{"floor":25.0,"key":"GamblersBrew"},{"floor":28.0,"key":"Swift Potion"},{"floor":33.0,"key":"Energy Potion"},{"floor":35.0,"key":"Energy Potion"},{"floor":40,"key":"SpeedPotion"},{"floor":44,"key":"Fruit Juice"},{"floor":48,"key":"SkillPotion"}],"is_trial":false,"path_per_floor":["M","M","M","M","M","R","$","R","T","M","?","E","?","M","R","B",null,"M","?","M","$","?","E","R","M","T","M","M","E","R","?","R","B",null,"M","$","?","M","M","E","M","R","T","M","$","R","E","M","R"],"character_chosen":"DEFECT","items_purchased":["FTL","Madness","Letter Opener","Cold Snap","Hologram","Jack Of All Trades","Blizzard","Regen Potion"],"campfire_rested":4,"item_purchase_floors":[7,7,21,21,21,21,36,45],"current_hp_per_floor":[68,68,67,67,65,65,65,65,65,52,37,37,31,24,46,21,89,61,61,37,37,37,36,36,34,34,32,32,29,42,42,42,32,44,10,10,38,36,36,30,14,25,25,22,22,34,41,43,43,0],"gold":91,"neow_bonus":"","is_prod":false,"is_daily":false,"chose_seed":false,"campfire_upgraded":5,"win_rate":0,"timestamp":1532388767,"path_taken":["M","M","M","M","M","R","$","R","T","M","?","E","?","M","R","BOSS","M","?","?","$","?","E","R","M","T","M","M","E","R","?","R","BOSS","M","$","?","M","M","E","M","R","T","M","$","R","E","M","R","BOSS"],"build_version":"2018-07-19v2","purchased_purges":1,"victory":false,"max_hp_per_floor":[75,75,75,75,75,75,75,75,75,75,75,75,75,75,75,75,89,89,89,89,89,44,44,44,44,44,44,44,44,44,44,44,44,44,44,44,38,38,38,38,38,38,38,40,40,40,47,49,49,49],"card_choices":[{"not_picked":["Redo","Leap"],"picked":"Beam Cell","floor":1.0},{"not_picked":["Scrape","Conserve Battery"],"picked":"Stack","floor":2.0},{"not_picked":["Tempest","Leap"],"picked":"Conserve Battery","floor":3.0},{"not_picked":["Capacitor","Skim"],"picked":"Hologram","floor":4.0},{"not_picked":["Beam Cell","Loop"],"picked":"Sweeping Beam","floor":5.0},{"not_picked":["Leap","Rainbow"],"picked":"Hello World","floor":10.0},{"not_picked":["FTL","Cold Snap"],"picked":"Skim","floor":12.0},{"not_picked":["Barrage","Cold Snap"],"picked":"Capacitor+1","floor":13.0},{"not_picked":["Coolheaded","Genetic Algorithm"],"picked":"Ball Lightning","floor":14.0},{"not_picked":["Multi-Cast","Fission"],"picked":"Creative AI+1","floor":16.0},{"not_picked":["Tempest+1","Consume"],"picked":"Defragment+1","floor":18.0},{"not_picked":["Blizzard","Hologram"],"picked":"Coolheaded+1","floor":20.0},{"not_picked":["Beam Cell","Barrage"],"picked":"Conserve Battery","floor":23.0},{"not_picked":["Static Discharge+1","Barrage"],"picked":"Chill","floor":25.0},{"not_picked":["Heatsinks+1","Melter+1"],"picked":"Go for the Eyes","floor":27.0},{"not_picked":["Ball Lightning","Creative AI+1"],"picked":"Reinforced Body","floor":28.0},{"not_picked":["Cold Snap+1","Rebound+1"],"picked":"Machine Learning+1","floor":29.0},{"not_picked":["Echo Form+1","Amplify"],"picked":"Biased Cognition+1","floor":33.0},{"not_picked":["Coolheaded+1","Stack+1"],"picked":"Reprogram","floor":35.0},{"not_picked":["Go for the Eyes+1","Double Energy"],"picked":"Defragment+1","floor":38.0},{"not_picked":["Tempest","Amplify"],"picked":"Conserve Battery","floor":39.0},{"not_picked":["Barrage","BootSequence"],"picked":"Stack+1","floor":40},{"not_picked":["Double Energy","Hello World+1"],"picked":"Rebound","floor":41},{"not_picked":["Cold Snap","Blizzard","Rebound"],"picked":"Singing Bowl","floor":44},{"not_picked":["Hologram","Hello World+1","Compile Driver+1"],"picked":"Singing Bowl","floor":47},{"not_picked":["Leap+1","Force Field","Barrage"],"picked":"Singing Bowl","floor":48}],"player_experience":239618,"relics_obtained":[{"floor":9.0,"key":"Old Coin"},{"floor":12.0,"key":"Frozen Egg 2"},{"floor":13.0,"key":"Odd Mushroom"},{"floor":17.0,"key":"Ancient Tea Set"},{"floor":17.0,"key":"Gremlin Horn"},{"floor":17.0,"key":"Mango"},{"floor":23.0,"key":"Smiling Mask"},{"floor":26.0,"key":"Bottled Tornado"},{"floor":29.0,"key":"Centennial Puzzle"},{"floor":40,"key":"Lantern"},{"floor":43,"key":"Singing Bowl"},{"floor":47,"key":"Whetstone"}],"event_choices":[{"event_name":"Shining Light","player_choice":"Entered Light","floor":11.0,"damage_taken":0.0},{"event_name":"Mushrooms","player_choice":"Fought Mushrooms","floor":13.0,"damage_taken":0.0},{"event_name":"Addict","player_choice":"Obtained Relic","floor":19.0,"damage_taken":0.0},{"event_name":"Ghosts","player_choice":"Became a Ghost","floor":22.0,"damage_taken":0.0},{"event_name":"Beggar","player_choice":"Gave Gold","floor":31.0,"damage_taken":0.0},{"event_name":"The Moai Head","player_choice":"Heal","floor":37.0,"damage_taken":0.0}],"is_beta":false,"boss_relics":[{"not_picked":["FrozenCore","Pandora\u0027s Box"],"picked":"Calling Bell"},{"not_picked":["Runic Dome","Busted Crown"],"picked":"Inserter"}],"items_purged_floors":[36],"is_endless":false,"potions_floor_spawned":[2,10,13,14,18,25,28,33,35,40,44,48],"killed_by":"Donu and Deca","ascension_level":0}