{"path_per_floor":["M","?","M","M","M","E","R","M","T","R","M","R","?","$","R","B",null,"M","M","?"],"character_chosen":"IRONCLAD","items_purchased":["Mercury Hourglass","Flame Barrier"],"gold_per_floor":[111,111,124,136,151,182,182,182,182,182,192,192,367,30,30,128,128,141,152,152,152],"floor_reached":21,"campfire_rested":2,"playtime":1946,"item_purchase_floors":[14,14],"current_hp_per_floor":[80,80,73,74,70,7,31,37,37,61,60,60,60,60,60,28,80,73,54,39,0],"items_purged":[],"gold":152,"score":181,"play_id":"4c23eace-1d31-41b9-a7eb-7e9979815854","local_time":"20180620144524","is_prod":false,"is_daily":false,"chose_seed":false,"is_ascension_mode":false,"campfire_upgraded":2,"win_rate":0.0,"timestamp":1529520324,"campfire_choices":[{"floor":7,"key":"REST"},{"floor":10,"key":"REST"},{"data":"Evolve","floor":12,"key":"SMITH"},{"data":"Flame Barrier","floor":15,"key":"SMITH"}],"path_taken":["M","?","M","M","M","E","R","M","T","R","M","R","?","$","R","BOSS","M","?","?","M"],"build_version":"2018-06-14v2","seed_source_timestamp":0,"purchased_purges":0,"victory":false,"master_deck":["Strike_R","Strike_R","Strike_R","Strike_R","Strike_R","Defend_R","Defend_R","Defend_R","Defend_R","Bash","Fire Breathing+1","Battle Trance","Feel No Pain","Clash","Evolve+1","Doubt","Flame Barrier+1","Rampage","Pommel Strike","Blood for Blood","Blood for Blood","Exhume","Power Through"],"max_hp_per_floor":[80,80,80,80,80,80,80,80,80,80,80,80,80,80,80,80,80,80,80,85,85],"special_seed":0,"relics":["Burning Blood","Pantograph","Bottled Lightning","Mercury Hourglass","Orrery"],"card_choices":[{"not_picked":["Sword Boomerang","Body Slam"],"picked":"Fire Breathing","floor":1},{"not_picked":["Pommel Strike","Armaments"],"picked":"Battle Trance","floor":3},{"not_picked":["Heavy Blade","Armaments"],"picked":"Feel No Pain","floor":4},{"not_picked":["Cleave","Entrench","Double Tap"],"picked":"SKIP","floor":5},{"not_picked":["Wild Strike","Carnage"],"picked":"Clash","floor":6},{"not_picked":["Clash","Sword Boomerang"],"picked":"Evolve","floor":11},{"not_picked":["Havoc","Thunderclap"],"picked":"Rampage","floor":17},{"not_picked":["Heavy Blade","Clash"],"picked":"Pommel Strike","floor":17},{"not_picked":["Carnage","Cleave"],"picked":"Blood for Blood","floor":17},{"not_picked":["Perfected Strike","Iron Wave"],"picked":"Blood for Blood","floor":17},{"not_picked":["Blood for Blood+1","Sentinel"],"picked":"Exhume","floor":18},{"not_picked":["Perfected Strike","Rupture+1"],"picked":"Power Through","floor":19}],"player_experience":51352,"potions_floor_usage":[5,8,16,16,18],"damage_taken":[{"damage":2,"enemies":"2 Louse","floor":1,"turns":3},{"damage":13,"enemies":"Jaw Worm","floor":3,"turns":3},{"damage":5,"enemies":"Small Slimes","floor":4,"turns":4},{"damage":10,"enemies":"Looter","floor":5,"turns":3},{"damage":69,"enemies":"Lagavulin","floor":6,"turns":10},{"damage":0,"enemies":"Gremlin Gang","floor":8,"turns":1},{"damage":7,"enemies":"Large Slime","floor":11,"turns":8},{"damage":58,"enemies":"Slime Boss","floor":16,"turns":13},{"damage":13,"enemies":"Spheric Guardian","floor":18,"turns":5},{"damage":25,"enemies":"2 Thieves","floor":19,"turns":4},{"damage":39,"enemies":"Snake Plant","floor":21,"turns":3}],"relics_obtained":[{"floor":6,"key":"Pantograph"},{"floor":9,"key":"Bottled Lightning"}],"event_choices":[{"event_name":"Living Wall","player_choice":"Grow","floor":2,"damage_taken":0},{"event_name":"Liars Game","player_choice":"agreed","floor":13,"damage_taken":0},{"event_name":"Forgotten Altar","player_choice":"Shed Blood","floor":20,"damage_taken":0}],"boss_relics":[{"not_picked":["Runic Pyramid","Philosopher\u0027s Stone"],"picked":"Orrery"}],"items_purged_floors":[],"is_endless":false,"potions_floor_spawned":[3,4,6,8,11,16],"seed_played":"8607336837327852353","killed_by":"Snake Plant","ascension_level":0,"potions_obtained":[{"floor":3,"key":"SmokeBomb"},{"floor":4,"key":"AttackPotion"},{"floor":6,"key":"Weak Potion"},{"floor":11,"key":"Ancient Potion"},{"floor":16,"key":"Explosive Potion"}],"is_trial":false}