{"gold_per_floor":[119,119,119,44,9,9,27,27,53,53,66,91,91,132,132,132],"floor_reached":16,"playtime":763,"items_purged":["Regret"],"score":157,"play_id":"02bec5b8-60e1-471d-aeb8-4821cbac33be","local_time":"20190202162229","is_ascension_mode":true,"campfire_choices":[{"data":"Neutralize","floor":6,"key":"SMITH"},{"data":"Leg Sweep","floor":8,"key":"SMITH"},{"data":"Survivor","floor":10,"key":"SMITH"},{"data":"Noxious Fumes","floor":15,"key":"SMITH"}],"neow_cost":"CURSE","seed_source_timestamp":15956049027256,"circlet_count":0,"master_deck":["AscendersBane","Defend_G","Defend_G","Defend_G","Defend_G","Defend_G+1","Strike_G","Strike_G","Strike_G","Strike_G","Strike_G+1","Survivor+1","Neutralize+1","Flying Knee","Leg Sweep+1","Noxious Fumes+1","Backflip"],"relics":["Ring of the Snake","Dead Branch","Golden Idol","Dream Catcher","Blue Candle"],"potions_floor_usage":[],"damage_taken":[{"damage":10,"enemies":"2 Louse","floor":1,"turns":4},{"damage":0,"enemies":"Small Slimes","floor":7,"turns":5},{"damage":0,"enemies":"Cultist","floor":11,"turns":5},{"damage":8,"enemies":"Looter","floor":12,"turns":4},{"damage":12,"enemies":"Lagavulin","floor":14,"turns":6},{"damage":27,"enemies":"The Guardian","floor":16,"turns":2}],"seed_played":"-5145538791029341966","potions_obtained":[{"floor":7,"key":"Dexterity Potion"},{"floor":14,"key":"Dexterity Potion"}],"is_trial":false,"path_per_floor":["M","?","?","$","?","R","M","R","T","R","M","M","?","E","R","B"],"character_chosen":"THE_SILENT","items_purchased":[],"campfire_rested":0,"item_purchase_floors":[],"current_hp_per_floor":[53,36,41,41,59,59,59,59,59,59,59,51,36,24,24,0],"gold":132,"neow_bonus":"ONE_RARE_RELIC","is_prod":false,"is_daily":false,"chose_seed":false,"campfire_upgraded":4,"win_rate":0,"timestamp":1549077749,"path_taken":["M","?","?","$","?","R","M","R","T","R","M","M","?","E","R","BOSS"],"build_version":"2019-01-23","purchased_purges":1,"victory":false,"max_hp_per_floor":[70,70,75,75,75,75,75,75,75,75,75,75,75,75,75,75],"card_choices":[{"not_picked":["Prepared","Finisher"],"picked":"Flying Knee","floor":1},{"not_picked":["Reflex","Outmaneuver"],"picked":"Leg Sweep","floor":7},{"not_picked":["Sucker Punch","Acrobatics","Accuracy"],"picked":"SKIP","floor":11},{"not_picked":["Finisher","Poisoned Stab"],"picked":"Noxious Fumes","floor":12},{"not_picked":["Setup","Escape Plan"],"picked":"Backflip","floor":14}],"player_experience":164232,"relics_obtained":[{"floor":9,"key":"Dream Catcher"},{"floor":14,"key":"Blue Candle"}],"event_choices":[{"damage_healed":0,"gold_gain":0,"player_choice":"Take Damage","damage_taken":17,"relics_obtained":["Golden Idol"],"max_hp_gain":0,"max_hp_loss":0,"event_name":"Golden Idol","floor":2,"gold_loss":0},{"damage_healed":0,"gold_gain":0,"player_choice":"Donut","damage_taken":0,"max_hp_gain":5,"max_hp_loss":0,"event_name":"Big Fish","floor":3,"gold_loss":0},{"damage_healed":18,"gold_gain":0,"player_choice":"Healed","damage_taken":0,"max_hp_gain":0,"max_hp_loss":0,"event_name":"The Cleric","floor":5,"gold_loss":35},{"damage_healed":0,"gold_gain":0,"player_choice":"Entered Light","damage_taken":15,"max_hp_gain":0,"max_hp_loss":0,"event_name":"Shining Light","floor":13,"gold_loss":0,"cards_upgraded":["Defend_G","Strike_G"]}],"is_beta":false,"boss_relics":[],"items_purged_floors":[4],"is_endless":false,"potions_floor_spawned":[7,14],"killed_by":"The Guardian","ascension_level":12}