{"gold_per_floor":[366,386,386,386,406,406,11,11,37,55,98,98,112,135,135,265,265,290,290,41,41,41,41,41,82,82,82,132,132,147,166,166,297,297,318,318,336,336,45,45,78,78,78,78,78,98,139,152,152,152],"floor_reached":51,"playtime":4626,"items_purged":["Strike_B","Strike_B"],"score":1027,"play_id":"4dd06f17-ecf5-4f4b-9854-0bd6f6b70379","local_time":"20190206134823","is_ascension_mode":true,"campfire_choices":[{"data":"Sunder","floor":6.0,"key":"SMITH"},{"data":"Zap","floor":8.0,"key":"SMITH"},{"data":"Doom and Gloom","floor":12.0,"key":"SMITH"},{"data":"Seek","floor":15.0,"key":"SMITH"},{"data":"Dualcast","floor":24.0,"key":"SMITH"},{"data":"Hologram","floor":27.0,"key":"SMITH"},{"data":"Glacier","floor":29.0,"key":"SMITH"},{"floor":32.0,"key":"REST"},{"data":"Defragment","floor":40,"key":"SMITH"},{"data":"Zap","floor":42,"key":"SMITH"},{"data":"Reboot","floor":49,"key":"SMITH"}],"neow_cost":"TEN_PERCENT_HP_LOSS","seed_source_timestamp":0,"circlet_count":0,"master_deck":["Strike_B","Strike_B","Defend_B","Defend_B","Defend_B","Zap+1","Dualcast+1","Sunder+1","Doom and Gloom+1","Seek+1","Genetic Algorithm","Rip and Tear","Steam","Reboot+1","Hologram+1","Glacier+1","FTL","Barrage+1","Cold Snap","Echo Form","Coolheaded+1","Zap+1","Panacea","Defragment+1","Glacier+1"],"special_seed":0,"relics":["FrozenCore","Golden Idol","Art of War","Juzu Bracelet","Pantograph","Vajra","Runic Capacitor","Enchiridion","Meat on the Bone","Bag of Preparation","Dodecahedron","Nuclear Battery","Tiny Chest","Bottled Lightning","Cables","Boot"],"potions_floor_usage":[],"damage_taken":[{"damage":6.0,"enemies":"Jaw Worm","floor":1.0,"turns":4.0},{"damage":0.0,"enemies":"Small Slimes","floor":2.0,"turns":2.0},{"damage":0.0,"enemies":"2 Louse","floor":5.0,"turns":1.0},{"damage":6.0,"enemies":"Exordium Thugs","floor":10.0,"turns":3.0},{"damage":10.0,"enemies":"3 Sentries","floor":11.0,"turns":4.0},{"damage":5.0,"enemies":"Gremlin Gang","floor":13.0,"turns":2.0},{"damage":0.0,"enemies":"3 Louse","floor":14.0,"turns":3.0},{"damage":38.0,"enemies":"Slime Boss","floor":16.0,"turns":6.0},{"damage":3.0,"enemies":"2 Thieves","floor":18.0,"turns":3.0},{"damage":0.0,"enemies":"Gremlin Leader","floor":25.0,"turns":8.0},{"damage":2.0,"enemies":"Shell Parasite","floor":30.0,"turns":6.0},{"damage":0.0,"enemies":"Centurion and Healer","floor":31.0,"turns":5.0},{"damage":30.0,"enemies":"Collector","floor":33.0,"turns":13.0},{"damage":11,"enemies":"3 Darklings","floor":35,"turns":4},{"damage":1,"enemies":"Orb Walker","floor":37,"turns":3},{"damage":16,"enemies":"Reptomancer","floor":41,"turns":5},{"damage":0,"enemies":"Sphere and 2 Shapes","floor":46,"turns":3},{"damage":6,"enemies":"Giant Head","floor":47,"turns":7},{"damage":0,"enemies":"Writhing Mass","floor":48,"turns":5},{"damage":0,"enemies":"Awakened One","floor":50,"turns":13}],"seed_played":"-5026239701980062714","potions_obtained":[{"floor":1.0,"key":"SneckoOil"},{"floor":5.0,"key":"SpeedPotion"},{"floor":14.0,"key":"Swift Potion"},{"floor":16.0,"key":"Block Potion"},{"floor":25.0,"key":"GamblersBrew"},{"floor":31.0,"key":"Explosive Potion"},{"floor":41,"key":"Ancient Potion"},{"floor":46,"key":"SteroidPotion"}],"is_trial":false,"path_per_floor":["M","M","?","?","M","R","$","R","T","M","E","R","M","M","R","B",null,"M","?","$","?","T","?","R","E","T","R","?","R","M","M","R","B",null,"M","?","M","?","$","R","E","R","T","?","?","M","E","M","R","B",null],"character_chosen":"DEFECT","items_purchased":["Art of War","Seek","Runic Capacitor","PowerPotion","Defragment","Tiny Chest"],"campfire_rested":1,"item_purchase_floors":[7,7,20,20,39,39],"current_hp_per_floor":[62,62,62,45,45,45,45,45,45,39,29,29,24,24,24,11,54,51,51,51,35,35,35,35,35,35,35,35,35,45,45,65,38,61,50,50,49,49,49,49,45,45,45,59,59,59,53,53,53,59],"gold":152,"neow_bonus":"TWO_FIFTY_GOLD","is_prod":false,"is_daily":false,"chose_seed":false,"campfire_upgraded":10,"win_rate":1,"timestamp":1549414103,"path_taken":["M","M","?","?","M","R","$","R","T","M","E","R","M","M","R","BOSS","M","?","$","?","?","?","R","E","T","R","?","R","M","M","R","BOSS","M","?","M","?","$","R","E","R","T","?","?","M","E","M","R","BOSS"],"build_version":"2019-01-23","purchased_purges":2,"victory":true,"max_hp_per_floor":[68,68,68,68,68,68,68,68,68,68,68,68,68,68,68,68,68,68,68,68,68,68,68,68,68,68,68,68,68,68,68,68,68,68,68,68,68,68,68,68,68,68,68,59,59,59,59,59,59,59],"card_choices":[{"not_picked":["Blizzard","Turbo"],"picked":"Sunder","floor":1.0},{"not_picked":["Scrape","Stack"],"picked":"Doom and Gloom","floor":2.0},{"not_picked":["Coolheaded","Consume","Turbo"],"picked":"SKIP","floor":5.0},{"not_picked":["Force Field","Steam"],"picked":"Genetic Algorithm","floor":10.0},{"not_picked":["Reinforced Body","Loop"],"picked":"Rip and Tear","floor":11.0},{"not_picked":["Coolheaded","Storm"],"picked":"Steam","floor":13.0},{"not_picked":["Recycle","Redo","Turbo"],"picked":"SKIP","floor":14.0},{"not_picked":["Machine Learning","Thunder Strike"],"picked":"Reboot","floor":16.0},{"not_picked":["Stack+1","Steam"],"picked":"Hologram","floor":18.0},{"not_picked":["Rip and Tear","Hello World+1"],"picked":"FTL","floor":25.0},{"not_picked":["Gash+1","Scrape"],"picked":"Barrage+1","floor":30.0},{"not_picked":["Rebound","Heatsinks"],"picked":"Cold Snap","floor":31.0},{"not_picked":["Fission","Buffer"],"picked":"Echo Form","floor":33.0},{"not_picked":["Self Repair","Barrage+1"],"picked":"Coolheaded+1","floor":35},{"not_picked":["Stack+1","FTL+1","Static Discharge"],"picked":"SKIP","floor":37},{"not_picked":["Hologram","Go for the Eyes","Redo+1"],"picked":"SKIP","floor":41},{"not_picked":["Rebound","Stack","Beam Cell"],"picked":"SKIP","floor":46},{"not_picked":["Redo+1","Chaos+1","Auto Shields+1"],"picked":"SKIP","floor":47},{"not_picked":["Doom and Gloom+1","Go for the Eyes"],"picked":"Glacier+1","floor":48}],"player_experience":182585,"relics_obtained":[{"floor":9.0,"key":"Juzu Bracelet"},{"floor":11.0,"key":"Pantograph"},{"floor":21.0,"key":"Enchiridion"},{"floor":22.0,"key":"Meat on the Bone"},{"floor":25.0,"key":"Bag of Preparation"},{"floor":26.0,"key":"Dodecahedron"},{"floor":41,"key":"Bottled Lightning"},{"floor":43,"key":"Cables"},{"floor":47,"key":"Boot"}],"event_choices":[{"damage_healed":0.0,"max_hp_gain":0.0,"max_hp_loss":0.0,"gold_gain":0.0,"event_name":"Liars Game","player_choice":"Ignored","floor":3.0,"gold_loss":0.0,"damage_taken":0.0},{"damage_healed":0.0,"max_hp_gain":0.0,"max_hp_loss":0.0,"gold_gain":0.0,"event_name":"Golden Idol","player_choice":"Take Damage","floor":4.0,"gold_loss":0.0,"damage_taken":17.0,"relics_obtained":["Golden Idol"]},{"damage_healed":0.0,"max_hp_gain":0.0,"max_hp_loss":0.0,"gold_gain":0.0,"event_name":"The Mausoleum","player_choice":"Opened","floor":19.0,"gold_loss":0.0,"damage_taken":0.0,"relics_obtained":["Vajra"]},{"damage_healed":0.0,"max_hp_gain":0.0,"max_hp_loss":0.0,"gold_gain":0.0,"event_name":"Cursed Tome","player_choice":"Obtained Book","floor":21.0,"gold_loss":0.0,"damage_taken":16.0},{"damage_healed":0.0,"max_hp_gain":0.0,"max_hp_loss":0.0,"gold_gain":0.0,"event_name":"The Library","player_choice":"Read","floor":23.0,"gold_loss":0.0,"damage_taken":0.0,"cards_obtained":["Glacier"]},{"damage_healed":0.0,"max_hp_gain":0.0,"max_hp_loss":0.0,"gold_gain":100.0,"event_name":"The Joust","player_choice":"Bet on Murderer","floor":28.0,"gold_loss":50.0,"damage_taken":0.0},{"damage_healed":0,"gold_gain":0,"player_choice":"2 cards matched","damage_taken":0,"max_hp_gain":0,"max_hp_loss":0,"event_name":"Match and Keep!","floor":36,"gold_loss":0,"cards_obtained":["Zap","Panacea"]},{"damage_healed":0,"gold_gain":0,"player_choice":"Ignored","damage_taken":0,"max_hp_gain":0,"max_hp_loss":0,"event_name":"Tomb of Lord Red Mask","floor":38,"gold_loss":0},{"damage_healed":59,"gold_gain":0,"player_choice":"Heal","damage_taken":0,"max_hp_gain":0,"max_hp_loss":9,"event_name":"The Moai Head","floor":44,"gold_loss":0},{"cards_removed":["Defend_B"],"damage_healed":0,"gold_gain":0,"player_choice":"Removed Skill","damage_taken":0,"max_hp_gain":0,"max_hp_loss":0,"event_name":"Falling","floor":45,"gold_loss":0}],"is_beta":false,"boss_relics":[{"not_picked":["Orrery","Eternal Feather"],"picked":"FrozenCore"},{"not_picked":["Coffee Dripper","Pandora\u0027s Box"],"picked":"Nuclear Battery"}],"items_purged_floors":[7,39],"is_endless":false,"potions_floor_spawned":[1,5,14,16,25,31,41,46,48],"ascension_level":6}