{"gold_per_floor":[115,10,23,39,57,57,57,83,135,170,186,217,234,12,12,111,111,127,52,65,165,165,165,182,182,263,263,279,279,293,322,322,420,420,432,432,532,39,39,39,71,81,81,81,81,81,81,95,95,95],"floor_reached":51,"playtime":5109,"items_purged":["Writhe"],"score":857,"play_id":"25f60a78-7d6c-4d4a-a613-0c7b9443f872","local_time":"20190128115746","is_ascension_mode":true,"campfire_choices":[{"data":"Noxious Fumes","floor":6.0,"key":"SMITH"},{"floor":15.0,"key":"REST"},{"data":"Neutralize","floor":23,"key":"SMITH"},{"data":"Footwork","floor":25,"key":"SMITH"},{"data":"Footwork","floor":29,"key":"SMITH"},{"data":"Well Laid Plans","floor":32,"key":"SMITH"},{"data":"Malaise","floor":40,"key":"SMITH"},{"data":"Apotheosis","floor":45,"key":"SMITH"},{"data":"Flying Knee","floor":47,"key":"PURGE"},{"data":"Bite","floor":49,"key":"PURGE"}],"neow_cost":"CURSE","seed_source_timestamp":0,"circlet_count":0,"master_deck":["Defend_G","Defend_G","Defend_G","Defend_G","Defend_G","Survivor","Neutralize+1","Footwork+1","PiercingWail","Quick Slash","Cloak And Dagger","Poisoned Stab","Dagger Throw","Noxious Fumes+1","All Out Attack","Well Laid Plans+1","Adrenaline","Footwork+1","Die Die Die","Acrobatics+1","Bite","Bite","Bite","Bite","Malaise+1","Backflip+1","Apotheosis+1","Deadly Poison+1","Dodge and Roll+1","Backflip+1"],"special_seed":0,"relics":["Ring of the Snake","Prayer Wheel","Paper Crane","Omamori","Potion Belt","Question Card","Busted Crown","Peace Pipe","Singing Bowl","Darkstone Periapt","Red Mask","Velvet Choker","Du-Vu Doll","Snake Skull","Calipers","Mercury Hourglass","Frozen Egg 2"],"potions_floor_usage":[21,21,21,31,33,33,50,50,50],"damage_taken":[{"damage":2.0,"enemies":"Small Slimes","floor":1.0,"turns":4.0},{"damage":0.0,"enemies":"2 Louse","floor":3.0,"turns":4.0},{"damage":0.0,"enemies":"Jaw Worm","floor":4.0,"turns":4.0},{"damage":7.0,"enemies":"Exordium Wildlife","floor":5.0,"turns":7.0},{"damage":10.0,"enemies":"Lagavulin","floor":8.0,"turns":7.0},{"damage":26.0,"enemies":"3 Sentries","floor":10.0,"turns":8.0},{"damage":0.0,"enemies":"2 Fungi Beasts","floor":11.0,"turns":4.0},{"damage":7.0,"enemies":"Lagavulin","floor":12.0,"turns":7.0},{"damage":14.0,"enemies":"Large Slime","floor":13.0,"turns":7.0},{"damage":6.0,"enemies":"The Guardian","floor":16.0,"turns":10.0},{"damage":0,"enemies":"Chosen","floor":18,"turns":6},{"damage":14,"enemies":"Spheric Guardian","floor":20,"turns":5},{"damage":5,"enemies":"Colosseum Slavers","floor":21,"turns":5},{"damage":25,"enemies":"Colosseum Nobs","floor":21,"turns":5},{"damage":4,"enemies":"Shelled Parasite and Fungi","floor":24,"turns":6},{"damage":10,"enemies":"Cultist and Chosen","floor":28,"turns":7},{"damage":2,"enemies":"Centurion and Healer","floor":30,"turns":14},{"damage":9,"enemies":"Masked Bandits","floor":31,"turns":8},{"damage":42,"enemies":"Automaton","floor":33,"turns":11},{"damage":5,"enemies":"3 Shapes","floor":35,"turns":5},{"damage":0,"enemies":"Mind Bloom Boss Battle","floor":37,"turns":9},{"damage":16,"enemies":"Nemesis","floor":41,"turns":9},{"damage":2,"enemies":"3 Darklings","floor":42,"turns":5},{"damage":0,"enemies":"Maw","floor":48,"turns":7},{"damage":0,"enemies":"Time Eater","floor":50,"turns":21}],"seed_played":"4793862470547912132","potions_obtained":[{"floor":1.0,"key":"FearPotion"},{"floor":3.0,"key":"LiquidBronze"},{"floor":10.0,"key":"LiquidBronze"},{"floor":13.0,"key":"Swift Potion"},{"floor":16.0,"key":"Strength Potion"},{"floor":20,"key":"Energy Potion"},{"floor":24,"key":"Dexterity Potion"},{"floor":28,"key":"Fire Potion"},{"floor":30,"key":"Poison Potion"},{"floor":33,"key":"SpeedPotion"},{"floor":35,"key":"Swift Potion"},{"floor":37,"key":"SpeedPotion"},{"floor":41,"key":"Dexterity Potion"}],"is_trial":false,"path_per_floor":["M","$","M","M","M","R","?","E","T","E","M","E","M","$","R","B",null,"M","$","M","?","?","R","M","R","T","?","M","R","M","?","R","B",null,"M","?","?","$","?","R","E","M","T","?","R","?","R","M","R","B",null],"character_chosen":"THE_SILENT","items_purchased":["AttackPotion","Quick Slash","Adrenaline","Footwork","Snake Skull","Sucker Punch","Calipers"],"campfire_rested":1,"item_purchase_floors":[2,2,14,14,38,38,38],"current_hp_per_floor":[68,68,68,68,61,61,61,51,51,25,25,18,4,4,25,19,70,70,70,56,28,28,28,28,28,28,28,28,28,59,61,61,35,63,64,58,69,69,69,69,67,73,73,69,69,69,69,69,69,69],"gold":95,"neow_bonus":"ONE_RARE_RELIC","is_prod":false,"is_daily":false,"chose_seed":false,"campfire_upgraded":7,"win_rate":0,"timestamp":1548629866,"path_taken":["M","$","M","M","M","R","?","E","T","E","M","E","M","$","R","BOSS","M","$","M","?","?","R","M","R","T","?","?","R","M","?","R","BOSS","M","?","?","?","?","R","E","?","T","?","R","?","R","M","R","BOSS"],"build_version":"2019-01-23","purchased_purges":1,"victory":true,"max_hp_per_floor":[70,70,70,70,70,70,70,70,70,70,70,70,70,70,70,70,70,70,70,70,72,72,72,76,76,76,53,55,55,59,61,61,63,63,65,69,69,69,69,69,71,73,73,69,69,69,69,69,69,69],"card_choices":[{"not_picked":["Bouncing Flask","Blade Dance"],"picked":"Footwork","floor":1.0},{"not_picked":["Prepared","Acrobatics"],"picked":"PiercingWail","floor":1.0},{"not_picked":["Dodge and Roll","Blade Dance"],"picked":"Cloak And Dagger","floor":3.0},{"not_picked":["Slice","Cloak And Dagger"],"picked":"Poisoned Stab","floor":3.0},{"not_picked":["Backflip","Unload"],"picked":"Flying Knee","floor":4.0},{"not_picked":["Deadly Poison","Riddle With Holes"],"picked":"Dagger Throw","floor":4.0},{"not_picked":["Eviscerate","Deadly Poison"],"picked":"Noxious Fumes","floor":5.0},{"not_picked":["Distraction","Poisoned Stab"],"picked":"All Out Attack","floor":5.0},{"not_picked":["Bane","Finisher"],"picked":"Well Laid Plans","floor":8.0},{"not_picked":["Endless Agony","Night Terror","Flying Knee"],"picked":"SKIP","floor":10.0},{"not_picked":["Riddle With Holes","Deadly Poison","Choke"],"picked":"SKIP","floor":11.0},{"not_picked":["Quick Slash","Tactician","Noxious Fumes"],"picked":"SKIP","floor":11.0},{"not_picked":["Calculated Gamble","Dagger Spray","Prepared"],"picked":"SKIP","floor":12.0},{"not_picked":["Prepared","Masterful Stab","Escape Plan","Outmaneuver"],"picked":"SKIP","floor":13.0},{"not_picked":["Dagger Throw","Underhanded Strike","Prepared","Flechettes"],"picked":"SKIP","floor":13.0},{"not_picked":["Wraith Form v2","Storm of Steel","Unload"],"picked":"Die Die Die","floor":16.0},{"not_picked":["Expertise"],"picked":"Acrobatics+1","floor":18},{"not_picked":["Flying Knee","Dagger Throw"],"picked":"SKIP","floor":18},{"not_picked":["Riddle With Holes+1","Predator+1"],"picked":"SKIP","floor":20},{"not_picked":["Accuracy","Quick Slash"],"picked":"SKIP","floor":20},{"not_picked":["Predator","Dodge and Roll"],"picked":"Singing Bowl","floor":21},{"not_picked":["Prepared","Flying Knee"],"picked":"Singing Bowl","floor":24},{"not_picked":["Blade Dance","Skewer+1"],"picked":"Singing Bowl","floor":24},{"not_picked":["Acrobatics","Dagger Spray"],"picked":"Singing Bowl","floor":28},{"not_picked":["Slice"],"picked":"Malaise","floor":28},{"not_picked":["Dagger Throw","Dagger Spray"],"picked":"Singing Bowl","floor":30},{"not_picked":["Underhanded Strike+1","Concentrate"],"picked":"Singing Bowl","floor":30},{"not_picked":["Distraction","Infinite Blades"],"picked":"Singing Bowl","floor":31},{"not_picked":["Grand Finale","Bullet Time"],"picked":"Singing Bowl","floor":33},{"not_picked":["Sucker Punch"],"picked":"Backflip+1","floor":35},{"not_picked":["Outmaneuver","Bane"],"picked":"Singing Bowl","floor":35},{"not_picked":["Purity"],"picked":"Apotheosis","floor":36},{"not_picked":["Purity","PanicButton"],"picked":"Singing Bowl","floor":36},{"not_picked":["Forethought","Thinking Ahead"],"picked":"Singing Bowl","floor":36},{"not_picked":["Acrobatics+1"],"picked":"Deadly Poison+1","floor":37},{"not_picked":["Poisoned Stab+1","Cloak And Dagger"],"picked":"Singing Bowl","floor":41},{"not_picked":["Accuracy"],"picked":"Dodge and Roll+1","floor":42},{"not_picked":["Cloak And Dagger","Prepared+1"],"picked":"Singing Bowl","floor":42},{"not_picked":["Endless Agony"],"picked":"Backflip+1","floor":48},{"not_picked":["Underhanded Strike+1","Heel Hook+1"],"picked":"SKIP","floor":48}],"player_experience":110269,"relics_obtained":[{"floor":8.0,"key":"Paper Crane"},{"floor":9.0,"key":"Omamori"},{"floor":10.0,"key":"Potion Belt"},{"floor":12.0,"key":"Question Card"},{"floor":21,"key":"Peace Pipe"},{"floor":21,"key":"Singing Bowl"},{"floor":26,"key":"Darkstone Periapt"},{"floor":31,"key":"Red Mask"},{"floor":37,"key":"Du-Vu Doll"},{"floor":41,"key":"Mercury Hourglass"},{"floor":43,"key":"Frozen Egg 2"}],"event_choices":[{"damage_healed":0.0,"max_hp_gain":0.0,"max_hp_loss":0.0,"gold_gain":0.0,"event_name":"Liars Game","player_choice":"Ignored","floor":7.0,"gold_loss":0.0,"damage_taken":0.0},{"damage_healed":0,"gold_gain":0,"player_choice":"Fight","damage_taken":0,"max_hp_gain":0,"max_hp_loss":0,"event_name":"Colosseum","floor":21,"gold_loss":0},{"damage_healed":0,"gold_gain":0,"player_choice":"Fought Nobs","damage_taken":0,"max_hp_gain":0,"max_hp_loss":0,"event_name":"Colosseum","floor":21,"gold_loss":0},{"damage_healed":0,"gold_gain":0,"player_choice":"Ignored","damage_taken":0,"max_hp_gain":0,"max_hp_loss":0,"event_name":"Ghosts","floor":22,"gold_loss":0},{"damage_healed":0,"gold_gain":0,"player_choice":"Became a vampire","damage_taken":0,"max_hp_gain":0,"max_hp_loss":23,"event_name":"Vampires","floor":27,"gold_loss":0,"cards_obtained":["Bite","Bite","Bite","Bite","Bite"]},{"damage_healed":0,"gold_gain":0,"player_choice":"Fought Bandits","damage_taken":0,"max_hp_gain":0,"max_hp_loss":0,"event_name":"Masked Bandits","floor":31,"gold_loss":0},{"damage_healed":0,"gold_gain":0,"player_choice":"Memory 3","damage_taken":10,"max_hp_gain":0,"max_hp_loss":0,"event_name":"SensoryStone","floor":36,"gold_loss":0},{"damage_healed":0,"gold_gain":0,"player_choice":"Fight","damage_taken":0,"max_hp_gain":0,"max_hp_loss":0,"event_name":"MindBloom","floor":37,"gold_loss":0},{"damage_healed":0,"gold_gain":0,"player_choice":"Ignored","damage_taken":0,"max_hp_gain":0,"max_hp_loss":0,"event_name":"SecretPortal","floor":39,"gold_loss":0},{"damage_healed":0,"gold_gain":0,"player_choice":"Max HP","damage_taken":0,"max_hp_gain":0,"max_hp_loss":4,"event_name":"Winding Halls","floor":44,"gold_loss":0},{"cards_removed":["Sucker Punch"],"damage_healed":0,"gold_gain":0,"player_choice":"Removed Attack","damage_taken":0,"max_hp_gain":0,"max_hp_loss":0,"event_name":"Falling","floor":46,"gold_loss":0}],"is_beta":false,"boss_relics":[{"not_picked":["White Beast Statue","Lizard Tail"],"picked":"Busted Crown"},{"not_picked":["Pandora\u0027s Box","HoveringKite"],"picked":"Velvet Choker"}],"items_purged_floors":[19],"is_endless":false,"potions_floor_spawned":[1,3,4,10,13,16,20,21,24,28,30,33,35,37,41],"ascension_level":4}