{"gold_per_floor":[116,136,79,91,107,134,134,146,146,146,162,19,19,38,38,117,117,131,56,56,71,88,88,115,115,195,195,207,241,258,64,64,136,136,146,146,197,212,112,112,147,163,240,265,265,282,62,0,0,0],"floor_reached":51,"playtime":3576,"items_purged":["Strike_R","Strike_R"],"score":1280,"play_id":"7576a05d-2d5a-4072-bb38-00efb9b4d7cb","local_time":"20190125234118","is_ascension_mode":true,"campfire_choices":[{"data":"Bash","floor":7,"key":"SMITH"},{"data":"Carnage","floor":13,"key":"SMITH"},{"data":"True Grit","floor":15,"key":"SMITH"},{"data":"Battle Trance","floor":23,"key":"SMITH"},{"data":"Spot Weakness","floor":25,"key":"SMITH"},{"data":"Limit Break","floor":27,"key":"SMITH"},{"data":"Armaments","floor":32,"key":"SMITH"},{"floor":40,"key":"REST"},{"floor":45,"key":"REST"},{"floor":49,"key":"REST"}],"neow_cost":"TEN_PERCENT_HP_LOSS","seed_source_timestamp":17870994492279,"circlet_count":0,"master_deck":["AscendersBane","Strike_R","Defend_R+1","Defend_R","Defend_R","Defend_R","Bash+1","Cleave+1","True Grit+1","Twin Strike","Reaper","Limit Break+1","Headbutt+1","Carnage+1","Battle Trance+1","Offering","Headbutt+1","Spot Weakness+1","Clothesline","Whirlwind","Armaments+1","Feed","Sword Boomerang","Ghostly Armor+1","Feel No Pain+1","True Grit","Parasite"],"relics":["Burning Blood","Centennial Puzzle","Paper Frog","Philosopher\u0027s Stone","Oddly Smooth Stone","Kunai","Frozen Egg 2","Sundial","Fusion Hammer","Bag of Marbles","Boot","Shuriken","Whetstone","War Paint","Red Mask"],"potions_floor_usage":[6,11,16,24,29,33,35,41,42,50,50],"damage_taken":[{"damage":8,"enemies":"Cultist","floor":1,"turns":6},{"damage":2,"enemies":"Jaw Worm","floor":2,"turns":4},{"damage":12,"enemies":"Small Slimes","floor":4,"turns":6},{"damage":5,"enemies":"2 Fungi Beasts","floor":5,"turns":4},{"damage":32,"enemies":"3 Sentries","floor":6,"turns":5},{"damage":27,"enemies":"Lots of Slimes","floor":8,"turns":4},{"damage":10,"enemies":"Gremlin Gang","floor":11,"turns":3},{"damage":0,"enemies":"2 Fungi Beasts","floor":14,"turns":2},{"damage":32,"enemies":"Slime Boss","floor":16,"turns":8},{"damage":5,"enemies":"Chosen","floor":18,"turns":3},{"damage":16,"enemies":"Shell Parasite","floor":21,"turns":2},{"damage":6,"enemies":"Snake Plant","floor":22,"turns":1},{"damage":25,"enemies":"Book of Stabbing","floor":24,"turns":3},{"damage":28,"enemies":"Shelled Parasite and Fungi","floor":28,"turns":4},{"damage":30,"enemies":"Gremlin Leader","floor":29,"turns":6},{"damage":13,"enemies":"Chosen and Byrds","floor":30,"turns":4},{"damage":36,"enemies":"Automaton","floor":33,"turns":9},{"damage":16,"enemies":"3 Shapes","floor":35,"turns":3},{"damage":6,"enemies":"Orb Walker","floor":38,"turns":2},{"damage":26,"enemies":"Nemesis","floor":41,"turns":5},{"damage":9,"enemies":"Spire Growth","floor":42,"turns":4},{"damage":9,"enemies":"Giant Head","floor":44,"turns":6},{"damage":6,"enemies":"Writhing Mass","floor":46,"turns":4},{"damage":73,"enemies":"Time Eater","floor":50,"turns":8}],"seed_played":"-6668513883785981045","potions_obtained":[{"floor":4,"key":"Ancient Potion"},{"floor":8,"key":"Strength Potion"},{"floor":11,"key":"Swift Potion"},{"floor":16,"key":"EssenceOfSteel"},{"floor":18,"key":"SteroidPotion"},{"floor":22,"key":"Dexterity Potion"},{"floor":24,"key":"FearPotion"},{"floor":28,"key":"Weak Potion"},{"floor":33,"key":"SkillPotion"},{"floor":38,"key":"Energy Potion"},{"floor":41,"key":"Poison Potion"}],"is_trial":false,"path_per_floor":["M","M","$","M","M","E","R","M","T","?","M","$","R","M","R","B",null,"M","$","?","M","M","R","E","R","T","R","M","E","M","$","R","B",null,"M","?","T","M","$","R","E","M","T","E","R","M","$","?","R","B",null],"character_chosen":"IRONCLAD","items_purchased":["PowerPotion","PowerPotion","Carnage","Weak Potion","Whirlwind","Armaments","War Paint","Strength Potion"],"campfire_rested":3,"item_purchase_floors":[3,12,12,31,31,31,47,47],"current_hp_per_floor":[66,68,68,62,63,49,49,40,40,40,60,60,60,66,66,40,61,68,68,68,58,58,58,39,39,39,39,37,68,68,68,68,52,64,68,68,68,71,71,71,51,69,69,66,71,74,74,74,74,26],"gold":0,"neow_bonus":"TRANSFORM_TWO_CARDS","is_prod":false,"is_daily":false,"chose_seed":false,"campfire_upgraded":7,"win_rate":0,"timestamp":1548412878,"path_taken":["M","M","$","?","?","E","R","M","T","?","M","$","R","M","R","BOSS","M","$","?","?","M","R","E","R","T","R","M","E","M","?","R","BOSS","M","?","?","M","$","R","E","M","T","E","R","M","?","?","R","BOSS"],"build_version":"2019-01-23","purchased_purges":2,"victory":true,"max_hp_per_floor":[68,68,68,68,68,68,68,68,68,68,68,68,68,68,68,68,68,68,68,68,68,68,68,68,68,68,68,68,68,68,68,68,68,68,68,68,68,71,71,71,71,71,71,71,71,74,74,74,74,74],"card_choices":[{"not_picked":["Heavy Blade","Combust","Cleave"],"picked":"SKIP","floor":1},{"not_picked":["Thunderclap","Clash"],"picked":"Twin Strike","floor":4},{"not_picked":["Shrug It Off","Ghostly Armor"],"picked":"Reaper","floor":5},{"not_picked":["Thunderclap","Battle Trance"],"picked":"Limit Break","floor":6},{"not_picked":["True Grit","Perfected Strike"],"picked":"Headbutt","floor":8},{"not_picked":["Cleave","Juggernaut","Havoc"],"picked":"SKIP","floor":11},{"not_picked":["Reckless Charge","Thunderclap"],"picked":"Battle Trance","floor":14},{"not_picked":["Feed","Reaper"],"picked":"Offering","floor":16},{"not_picked":["Flex","Thunderclap","Clash"],"picked":"SKIP","floor":18},{"not_picked":["Body Slam","Thunderclap"],"picked":"Headbutt+1","floor":21},{"not_picked":["Searing Blow","Clash+1","Thunderclap"],"picked":"SKIP","floor":22},{"not_picked":["Heavy Blade","Twin Strike+1"],"picked":"Spot Weakness","floor":24},{"not_picked":["Perfected Strike","Cleave"],"picked":"Clothesline","floor":28},{"not_picked":["Sword Boomerang","Body Slam"],"picked":"Double Tap","floor":29},{"not_picked":["Anger+1","Cleave","Thunderclap"],"picked":"SKIP","floor":30},{"not_picked":["Reaper","Bludgeon"],"picked":"Feed","floor":33},{"not_picked":["Corruption+1","Twin Strike+1"],"picked":"Sword Boomerang","floor":35},{"not_picked":["Twin Strike","Searing Blow"],"picked":"Ghostly Armor","floor":38},{"not_picked":["Battle Trance","Havoc"],"picked":"Feel No Pain+1","floor":41},{"not_picked":["Headbutt","Power Through"],"picked":"True Grit","floor":42},{"not_picked":["Iron Wave","Anger","Perfected Strike"],"picked":"SKIP","floor":44},{"not_picked":["Sever Soul+1","Havoc","Thunderclap"],"picked":"SKIP","floor":46}],"player_experience":51692,"relics_obtained":[{"floor":6,"key":"Centennial Puzzle"},{"floor":9,"key":"Paper Frog"},{"floor":20,"key":"Oddly Smooth Stone"},{"floor":24,"key":"Kunai"},{"floor":26,"key":"Frozen Egg 2"},{"floor":29,"key":"Sundial"},{"floor":37,"key":"Bag of Marbles"},{"floor":41,"key":"Boot"},{"floor":43,"key":"Shuriken"},{"floor":44,"key":"Whetstone"}],"event_choices":[{"damage_healed":0,"gold_gain":0,"player_choice":"Searched \u00270\u0027 times","damage_taken":0,"max_hp_gain":0,"max_hp_loss":0,"event_name":"Dead Adventurer","floor":10,"gold_loss":0},{"damage_healed":0,"gold_gain":0,"player_choice":"Searched \u00270\u0027 times","damage_taken":0,"max_hp_gain":0,"max_hp_loss":0,"event_name":"Dead Adventurer","floor":10,"gold_loss":0},{"damage_healed":0,"gold_gain":0,"player_choice":"Relic","damage_taken":0,"max_hp_gain":0,"max_hp_loss":0,"event_name":"Wheel of Change","floor":20,"gold_loss":0},{"cards_removed":["Double Tap"],"damage_healed":0,"gold_gain":0,"player_choice":"Removed Skill","damage_taken":0,"max_hp_gain":0,"max_hp_loss":0,"event_name":"Falling","floor":36,"gold_loss":0},{"damage_healed":0,"gold_gain":0,"player_choice":"Paid","damage_taken":0,"relics_obtained":["Red Mask"],"max_hp_gain":0,"max_hp_loss":0,"event_name":"Tomb of Lord Red Mask","floor":48,"gold_loss":62}],"is_beta":false,"boss_relics":[{"not_picked":["Velvet Choker","Busted Crown"],"picked":"Philosopher\u0027s Stone"},{"not_picked":["Runic Cube","Calling Bell"],"picked":"Fusion Hammer"}],"items_purged_floors":[19,39],"is_endless":false,"potions_floor_spawned":[4,5,8,11,14,16,18,22,24,28,33,38,41],"ascension_level":16}