{"gold_per_floor":[116,291,366,81,93,127,127,162,162,162,77,42,42,71,71,71],"floor_reached":16,"playtime":1518,"items_purged":["Doubt"],"score":139,"play_id":"575ebc60-c74b-4748-a62b-db5284e9543f","local_time":"20190112160721","is_ascension_mode":false,"campfire_choices":[{"data":"Feed","floor":10,"key":"SMITH"},{"data":"Pummel","floor":13,"key":"SMITH"},{"floor":15,"key":"REST"}],"neow_cost":"NONE","seed_source_timestamp":179335372191494,"circlet_count":0,"master_deck":["Strike_R","Strike_R","Strike_R","Strike_R","Strike_R","Defend_R","Defend_R","Defend_R","Defend_R","Bash","Pummel+1","Feed+1","Shrug It Off","True Grit","Feed","Inflame","Armaments","Metallicize","Heavy Blade"],"relics":["Burning Blood","NeowsBlessing","Centennial Puzzle","Lantern","Juzu Bracelet","Dodecahedron","Pen Nib"],"potions_floor_usage":[8,14],"damage_taken":[{"damage":0,"enemies":"2 Louse","floor":1,"turns":1},{"damage":0,"enemies":"Small Slimes","floor":5,"turns":1},{"damage":0,"enemies":"Gremlin Nob","floor":6,"turns":1},{"damage":51,"enemies":"Lagavulin","floor":8,"turns":7},{"damage":41,"enemies":"3 Sentries","floor":14,"turns":10},{"damage":34,"enemies":"Hexaghost","floor":16,"turns":11}],"seed_played":"668235177038252747","potions_obtained":[{"floor":1,"key":"Poison Potion"},{"floor":5,"key":"GamblersBrew"}],"is_trial":false,"path_per_floor":["M","?","?","$","M","E","?","E","T","R","$","?","R","E","R","B"],"character_chosen":"IRONCLAD","items_purchased":["Feed","Shrug It Off","Armaments","Metallicize"],"campfire_rested":1,"item_purchase_floors":[4,4,11,11],"current_hp_per_floor":[80,80,72,72,78,80,68,23,23,23,23,43,43,8,32,0],"gold":71,"neow_bonus":"THREE_ENEMY_KILL","is_prod":false,"is_daily":false,"chose_seed":false,"campfire_upgraded":2,"win_rate":0.0,"timestamp":1547338041,"path_taken":["M","?","?","$","?","E","?","E","T","R","?","?","R","E","R","BOSS"],"build_version":"2019-01-10","purchased_purges":1,"victory":false,"max_hp_per_floor":[80,80,80,80,80,80,80,80,80,80,80,80,80,80,80,80],"card_choices":[{"not_picked":["Rupture","Clothesline"],"picked":"Pummel","floor":1},{"not_picked":["Perfected Strike","Bloodletting"],"picked":"True Grit","floor":5},{"not_picked":["Twin Strike","Sword Boomerang"],"picked":"Feed","floor":6},{"not_picked":["Dropkick","Fire Breathing"],"picked":"Inflame","floor":8},{"not_picked":["Clothesline","Carnage"],"picked":"Heavy Blade","floor":14}],"player_experience":15244,"relics_obtained":[{"floor":6,"key":"Centennial Puzzle"},{"floor":8,"key":"Juzu Bracelet"},{"floor":9,"key":"Dodecahedron"},{"floor":14,"key":"Pen Nib"}],"event_choices":[{"damage_healed":0,"gold_gain":175,"player_choice":"AGREE","damage_taken":0,"max_hp_gain":0,"max_hp_loss":0,"event_name":"Liars Game","floor":2,"gold_loss":0,"cards_obtained":["Doubt"]},{"damage_healed":0,"gold_gain":75,"player_choice":"Touch","damage_taken":8,"max_hp_gain":0,"max_hp_loss":0,"event_name":"FaceTrader","floor":3,"gold_loss":0},{"damage_healed":0,"gold_gain":0,"player_choice":"Success","damage_taken":12,"relics_obtained":["Lantern"],"max_hp_gain":0,"max_hp_loss":0,"event_name":"Scrap Ooze","floor":7,"gold_loss":0},{"damage_healed":20,"gold_gain":0,"player_choice":"Healed","damage_taken":0,"max_hp_gain":0,"max_hp_loss":0,"event_name":"The Cleric","floor":12,"gold_loss":35}],"is_beta":false,"boss_relics":[],"items_purged_floors":[4],"is_endless":false,"potions_floor_spawned":[1,5],"killed_by":"Hexaghost","ascension_level":0}