{"gold_per_floor":[118,138,154,168,181,181,207,207,259,259,3,3,20,32,32,134,134,151,30,33,49,49,49,80,60,60,60,73,89,188,203,203,203],"floor_reached":33,"playtime":2633,"items_purged":["Strike_B","Strike_B"],"score":271,"play_id":"00c3d04a-05bd-4b6a-9815-c09eaaa43f68","local_time":"20181105024708","is_ascension_mode":false,"campfire_choices":[{"data":"Rebound","floor":6.0,"key":"SMITH"},{"data":"Zap","floor":8.0,"key":"SMITH"},{"floor":10.0,"key":"REST"},{"data":"Discovery","floor":15.0,"key":"SMITH"},{"data":"After Image","floor":23,"key":"SMITH"},{"floor":27,"key":"REST"},{"floor":32,"key":"REST"}],"neow_cost":"NONE","seed_source_timestamp":0,"circlet_count":0,"master_deck":["Strike_B","Defend_B","Defend_B","Defend_B","Zap+1","Dualcast","Trip","Cold Snap","Beam Cell","Conserve Battery","Auto Shields","Rebound+1","Thunder Strike","Discovery+1","After Image+1","Cold Snap","Hologram","Rebound","Turbo","Reprogram","Compile Driver","Offering","Quick Slash+1","Dagger Spray+1","Burning Pact"],"special_seed":0,"relics":["Cracked Core","Smiling Mask","Regal Pillow","PrismaticShard","Empty Cage","Molten Egg 2","Kunai"],"potions_floor_usage":[24,28,33,33,33],"damage_taken":[{"damage":6.0,"enemies":"Jaw Worm","floor":1.0,"turns":3.0},{"damage":2.0,"enemies":"2 Louse","floor":2.0,"turns":3.0},{"damage":0.0,"enemies":"Cultist","floor":3.0,"turns":3.0},{"damage":7.0,"enemies":"2 Fungi Beasts","floor":4.0,"turns":3.0},{"damage":6.0,"enemies":"3 Louse","floor":5.0,"turns":3.0},{"damage":12.0,"enemies":"3 Sentries","floor":7.0,"turns":9.0},{"damage":0.0,"enemies":"Large Slime","floor":13.0,"turns":6.0},{"damage":0.0,"enemies":"Exordium Wildlife","floor":14.0,"turns":2.0},{"damage":53.0,"enemies":"Hexaghost","floor":16.0,"turns":13.0},{"damage":0.0,"enemies":"Chosen","floor":18.0,"turns":4.0},{"damage":16.0,"enemies":"2 Thieves","floor":20.0,"turns":4.0},{"damage":0.0,"enemies":"Centurion and Healer","floor":21.0,"turns":13.0},{"damage":45,"enemies":"Slavers","floor":24,"turns":7},{"damage":18,"enemies":"Cultist and Chosen","floor":28,"turns":8},{"damage":6,"enemies":"3 Cultists","floor":29,"turns":5},{"damage":9,"enemies":"Shelled Parasite and Fungi","floor":31,"turns":6},{"damage":59,"enemies":"Automaton","floor":33,"turns":12}],"seed_played":"-53411173245326309","potions_obtained":[{"floor":3.0,"key":"SteroidPotion"},{"floor":5.0,"key":"FairyPotion"},{"floor":14.0,"key":"SpeedPotion"},{"floor":16.0,"key":"Weak Potion"},{"floor":18.0,"key":"Explosive Potion"},{"floor":24,"key":"FocusPotion"},{"floor":25,"key":"Explosive Potion"},{"floor":29,"key":"Energy Potion"}],"is_trial":false,"path_per_floor":["M","M","M","M","M","R","E","R","T","R","$","?","M","M","R","B",null,"M","$","M","M","?","R","E","?","T","R","M","M","?","M","R","B"],"character_chosen":"DEFECT","items_purchased":["PrismaticShard","Hologram","Rebound"],"campfire_rested":3,"item_purchase_floors":[11,19,19],"current_hp_per_floor":[69,67,67,60,54,54,42,42,42,75,75,75,75,75,75,22,75,75,75,59,59,59,59,14,14,14,51,33,27,27,18,55,0],"gold":203,"neow_bonus":"RANDOM_COLORLESS","is_prod":false,"is_daily":false,"chose_seed":false,"campfire_upgraded":4,"win_rate":0.0,"timestamp":1541404028,"path_taken":["M","M","M","M","M","R","E","R","T","R","$","?","M","M","R","BOSS","M","$","M","M","?","R","E","?","T","R","M","?","?","M","R","BOSS"],"build_version":"2018-11-02","purchased_purges":2,"victory":false,"max_hp_per_floor":[75,75,75,75,75,75,75,75,75,75,75,75,75,75,75,75,75,75,75,75,75,75,75,75,75,75,75,75,75,75,75,75,75],"card_choices":[{"not_picked":["Barrage","Hello World"],"picked":"Cold Snap","floor":1.0},{"not_picked":["Double Energy","Cold Snap"],"picked":"Beam Cell","floor":2.0},{"not_picked":["Streamline","Storm"],"picked":"Conserve Battery","floor":3.0},{"not_picked":["Steam","Genetic Algorithm"],"picked":"Auto Shields","floor":4.0},{"not_picked":["Skim","Barrage"],"picked":"Rebound","floor":5.0},{"not_picked":["Coolheaded","Leap"],"picked":"Thunder Strike","floor":7.0},{"not_picked":["Tactician","Lockon","Gash"],"picked":"SKIP","floor":13.0},{"not_picked":["Heavy Blade","Recycle"],"picked":"Discovery","floor":14.0},{"not_picked":["Creative AI","Brutality"],"picked":"After Image","floor":16.0},{"not_picked":["Accuracy","Uppercut"],"picked":"Cold Snap","floor":18.0},{"not_picked":["Endless Agony","Aggregate"],"picked":"Turbo","floor":20.0},{"not_picked":["Glacier","Twin Strike"],"picked":"Reprogram","floor":21.0},{"not_picked":["Bane","Wild Strike"],"picked":"Offering","floor":24},{"not_picked":["Quick Slash+1","Leap","Streamline+1"],"picked":"SKIP","floor":28},{"not_picked":["Leap","Streamline+1"],"picked":"Quick Slash+1","floor":28},{"not_picked":["Shrug It Off+1","Outmaneuver"],"picked":"Dagger Spray+1","floor":29},{"not_picked":["Turbo","Capacitor"],"picked":"Burning Pact","floor":31}],"player_experience":23891,"relics_obtained":[{"floor":7.0,"key":"Smiling Mask"},{"floor":9.0,"key":"Regal Pillow"},{"floor":24,"key":"Molten Egg 2"},{"floor":26,"key":"Kunai"}],"event_choices":[{"damage_healed":0.0,"max_hp_gain":0.0,"max_hp_loss":0.0,"gold_gain":0.0,"event_name":"Liars Game","player_choice":"Ignored","floor":12.0,"gold_loss":0.0,"damage_taken":0.0},{"damage_healed":0.0,"max_hp_gain":0.0,"max_hp_loss":0.0,"gold_gain":0.0,"event_name":"The Library","player_choice":"Read","floor":22.0,"gold_loss":0.0,"damage_taken":0.0,"cards_obtained":["Compile Driver"]},{"damage_healed":0,"gold_gain":0,"player_choice":"Bought 1 Potion","damage_taken":0,"max_hp_gain":0,"max_hp_loss":0,"event_name":"The Woman in Blue","floor":25,"gold_loss":0},{"damage_healed":0,"gold_gain":99,"player_choice":"Stole From Cult","damage_taken":0,"max_hp_gain":0,"max_hp_loss":0,"event_name":"Nest","floor":30,"gold_loss":0}],"is_beta":true,"boss_relics":[{"not_picked":["FrozenCore","Velvet Choker"],"picked":"Empty Cage"}],"items_purged_floors":[11,19],"is_endless":false,"potions_floor_spawned":[3,5,14,16,18,24,29],"killed_by":"Automaton","ascension_level":0}