{"gold_per_floor":[113,125,125,31,44,44,76,140,164,174,99,99,99,119,119,192,192,164,79,95,105,0,0,20,40,67,67,82,82,117,131,131,131],"floor_reached":33,"playtime":2217,"items_purged":[],"score":534,"play_id":"05ab843a-495a-4668-a1c2-3ac25e145360","local_time":"20190301234027","is_ascension_mode":true,"campfire_choices":[{"data":"Dagger Spray","floor":6,"key":"SMITH"},{"data":"Poisoned Stab","floor":13,"key":"SMITH"},{"floor":15,"key":"REST"},{"data":"Footwork","floor":23,"key":"SMITH"},{"data":"Caltrops","floor":27,"key":"SMITH"},{"floor":29,"key":"REST"},{"floor":32,"key":"REST"}],"neow_cost":"NONE","seed_source_timestamp":44544863795619,"circlet_count":0,"master_deck":["AscendersBane","Defend_G","Defend_G","Defend_G","Defend_G","Defend_G","Strike_G","Strike_G","Strike_G+1","Survivor","Neutralize+1","Dagger Spray+1","Poisoned Stab+1","Dash","Footwork+1","Backflip","Dodge and Roll","Crippling Poison","Venomology","Backflip","Dodge and Roll","Caltrops+1","Catalyst","Escape Plan","Malaise"],"relics":["Ring of the Snake","Whetstone","Ancient Tea Set","Bag of Preparation","Juzu Bracelet","Odd Mushroom","Sozu","Smiling Mask","Centennial Puzzle","PreservedInsect"],"potions_floor_usage":[7,31],"damage_taken":[{"damage":1,"enemies":"Small Slimes","floor":1,"turns":4},{"damage":0,"enemies":"Jaw Worm","floor":2,"turns":4},{"damage":4,"enemies":"2 Louse","floor":5,"turns":3},{"damage":19,"enemies":"3 Sentries","floor":7,"turns":8},{"damage":25,"enemies":"Gremlin Nob","floor":8,"turns":6},{"damage":0,"enemies":"Lots of Slimes","floor":10,"turns":1},{"damage":0,"enemies":"The Mushroom Lair","floor":14,"turns":3},{"damage":11,"enemies":"Hexaghost","floor":16,"turns":11},{"damage":16,"enemies":"2 Thieves","floor":18,"turns":4},{"damage":10,"enemies":"Chosen","floor":20,"turns":6},{"damage":7,"enemies":"Sentry and Sphere","floor":21,"turns":11},{"damage":1,"enemies":"3 Cultists","floor":24,"turns":5},{"damage":0,"enemies":"Centurion and Healer","floor":25,"turns":11},{"damage":6,"enemies":"Chosen and Byrds","floor":28,"turns":5},{"damage":11,"enemies":"Book of Stabbing","floor":30,"turns":6},{"damage":2,"enemies":"Shelled Parasite and Fungi","floor":31,"turns":7},{"damage":37,"enemies":"Collector","floor":33,"turns":8}],"seed_played":"5351229168250586451","potions_obtained":[{"floor":1,"key":"AttackPotion"},{"floor":10,"key":"Energy Potion"}],"is_trial":false,"path_per_floor":["M","M","?","$","M","R","E","?","T","M","?","?","R","?","R","B",null,"M","?","M","M","?","R","M","M","T","R","M","R","E","M","R","B"],"character_chosen":"THE_SILENT","items_purchased":["Dash","Fire Potion"],"campfire_rested":3,"item_purchase_floors":[4,4],"current_hp_per_floor":[58,58,51,51,47,47,28,3,3,3,3,3,3,3,22,11,52,36,36,26,19,19,19,18,18,18,18,12,31,20,18,37,0],"gold":131,"neow_bonus":"RANDOM_COMMON_RELIC","is_prod":false,"is_daily":false,"chose_seed":false,"campfire_upgraded":4,"win_rate":0,"timestamp":1551436827,"path_taken":["M","M","?","$","M","R","E","?","T","M","?","?","R","?","R","BOSS","M","?","M","M","?","R","M","M","T","R","M","R","E","M","R","BOSS"],"build_version":"2019-01-23","purchased_purges":0,"victory":false,"max_hp_per_floor":[66,66,66,66,66,66,66,66,66,66,66,66,66,66,66,66,66,66,66,66,66,66,66,66,66,66,66,66,66,66,66,66,66],"card_choices":[{"not_picked":["Bouncing Flask","Quick Slash"],"picked":"Dagger Spray","floor":1},{"not_picked":["Eviscerate","Tactician"],"picked":"Poisoned Stab","floor":2},{"not_picked":["Dagger Throw","Outmaneuver"],"picked":"Footwork","floor":5},{"not_picked":["Predator","Escape Plan"],"picked":"Backflip","floor":7},{"not_picked":["PiercingWail","Tactician"],"picked":"Dodge and Roll","floor":8},{"not_picked":["Prepared","Blade Dance","Cloak And Dagger"],"picked":"SKIP","floor":10},{"not_picked":["Catalyst","Terror"],"picked":"Crippling Poison","floor":14},{"not_picked":["Envenom","A Thousand Cuts"],"picked":"Venomology","floor":16},{"not_picked":["Outmaneuver","Calculated Gamble","Blade Dance"],"picked":"SKIP","floor":18},{"not_picked":["Dagger Throw","Slice"],"picked":"Backflip","floor":20},{"not_picked":["Expertise","Prepared"],"picked":"Dodge and Roll","floor":21},{"not_picked":["Infinite Blades","Cloak And Dagger"],"picked":"Caltrops","floor":24},{"not_picked":["Outmaneuver","Concentrate"],"picked":"Catalyst","floor":25},{"not_picked":["Cloak And Dagger","Expertise"],"picked":"Escape Plan","floor":28},{"not_picked":["Tactician","Calculated Gamble","Backstab"],"picked":"SKIP","floor":30},{"not_picked":["Backflip","Catalyst"],"picked":"Malaise","floor":31}],"player_experience":544753,"relics_obtained":[{"floor":7,"key":"Ancient Tea Set"},{"floor":8,"key":"Bag of Preparation"},{"floor":9,"key":"Juzu Bracelet"},{"floor":14,"key":"Odd Mushroom"},{"floor":26,"key":"Centennial Puzzle"},{"floor":30,"key":"PreservedInsect"}],"event_choices":[{"cards_removed":["Strike_G"],"damage_healed":0,"gold_gain":0,"player_choice":"Card Removal","damage_taken":7,"max_hp_gain":0,"max_hp_loss":0,"event_name":"Golden Wing","floor":3,"gold_loss":0},{"damage_healed":0,"gold_gain":0,"player_choice":"Searched \u00271\u0027 times","damage_taken":0,"max_hp_gain":0,"max_hp_loss":0,"event_name":"Dead Adventurer","floor":8,"gold_loss":0},{"cards_removed":["Strike_G"],"damage_healed":0,"gold_gain":0,"player_choice":"Card Removal","damage_taken":0,"max_hp_gain":0,"max_hp_loss":0,"event_name":"The Cleric","floor":11,"gold_loss":75},{"damage_healed":0,"gold_gain":0,"player_choice":"Ignored","damage_taken":0,"max_hp_gain":0,"max_hp_loss":0,"event_name":"Liars Game","floor":12,"gold_loss":0},{"damage_healed":0,"gold_gain":0,"player_choice":"Fought Mushrooms","damage_taken":0,"max_hp_gain":0,"max_hp_loss":0,"event_name":"Mushrooms","floor":14,"gold_loss":0},{"damage_healed":0,"gold_gain":0,"player_choice":"Obtained Relic","damage_taken":0,"relics_obtained":["Smiling Mask"],"max_hp_gain":0,"max_hp_loss":0,"event_name":"Addict","floor":19,"gold_loss":85},{"damage_healed":0,"gold_gain":0,"player_choice":"Paid Fearfully","damage_taken":0,"max_hp_gain":0,"max_hp_loss":0,"event_name":"Masked Bandits","floor":22,"gold_loss":105}],"is_beta":false,"boss_relics":[{"not_picked":["Eternal Feather","Tiny House"],"picked":"Sozu"}],"items_purged_floors":[],"is_endless":false,"potions_floor_spawned":[1,10,24,25,30,31],"killed_by":"Collector","ascension_level":20}