{"gold_per_floor":[114,127,144,159,177,211,211,211,211,211,225,241,260,275,275,275],"floor_reached":16,"playtime":710,"items_purged":[],"score":151,"play_id":"b28f724d-94ab-47a6-bff5-061f735055f4","local_time":"20181124160012","is_ascension_mode":true,"campfire_choices":[{"floor":7,"key":"REST"},{"floor":10,"key":"RECALL"},{"floor":15,"key":"REST"}],"neow_cost":"NONE","seed_source_timestamp":3245635397353,"circlet_count":0,"master_deck":["Defend_G","Defend_G","Defend_G","Defend_G","Defend_G","Strike_G","Strike_G","Strike_G","Strike_G","Survivor","Neutralize","Terror","Endless Agony","Sucker Punch","Cloak And Dagger","Catalyst","Backflip","Escape Plan","Quick Slash","Backflip","Catalyst","Crippling Poison"],"relics":["Ring of the Snake","Dream Catcher","Peace Pipe","Art of War"],"potions_floor_usage":[6,6,16,16,16],"damage_taken":[{"damage":7,"enemies":"Small Slimes","floor":1,"turns":6},{"damage":0,"enemies":"Cultist","floor":2,"turns":3},{"damage":9,"enemies":"Jaw Worm","floor":3,"turns":3},{"damage":10,"enemies":"Exordium Wildlife","floor":4,"turns":4},{"damage":28,"enemies":"Large Slime","floor":5,"turns":11},{"damage":8,"enemies":"Gremlin Nob","floor":6,"turns":3},{"damage":0,"enemies":"2 Fungi Beasts","floor":11,"turns":4},{"damage":0,"enemies":"Looter","floor":12,"turns":2},{"damage":7,"enemies":"Exordium Wildlife","floor":13,"turns":6},{"damage":3,"enemies":"2 Fungi Beasts","floor":14,"turns":5},{"damage":33,"enemies":"Slime Boss","floor":16,"turns":6}],"seed_played":"8700411172049177968","potions_obtained":[{"floor":3,"key":"Explosive Potion"},{"floor":5,"key":"Poison Potion"},{"floor":6,"key":"PowerPotion"},{"floor":12,"key":"Energy Potion"},{"floor":14,"key":"Weak Potion"}],"is_trial":false,"path_per_floor":["M","M","M","M","M","E","R","?","T","R","M","M","M","M","R","B"],"character_chosen":"THE_SILENT","items_purchased":[],"campfire_rested":2,"item_purchase_floors":[],"current_hp_per_floor":[56,56,47,37,9,1,22,22,22,22,22,22,15,12,33,0],"gold":275,"neow_bonus":"RANDOM_COMMON_RELIC","is_prod":false,"is_daily":false,"chose_seed":false,"campfire_upgraded":0,"win_rate":0,"timestamp":1543028412,"path_taken":["M","M","M","M","M","E","R","?","T","R","?","M","M","M","R","BOSS"],"build_version":"2018-11-15","purchased_purges":0,"victory":false,"max_hp_per_floor":[70,70,70,70,70,70,70,70,70,70,70,70,70,70,70,70],"card_choices":[{"not_picked":["Deflect","All Out Attack"],"picked":"Terror","floor":1},{"not_picked":["Dagger Spray","Quick Slash"],"picked":"Endless Agony","floor":2},{"not_picked":["Expertise","Bane"],"picked":"Sucker Punch","floor":3},{"not_picked":["Slice","Night Terror","Outmaneuver"],"picked":"SKIP","floor":4},{"not_picked":["Caltrops","Underhanded Strike"],"picked":"Cloak And Dagger","floor":5},{"not_picked":["Infinite Blades","Burst"],"picked":"Catalyst","floor":6},{"not_picked":["Acrobatics","Prepared"],"picked":"Backflip","floor":7},{"not_picked":["Dagger Spray","Leg Sweep"],"picked":"Escape Plan","floor":11},{"not_picked":["Underhanded Strike","Sucker Punch"],"picked":"Quick Slash","floor":12},{"not_picked":["Flechettes","All Out Attack"],"picked":"Backflip","floor":13},{"not_picked":["Setup","Dodge and Roll"],"picked":"Catalyst","floor":14},{"not_picked":["Blade Dance","Setup"],"picked":"Crippling Poison","floor":15}],"player_experience":375426,"relics_obtained":[{"floor":6,"key":"Peace Pipe"},{"floor":9,"key":"Art of War"}],"event_choices":[{"cards_removed":["Strike_G"],"damage_healed":0,"gold_gain":0,"player_choice":"Card Removal","damage_taken":0,"max_hp_gain":0,"max_hp_loss":0,"event_name":"Wheel of Change","floor":8,"gold_loss":0}],"is_beta":false,"boss_relics":[],"items_purged_floors":[],"is_endless":false,"potions_floor_spawned":[3,5,6,12,14],"killed_by":"Slime Boss","ascension_level":8}