{"gold_per_floor":[118,118,136,211,223,223,248,248,248,248,281,293,18,45,45,121,121,131,147,147,167,167,167,196,121,121,121,133,158,174,186,186,258,258,274,274,374,299,310,343,396,428,474,474,501,391,424,441,441,441,441,441,441,118,147,147],"floor_reached":57,"playtime":5237,"items_purged":["Strike_R","Strike_R"],"score":2992,"play_id":"7e873669-b3f8-4caf-99bd-b062426c23a2","local_time":"20190302175029","is_ascension_mode":true,"campfire_choices":[{"data":"Perfected Strike","floor":6,"key":"SMITH"},{"data":"Immolate","floor":8,"key":"SMITH"},{"data":"True Grit","floor":15,"key":"SMITH"},{"floor":23,"key":"REST"},{"floor":32,"key":"REST"},{"floor":44,"key":"RECALL"},{"data":"Anger","floor":49,"key":"PURGE"},{"data":"Offering","floor":53,"key":"SMITH"}],"neow_cost":"NONE","seed_source_timestamp":18172086835146,"circlet_count":0,"master_deck":["AscendersBane","Defend_R","Defend_R","Defend_R","Defend_R","Bash+1","Perfected Strike+1","Shrug It Off","Immolate+1","True Grit+1","Feed","Cleave","Armaments","Corruption","Clothesline","Ghostly Armor+1","Shrug It Off","True Grit+1","Seeing Red+1","Offering+1","Battle Trance","Uppercut+1","Corruption+1","Shockwave","Impervious","Flame Barrier","Warcry+1","Whirlwind+1","Uppercut+1","Seeing Red","Armaments+1"],"relics":["Burning Blood","Dead Branch","Singing Bowl","Peace Pipe","Self Forming Clay","Oddly Smooth Stone","Philosopher\u0027s Stone","Bag of Marbles","Question Card","Kunai","Orrery","Bird Faced Urn","Letter Opener","Calipers","Mercury Hourglass","Bronze Scales","Regal Pillow","War Paint"],"potions_floor_usage":[7,16,16,18,28,29,56],"damage_taken":[{"damage":11,"enemies":"Jaw Worm","floor":1,"turns":6},{"damage":4,"enemies":"Small Slimes","floor":3,"turns":5},{"damage":5,"enemies":"2 Louse","floor":5,"turns":2},{"damage":27,"enemies":"3 Sentries","floor":7,"turns":9},{"damage":20,"enemies":"Lagavulin","floor":11,"turns":6},{"damage":0,"enemies":"2 Fungi Beasts","floor":12,"turns":1},{"damage":8,"enemies":"Gremlin Nob","floor":14,"turns":3},{"damage":14,"enemies":"The Guardian","floor":16,"turns":12},{"damage":41,"enemies":"3 Byrds","floor":18,"turns":5},{"damage":12,"enemies":"2 Thieves","floor":19,"turns":2},{"damage":10,"enemies":"Colosseum Slavers","floor":20,"turns":4},{"damage":7,"enemies":"3 Cultists","floor":21,"turns":3},{"damage":22,"enemies":"Book of Stabbing","floor":24,"turns":3},{"damage":15,"enemies":"Centurion and Healer","floor":28,"turns":5},{"damage":22,"enemies":"Slavers","floor":29,"turns":8},{"damage":20,"enemies":"Snake Plant","floor":30,"turns":4},{"damage":2,"enemies":"Snecko","floor":31,"turns":5},{"damage":12,"enemies":"Collector","floor":33,"turns":7},{"damage":10,"enemies":"Orb Walker","floor":35,"turns":4},{"damage":18,"enemies":"Mind Bloom Boss Battle","floor":37,"turns":6},{"damage":0,"enemies":"3 Darklings","floor":39,"turns":5},{"damage":6,"enemies":"Giant Head","floor":40,"turns":5},{"damage":7,"enemies":"2 Orb Walkers","floor":41,"turns":4},{"damage":20,"enemies":"Nemesis","floor":42,"turns":9},{"damage":14,"enemies":"Reptomancer","floor":47,"turns":5},{"damage":0,"enemies":"Jaw Worm Horde","floor":48,"turns":1},{"damage":15,"enemies":"Donu and Deca","floor":50,"turns":4},{"damage":25,"enemies":"Time Eater","floor":51,"turns":11},{"damage":11,"enemies":"Shield and Spear","floor":55,"turns":4},{"damage":60,"enemies":"The Heart","floor":56,"turns":8}],"seed_played":"-7400291571874943112","potions_obtained":[{"floor":3,"key":"LiquidBronze"},{"floor":5,"key":"GamblersBrew"},{"floor":14,"key":"Weak Potion"},{"floor":16,"key":"Swift Potion"},{"floor":19,"key":"BloodPotion"},{"floor":24,"key":"LiquidBronze"},{"floor":27,"key":"Fire Potion"},{"floor":31,"key":"SteroidPotion"},{"floor":33,"key":"EssenceOfSteel"},{"floor":48,"key":"SmokeBomb"}],"is_trial":false,"path_per_floor":["M","?","M","?","M","R","E","R","T","?","E","M","$","E","R","B",null,"M","M","?","M","?","R","E","?","T","?","M","E","M","M","R","B",null,"M","?","?","$","M","E","?","E","T","R","T","?","E","M","R","B","B",null,"R","$","E","B",null],"character_chosen":"IRONCLAD","items_purchased":["Self Forming Clay","LiquidBronze","Seeing Red","Armaments"],"campfire_rested":2,"item_purchase_floors":[13,54,54,54],"current_hp_per_floor":[63,63,65,54,55,55,34,34,34,34,22,28,28,28,28,20,64,29,26,25,29,29,56,40,40,40,40,40,27,16,20,48,42,87,86,86,80,80,97,101,109,111,111,111,111,111,115,120,120,123,116,121,121,121,128,91],"gold":147,"neow_bonus":"UPGRADE_CARD","is_prod":false,"is_daily":false,"chose_seed":false,"campfire_upgraded":4,"win_rate":0,"timestamp":1551502229,"path_taken":["M","?","M","?","M","R","E","R","T","?","E","M","$","E","R","BOSS","M","M","?","M","?","R","E","?","T","?","?","E","M","M","R","BOSS","M","?","?","$","M","E","?","E","T","R","?","?","E","M","R","BOSS","BOSS","R","$","E","BOSS"],"build_version":"2019-01-23","purchased_purges":2,"victory":true,"max_hp_per_floor":[75,75,75,75,75,75,75,75,75,75,77,77,77,79,79,79,79,79,82,85,90,90,90,90,90,90,90,90,93,96,96,96,96,100,103,103,109,109,112,112,115,117,117,117,117,117,117,120,120,123,123,123,123,123,129,129],"card_choices":[{"not_picked":["Clash","Inflame"],"picked":"Perfected Strike","floor":1},{"not_picked":["Thunderclap","Power Through"],"picked":"Anger","floor":3},{"not_picked":["Reckless Charge","Sword Boomerang"],"picked":"Shrug It Off","floor":5},{"not_picked":["Sword Boomerang","Infernal Blade"],"picked":"Immolate","floor":7},{"not_picked":["Flex","Rupture","Anger"],"picked":"Singing Bowl","floor":11},{"not_picked":["Headbutt","Inflame"],"picked":"True Grit","floor":12},{"not_picked":["Anger","Searing Blow","Sword Boomerang"],"picked":"Singing Bowl","floor":14},{"not_picked":["Impervious","Barricade"],"picked":"Feed","floor":16},{"not_picked":["Sword Boomerang","Flex"],"picked":"Cleave","floor":18},{"not_picked":["Anger","Barricade"],"picked":"Armaments","floor":19},{"not_picked":["Sever Soul","Warcry","Anger"],"picked":"Singing Bowl","floor":21},{"not_picked":["Cleave","Wild Strike"],"picked":"Clothesline","floor":24},{"not_picked":["Warcry","Bloodletting","Clothesline"],"picked":"Ghostly Armor","floor":28},{"not_picked":["Infernal Blade","Rampage","Limit Break"],"picked":"Shrug It Off","floor":29},{"not_picked":["Power Through","Body Slam","Whirlwind"],"picked":"True Grit","floor":30},{"not_picked":["Heavy Blade","Body Slam","Iron Wave"],"picked":"Seeing Red+1","floor":31},{"not_picked":["Bludgeon","Brutality","Feed"],"picked":"Offering","floor":33},{"not_picked":["Thunderclap","Rupture","Corruption"],"picked":"Battle Trance","floor":34},{"not_picked":["Flex+1","Immolate","Body Slam"],"picked":"Uppercut+1","floor":34},{"not_picked":["Warcry","Flex","Sword Boomerang+1"],"picked":"Corruption+1","floor":34},{"not_picked":["Headbutt","Pommel Strike","Anger+1","Cleave"],"picked":"Singing Bowl","floor":34},{"not_picked":["Hemokinesis","Headbutt","Heavy Blade","Pommel Strike"],"picked":"Singing Bowl","floor":34},{"not_picked":["Cleave","Flex+1","Searing Blow+1"],"picked":"Shockwave","floor":35},{"not_picked":["Iron Wave","Sword Boomerang","Fire Breathing","Clothesline+1"],"picked":"Singing Bowl","floor":37},{"not_picked":["Perfected Strike+1","Body Slam","Headbutt"],"picked":"Impervious","floor":39},{"not_picked":["Rupture+1","Ghostly Armor","Anger"],"picked":"Flame Barrier","floor":40},{"not_picked":["True Grit","Dropkick","Thunderclap"],"picked":"Warcry+1","floor":41},{"not_picked":["Cleave","Dual Wield","Havoc+1","Clothesline"],"picked":"Singing Bowl","floor":42},{"not_picked":["Pommel Strike","Perfected Strike","Havoc"],"picked":"Whirlwind+1","floor":47},{"not_picked":["Wild Strike+1","Iron Wave","Flex"],"picked":"Uppercut+1","floor":48},{"not_picked":["Havoc+1","Warcry","Dual Wield","Reckless Charge"],"picked":"Singing Bowl","floor":55}],"player_experience":565233,"relics_obtained":[{"floor":7,"key":"Dead Branch"},{"floor":9,"key":"Singing Bowl"},{"floor":11,"key":"Peace Pipe"},{"floor":14,"key":"Oddly Smooth Stone"},{"floor":24,"key":"Bag of Marbles"},{"floor":26,"key":"Question Card"},{"floor":29,"key":"Kunai"},{"floor":37,"key":"Bird Faced Urn"},{"floor":40,"key":"Letter Opener"},{"floor":41,"key":"Calipers"},{"floor":42,"key":"Mercury Hourglass"},{"floor":45,"key":"Bronze Scales"},{"floor":47,"key":"Regal Pillow"},{"floor":55,"key":"War Paint"}],"event_choices":[{"damage_healed":0,"gold_gain":0,"player_choice":"Ignored","damage_taken":0,"max_hp_gain":0,"max_hp_loss":0,"event_name":"Liars Game","floor":2,"gold_loss":0},{"damage_healed":0,"gold_gain":75,"player_choice":"Gather Gold","damage_taken":11,"max_hp_gain":0,"max_hp_loss":0,"event_name":"World of Goop","floor":4,"gold_loss":0},{"cards_removed":["Strike_R"],"damage_healed":0,"gold_gain":0,"player_choice":"Forget","damage_taken":0,"max_hp_gain":0,"max_hp_loss":0,"event_name":"Living Wall","floor":10,"gold_loss":0},{"damage_healed":0,"gold_gain":0,"player_choice":"Fight","damage_taken":0,"max_hp_gain":0,"max_hp_loss":0,"event_name":"Colosseum","floor":20,"gold_loss":0},{"damage_healed":0,"gold_gain":0,"player_choice":"Fled From Nobs","damage_taken":0,"max_hp_gain":0,"max_hp_loss":0,"event_name":"Colosseum","floor":20,"gold_loss":0},{"damage_healed":0,"gold_gain":0,"player_choice":"Read","damage_taken":0,"max_hp_gain":0,"max_hp_loss":0,"event_name":"The Library","floor":22,"gold_loss":0,"cards_obtained":["Corruption"]},{"cards_removed":["Strike_R"],"damage_healed":0,"gold_gain":0,"player_choice":"Gave Gold","damage_taken":0,"max_hp_gain":0,"max_hp_loss":0,"event_name":"Beggar","floor":25,"gold_loss":75},{"damage_healed":0,"gold_gain":0,"player_choice":"Got Potions","damage_taken":0,"max_hp_gain":0,"max_hp_loss":0,"event_name":"Lab","floor":27,"gold_loss":0},{"damage_healed":0,"gold_gain":0,"player_choice":"Ignored","damage_taken":0,"max_hp_gain":0,"max_hp_loss":0,"event_name":"Tomb of Lord Red Mask","floor":36,"gold_loss":0},{"damage_healed":0,"gold_gain":0,"player_choice":"Fight","damage_taken":0,"max_hp_gain":0,"max_hp_loss":0,"event_name":"MindBloom","floor":37,"gold_loss":0},{"damage_healed":0,"gold_gain":0,"player_choice":"Fight","damage_taken":0,"max_hp_gain":0,"max_hp_loss":0,"event_name":"Mysterious Sphere","floor":41,"gold_loss":0},{"cards_removed":["Strike_R"],"damage_healed":0,"gold_gain":0,"player_choice":"Upgrade and Remove","damage_taken":0,"max_hp_gain":0,"max_hp_loss":0,"event_name":"Designer","floor":46,"gold_loss":110,"cards_upgraded":["Ghostly Armor"]}],"is_beta":false,"boss_relics":[{"not_picked":["Eternal Feather","Astrolabe"],"picked":"Philosopher\u0027s Stone"},{"not_picked":["Lizard Tail","Runic Cube"],"picked":"Orrery"}],"items_purged_floors":[38,54],"is_endless":false,"potions_floor_spawned":[3,5,14,16,19,24,31,33,35,42,48],"ascension_level":20}