{"gold_per_floor":[113,129,143,155,174,202,202,202,227,51,51,51,64,64,64,190,253,276,276,301,313,325],"floor_reached":22,"playtime":2597,"items_purged":[],"score":236,"play_id":"1d128215-f73f-44ac-a8c2-ad21c0b99b34","local_time":"20180724021624","is_ascension_mode":false,"campfire_choices":[{"floor":7,"key":"REST"},{"floor":11,"key":"REST"},{"data":"Turbo","floor":15,"key":"SMITH"}],"neow_cost":"TEN_PERCENT_HP_LOSS","seed_source_timestamp":50296006167434,"circlet_count":0,"master_deck":["Strike_B","Strike_B","Strike_B","Defend_B","Defend_B","Defend_B","Defend_B","Zap","Dualcast","Creative AI","Steam","Turbo+1","Steam Power","Seek","Storm","Stack","Injury","Leap","All For One+1","Hologram","Hologram+1","Writhe","Force Field+1"],"relics":["Cracked Core","Bag of Marbles","Dream Catcher","Golden Idol","Tiny House","MawBank"],"potions_floor_usage":[18,22,22],"damage_taken":[{"damage":1,"enemies":"Jaw Worm","floor":1,"turns":4},{"damage":3,"enemies":"Small Slimes","floor":2,"turns":3},{"damage":0,"enemies":"2 Louse","floor":3,"turns":4},{"damage":5,"enemies":"Exordium Wildlife","floor":4,"turns":3},{"damage":5,"enemies":"3 Louse","floor":5,"turns":4},{"damage":40,"enemies":"3 Sentries","floor":6,"turns":9},{"damage":6,"enemies":"2 Fungi Beasts","floor":13,"turns":4},{"damage":0,"enemies":"Slime Boss","floor":16,"turns":7},{"damage":17,"enemies":"Shell Parasite","floor":18,"turns":12},{"damage":24,"enemies":"Spheric Guardian","floor":20,"turns":7},{"damage":69,"enemies":"3 Cultists","floor":22,"turns":6}],"seed_played":"-8716235359340261616","potions_obtained":[{"floor":1,"key":"Poison Potion"},{"floor":4,"key":"FearPotion"},{"floor":13,"key":"SpeedPotion"},{"floor":17,"key":"LiquidBronze"},{"floor":20,"key":"SpeedPotion"}],"is_trial":false,"path_per_floor":["M","M","M","M","M","E","R","?","T","$","R","?","M","$","R","B",null,"M","?","M","?"],"character_chosen":"DEFECT","items_purchased":["Storm","Stack","Regen Potion"],"campfire_rested":2,"item_purchase_floors":[10,10,10],"current_hp_per_floor":[67,64,64,59,54,14,34,27,27,27,47,47,41,41,41,41,73,68,68,44,68,0],"gold":325,"neow_bonus":"THREE_RARE_CARDS","is_prod":false,"is_daily":false,"chose_seed":false,"campfire_upgraded":1,"win_rate":0,"timestamp":1532412984,"path_taken":["M","M","M","M","M","E","R","?","T","$","R","?","M","$","R","BOSS","M","?","M","?","M"],"build_version":"2018-07-19v2","purchased_purges":0,"victory":false,"max_hp_per_floor":[68,68,68,68,68,68,68,68,68,68,68,68,68,68,68,68,73,73,73,73,73,73],"card_choices":[{"not_picked":["Thunder Strike","Amplify"],"picked":"Creative AI","floor":0},{"not_picked":["Capacitor","Rebound"],"picked":"Steam","floor":1},{"not_picked":["Sweeping Beam","Chaos"],"picked":"Turbo","floor":2},{"not_picked":["Melter","Self Repair","Leap"],"picked":"SKIP","floor":3},{"not_picked":["Sweeping Beam","Loop","Capacitor"],"picked":"SKIP","floor":4},{"not_picked":["Chill","Beam Cell"],"picked":"Steam Power","floor":5},{"not_picked":["Redo","Barrage"],"picked":"Seek","floor":6},{"not_picked":["Heatsinks","Turbo"],"picked":"Leap","floor":13},{"not_picked":["Buffer","Amplify"],"picked":"All For One","floor":16},{"not_picked":["Conserve Battery","Steam"],"picked":"Hologram","floor":17},{"not_picked":["Barrage","Streamline"],"picked":"Hologram+1","floor":18},{"not_picked":["Rebound","Conserve Battery"],"picked":"Force Field+1","floor":20}],"player_experience":253430,"relics_obtained":[{"floor":6,"key":"Bag of Marbles"},{"floor":9,"key":"Dream Catcher"}],"event_choices":[{"event_name":"Golden Wing","player_choice":"Card Removal","floor":8,"damage_taken":0},{"event_name":"Golden Idol","player_choice":"Take Wound","floor":12,"damage_taken":0},{"event_name":"The Mausoleum","player_choice":"Yes","floor":19,"damage_taken":0},{"event_name":"The Library","player_choice":"Heal","floor":21,"damage_taken":0}],"is_beta":false,"boss_relics":[{"not_picked":["Velvet Choker","Sozu"],"picked":"Tiny House"}],"items_purged_floors":[],"is_endless":false,"potions_floor_spawned":[1,4,13,20],"killed_by":"3 Cultists","ascension_level":0}