{"gold_per_floor":[110,122,122,122,8,22,22,32,32,48,48,80,80,91,91,193,193,210,228,110,110],"floor_reached":21,"playtime":1895,"items_purged":["Regret"],"score":181,"play_id":"7ea95000-abd9-4b86-86ca-0cca95894a19","local_time":"20190113115622","is_ascension_mode":false,"campfire_choices":[{"data":"Infinite Blades","floor":7,"key":"SMITH"},{"data":"Catalyst","floor":13,"key":"SMITH"},{"data":"Noxious Fumes","floor":15,"key":"SMITH"}],"neow_cost":"NONE","seed_source_timestamp":217497298000902,"circlet_count":0,"master_deck":["Defend_G","Defend_G","Defend_G","Defend_G","Defend_G","Strike_G+1","Strike_G+1","Survivor","Neutralize","Infinite Blades+1","Blur","Backflip","Noxious Fumes+1","All Out Attack","Catalyst+1","Backflip","Adrenaline","Choke+1","Reflex+1","PiercingWail+1","Well Laid Plans","Prepared"],"relics":["Ring of the Snake","Paper Crane","Ninja Scroll","Blood Vial","Astrolabe"],"potions_floor_usage":[],"damage_taken":[{"damage":1,"enemies":"Cultist","floor":1,"turns":4},{"damage":0,"enemies":"2 Louse","floor":2,"turns":3},{"damage":3,"enemies":"Small Slimes","floor":6,"turns":4},{"damage":2,"enemies":"Blue Slaver","floor":8,"turns":4},{"damage":7,"enemies":"Lots of Slimes","floor":10,"turns":5},{"damage":8,"enemies":"3 Sentries","floor":12,"turns":7},{"damage":3,"enemies":"Looter","floor":14,"turns":3},{"damage":10,"enemies":"Hexaghost","floor":16,"turns":9},{"damage":11,"enemies":"Spheric Guardian","floor":18,"turns":5},{"damage":3,"enemies":"3 Byrds","floor":19,"turns":4},{"damage":24,"enemies":"3 Cultists","floor":21,"turns":5}],"seed_played":"-430036924279578066","potions_obtained":[{"floor":1,"key":"EssenceOfSteel"},{"floor":8,"key":"Block Potion"},{"floor":12,"key":"Swift Potion"}],"is_trial":false,"path_per_floor":["M","M","?","?","$","M","R","M","T","M","?","E","R","M","R","B",null,"M","M","$","M"],"character_chosen":"THE_SILENT","items_purchased":["Blur","Well Laid Plans","Prepared"],"campfire_rested":0,"item_purchase_floors":[5,20,20],"current_hp_per_floor":[76,76,76,61,61,58,58,56,56,49,49,41,41,40,40,32,77,66,65,65,43],"gold":110,"neow_bonus":"TEN_PERCENT_HP_BONUS","is_prod":false,"is_daily":false,"chose_seed":false,"campfire_upgraded":3,"win_rate":0.0,"timestamp":1547409382,"path_taken":["M","M","?","?","$","M","R","M","T","M","?","E","R","M","R","BOSS","M","M","?","M"],"build_version":"2019-01-10","purchased_purges":1,"victory":false,"max_hp_per_floor":[77,77,77,77,77,77,77,77,77,77,77,77,77,77,77,77,77,77,77,77,77],"card_choices":[{"not_picked":["Finisher","Deadly Poison"],"picked":"Infinite Blades","floor":1},{"not_picked":["Deflect","Eviscerate","Quick Slash"],"picked":"SKIP","floor":2},{"not_picked":["Quick Slash","Outmaneuver"],"picked":"Backflip","floor":6},{"not_picked":["Deadly Poison","Underhanded Strike"],"picked":"Noxious Fumes","floor":8},{"not_picked":["Outmaneuver","Slice","Underhanded Strike"],"picked":"SKIP","floor":10},{"not_picked":["Poisoned Stab","Acrobatics"],"picked":"Catalyst","floor":12},{"not_picked":["Outmaneuver","Skewer"],"picked":"Backflip","floor":14},{"not_picked":["Venomology","Unload"],"picked":"Adrenaline","floor":16},{"not_picked":["Slice","Distraction","Underhanded Strike"],"picked":"SKIP","floor":18},{"not_picked":["Underhanded Strike+1","Dagger Throw","Slice"],"picked":"SKIP","floor":19}],"player_experience":50820,"relics_obtained":[{"floor":9,"key":"Ninja Scroll"},{"floor":12,"key":"Blood Vial"}],"event_choices":[{"damage_healed":0,"gold_gain":0,"player_choice":"Box","damage_taken":0,"relics_obtained":["Paper Crane"],"max_hp_gain":0,"max_hp_loss":0,"event_name":"Big Fish","floor":3,"gold_loss":0,"cards_obtained":["Regret"]},{"damage_healed":0,"gold_gain":0,"player_choice":"Entered Light","damage_taken":15,"max_hp_gain":0,"max_hp_loss":0,"event_name":"Shining Light","floor":4,"gold_loss":0,"cards_upgraded":["Strike_G","Strike_G"]},{"damage_healed":0,"gold_gain":0,"player_choice":"1 cards matched","damage_taken":0,"max_hp_gain":0,"max_hp_loss":0,"event_name":"Match and Keep!","floor":11,"gold_loss":0,"cards_obtained":["All Out Attack"]}],"is_beta":false,"boss_relics":[{"not_picked":["White Beast Statue","Velvet Choker"],"picked":"Astrolabe"}],"items_purged_floors":[5],"is_endless":false,"potions_floor_spawned":[1,8,12],"killed_by":"3 Cultists","ascension_level":0}