{"gold_per_floor":[118,133,133,133,152,187,187,362,362,373,373,408,421,456,456,561,561,579,579,579,30,30,59,75,75,147,147,147,162,176,195,195,195],"floor_reached":33,"playtime":2669,"items_purged":[],"score":285,"play_id":"a4f92dd9-797c-4a5e-99c0-ae969d7d7c37","local_time":"20190301015235","is_ascension_mode":false,"campfire_choices":[{"data":"Body Slam","floor":7,"key":"SMITH"},{"floor":15,"key":"REST"},{"floor":27,"key":"REST"},{"data":"Juggernaut","floor":32,"key":"SMITH"}],"neow_cost":"NONE","seed_source_timestamp":1424553778993200,"circlet_count":0,"master_deck":["Strike_R","Strike_R+1","Strike_R","Defend_R","Defend_R","Defend_R","Defend_R","Bash","Wild Strike","Cleave+1","Body Slam+1","Second Wind","Armaments+1","Strike_G","Feed","Body Slam","Armaments+1","Double Tap+1","Wild Strike","True Grit+1","Feel No Pain","Ghostly Armor+1","Iron Wave","PanicButton+1","Shrug It Off+1","Juggernaut+1","RitualDagger","Rage+1","Sentinel+1","Power Through+1"],"relics":["Burning Blood","Anchor","Red Skull","Toxic Egg 2","Dodecahedron","Mercury Hourglass","Eternal Feather","Charon\u0027s Ashes","Centennial Puzzle","Bottled Lightning"],"potions_floor_usage":[16,16,16,23,23,31],"damage_taken":[{"damage":0,"enemies":"Small Slimes","floor":1,"turns":3},{"damage":0,"enemies":"2 Louse","floor":2,"turns":2},{"damage":0,"enemies":"Cultist","floor":5,"turns":2},{"damage":19,"enemies":"Gremlin Nob","floor":6,"turns":4},{"damage":5,"enemies":"Looter","floor":10,"turns":3},{"damage":34,"enemies":"3 Sentries","floor":12,"turns":8},{"damage":0,"enemies":"2 Fungi Beasts","floor":13,"turns":2},{"damage":20,"enemies":"Gremlin Nob","floor":14,"turns":4},{"damage":52,"enemies":"Slime Boss","floor":16,"turns":8},{"damage":0,"enemies":"Spheric Guardian","floor":18,"turns":3},{"damage":38,"enemies":"Book of Stabbing","floor":23,"turns":6},{"damage":0,"enemies":"2 Thieves","floor":24,"turns":3},{"damage":20,"enemies":"Centurion and Healer","floor":29,"turns":6},{"damage":8,"enemies":"Shelled Parasite and Fungi","floor":30,"turns":5},{"damage":6,"enemies":"Snecko","floor":31,"turns":4},{"damage":96,"enemies":"Champ","floor":33,"turns":11}],"seed_played":"5360941086043508291","potions_obtained":[{"floor":10,"key":"FearPotion"},{"floor":13,"key":"Regen Potion"},{"floor":14,"key":"SpeedPotion"},{"floor":16,"key":"Fire Potion"},{"floor":18,"key":"Poison Potion"},{"floor":24,"key":"Explosive Potion"}],"is_trial":false,"path_per_floor":["?","?","M","?","?","M","?","?","$","?","M","?","?","M"],"character_chosen":"IRONCLAD","items_purchased":["Charon\u0027s Ashes","Feel No Pain","Ghostly Armor+1","Iron Wave","PanicButton+1"],"campfire_rested":2,"item_purchase_floors":[21,21,21,21,21],"current_hp_per_floor":[80,80,64,80,80,67,67,67,67,68,68,40,49,35,59,32,87,87,87,70,70,70,38,44,38,38,80,80,66,64,64,82,0],"gold":195,"neow_bonus":"RANDOM_COMMON_RELIC","is_prod":false,"is_daily":false,"chose_seed":false,"campfire_upgraded":2,"win_rate":0.0,"timestamp":1551379955,"path_taken":["M","M","?","?","?","E","R","?","T","M","?","E","?","E","R","BOSS","M","?","?","?","?","E","?","?","T","R","?","?","M","M","R","BOSS"],"build_version":"2019-01-23","purchased_purges":0,"victory":false,"max_hp_per_floor":[80,80,80,80,80,80,80,80,80,80,80,80,83,83,83,87,87,87,87,92,92,92,92,92,92,92,92,92,92,92,92,92,92],"card_choices":[{"not_picked":["Cleave","Perfected Strike"],"picked":"Wild Strike","floor":1},{"not_picked":["Whirlwind","Evolve"],"picked":"Cleave","floor":2},{"not_picked":["Havoc","Corruption"],"picked":"Body Slam","floor":5},{"not_picked":["Flex","Headbutt"],"picked":"Second Wind","floor":6},{"not_picked":["Body Slam","Warcry+1"],"picked":"Armaments+1","floor":10},{"not_picked":["Thunderclap","Havoc+1"],"picked":"Feed","floor":12},{"not_picked":["Pommel Strike","Headbutt"],"picked":"Body Slam","floor":13},{"not_picked":["Twin Strike","Dual Wield+1"],"picked":"Armaments+1","floor":14},{"not_picked":["Exhume+1","Fiend Fire"],"picked":"Double Tap+1","floor":16},{"not_picked":["Flex+1","Anger"],"picked":"Wild Strike","floor":18},{"not_picked":["Clothesline","Battle Trance+1"],"picked":"Shrug It Off+1","floor":23},{"not_picked":["True Grit+1","Whirlwind+1"],"picked":"Juggernaut","floor":24},{"not_picked":["Feel No Pain","Cleave"],"picked":"Rage+1","floor":29},{"not_picked":["Iron Wave","Heavy Blade+1"],"picked":"Sentinel+1","floor":30},{"not_picked":["Iron Wave","Dual Wield+1"],"picked":"Power Through+1","floor":31}],"player_experience":230030,"relics_obtained":[{"floor":6,"key":"Red Skull"},{"floor":9,"key":"Toxic Egg 2"},{"floor":12,"key":"Dodecahedron"},{"floor":14,"key":"Mercury Hourglass"},{"floor":23,"key":"Centennial Puzzle"},{"floor":26,"key":"Bottled Lightning"}],"event_choices":[{"damage_healed":0,"gold_gain":0,"player_choice":"Entered Light","damage_taken":16,"max_hp_gain":0,"max_hp_loss":0,"event_name":"Shining Light","floor":3,"gold_loss":0,"cards_upgraded":["Cleave","Strike_R"]},{"damage_healed":16,"gold_gain":0,"player_choice":"Full Heal","damage_taken":0,"max_hp_gain":0,"max_hp_loss":0,"event_name":"Wheel of Change","floor":4,"gold_loss":0},{"damage_healed":0,"gold_gain":175,"player_choice":"AGREE","damage_taken":0,"max_hp_gain":0,"max_hp_loss":0,"event_name":"Liars Game","floor":8,"gold_loss":0,"cards_obtained":["Doubt"]},{"cards_removed":["Strike_R"],"damage_healed":0,"gold_gain":0,"player_choice":"Took Card","damage_taken":0,"max_hp_gain":0,"max_hp_loss":0,"event_name":"NoteForYourself","floor":11,"gold_loss":0,"cards_obtained":["Strike_G"]},{"damage_healed":0,"gold_gain":0,"player_choice":"Read","damage_taken":0,"max_hp_gain":0,"max_hp_loss":0,"event_name":"The Library","floor":19,"gold_loss":0,"cards_obtained":["True Grit"]},{"damage_healed":0,"gold_gain":0,"player_choice":"Shed Blood","damage_taken":22,"max_hp_gain":5,"max_hp_loss":0,"event_name":"Forgotten Altar","floor":20,"gold_loss":0},{"cards_removed":["Doubt"],"damage_healed":0,"gold_gain":0,"player_choice":"Removed Curses","damage_taken":0,"max_hp_gain":0,"max_hp_loss":0,"event_name":"Fountain of Cleansing","floor":22,"gold_loss":0},{"damage_healed":0,"gold_gain":0,"player_choice":"Joined the Cult","damage_taken":6,"max_hp_gain":0,"max_hp_loss":0,"event_name":"Nest","floor":25,"gold_loss":0,"cards_obtained":["RitualDagger"]},{"cards_removed":["Strike_R"],"damage_healed":0,"gold_gain":0,"player_choice":"Offered Basic","damage_taken":0,"max_hp_gain":0,"max_hp_loss":0,"event_name":"Bonfire Elementals","floor":28,"gold_loss":0}],"is_beta":false,"boss_relics":[{"not_picked":["Empty Cage","White Beast Statue"],"picked":"Eternal Feather"}],"items_purged_floors":[],"is_endless":false,"potions_floor_spawned":[10,13,14,16,18,24],"killed_by":"Champ","ascension_level":0}