{"gold_per_floor":[111,127,141,54,64,64,64,64,64,84,104,122,122,140,140,140],"floor_reached":16,"playtime":1730,"items_purged":[],"score":96,"play_id":"c4af3bd6-619d-4b1c-b562-60c616911335","local_time":"20181105013951","is_ascension_mode":false,"campfire_choices":[{"data":"Discovery","floor":7,"key":"SMITH"},{"data":"Hologram","floor":15,"key":"SMITH"}],"neow_cost":"NONE","seed_source_timestamp":40260608375458,"circlet_count":0,"master_deck":["Strike_B","Strike_B","Strike_B","Strike_B","Defend_B","Defend_B","Defend_B","Defend_B","Zap","Dualcast","Deep Breath","Streamline","Hologram+1","Hologram","Discovery+1","FTL","Conserve Battery","BootSequence","Skim"],"relics":["Cracked Core","Golden Idol","Ginger","SsserpentHead"],"potions_floor_usage":[16,16],"damage_taken":[{"damage":0,"enemies":"2 Louse","floor":1,"turns":2},{"damage":18,"enemies":"Jaw Worm","floor":2,"turns":3},{"damage":0,"enemies":"Cultist","floor":3,"turns":3},{"damage":38,"enemies":"Exordium Thugs","floor":5,"turns":7},{"damage":0,"enemies":"Blue Slaver","floor":10,"turns":4},{"damage":11,"enemies":"Exordium Wildlife","floor":11,"turns":2},{"damage":13,"enemies":"Red Slaver","floor":12,"turns":3},{"damage":1,"enemies":"Large Slime","floor":14,"turns":6},{"damage":34,"enemies":"The Guardian","floor":16,"turns":12}],"seed_played":"5491940442629423636","potions_obtained":[{"floor":1,"key":"Regen Potion"},{"floor":12,"key":"Poison Potion"}],"is_trial":false,"path_per_floor":["M","M","M","$","M","?","R","?","T","M","M","M","?","M","R","B"],"character_chosen":"DEFECT","items_purchased":["Discovery"],"campfire_rested":0,"item_purchase_floors":[4],"current_hp_per_floor":[75,57,57,57,19,19,19,42,42,42,31,18,18,17,17,0],"gold":140,"neow_bonus":"RANDOM_COLORLESS","is_prod":false,"is_daily":false,"chose_seed":false,"campfire_upgraded":2,"win_rate":0.0,"timestamp":1541399991,"path_taken":["M","M","M","$","M","?","R","?","T","M","M","M","?","M","R","BOSS"],"build_version":"2018-11-02","purchased_purges":0,"victory":false,"max_hp_per_floor":[75,75,75,75,75,69,69,69,69,69,69,69,69,69,69,69],"card_choices":[{"not_picked":["Stack","Conserve Battery"],"picked":"Streamline","floor":1},{"not_picked":["Ball Lightning","Consume"],"picked":"Hologram","floor":2},{"not_picked":["Redo","Compile Driver"],"picked":"Hologram","floor":3},{"not_picked":["Aggregate","Compile Driver"],"picked":"FTL","floor":5},{"not_picked":["Storm","Ball Lightning","Cold Snap"],"picked":"SKIP","floor":10},{"not_picked":["Hello World","Genetic Algorithm"],"picked":"Conserve Battery","floor":11},{"not_picked":["Leap","Reinforced Body"],"picked":"BootSequence","floor":12},{"not_picked":["Compile Driver","Defragment"],"picked":"Skim","floor":14}],"player_experience":22161,"relics_obtained":[{"floor":9,"key":"Ginger"}],"event_choices":[{"damage_healed":0,"gold_gain":0,"player_choice":"Lose Max HP","damage_taken":0,"relics_obtained":["Golden Idol"],"max_hp_gain":0,"max_hp_loss":6,"event_name":"Golden Idol","floor":6,"gold_loss":0},{"damage_healed":23,"gold_gain":0,"player_choice":"Banana","damage_taken":0,"max_hp_gain":0,"max_hp_loss":0,"event_name":"Big Fish","floor":8,"gold_loss":0},{"damage_healed":0,"gold_gain":0,"player_choice":"Trade","damage_taken":0,"relics_obtained":["SsserpentHead"],"max_hp_gain":0,"max_hp_loss":0,"event_name":"FaceTrader","floor":13,"gold_loss":0}],"is_beta":true,"boss_relics":[],"items_purged_floors":[],"is_endless":false,"potions_floor_spawned":[1,12],"killed_by":"The Guardian","ascension_level":0}