{"gold_per_floor":[16,35,53,68,88,123,123],"floor_reached":7,"playtime":544,"items_purged":[],"score":55,"play_id":"e983edae-c3a9-4e0f-9242-e89e698451ae","local_time":"20181105031945","is_ascension_mode":false,"campfire_choices":[],"neow_cost":"NO_GOLD","seed_source_timestamp":47444218482654,"circlet_count":0,"master_deck":["Strike_B","Strike_B","Strike_B","Strike_B","Defend_B","Defend_B","Defend_B","Defend_B","Zap","Dualcast","Purity","Secret Technique","Defragment","Stack","Sweeping Beam","Hologram","Amplify"],"relics":["Cracked Core","Bottled Lightning"],"potions_floor_usage":[6],"damage_taken":[{"damage":1,"enemies":"2 Louse","floor":1,"turns":3},{"damage":0,"enemies":"Small Slimes","floor":2,"turns":3},{"damage":5,"enemies":"Cultist","floor":3,"turns":4},{"damage":20,"enemies":"Gremlin Gang","floor":4,"turns":5},{"damage":1,"enemies":"Large Slime","floor":5,"turns":5},{"damage":34,"enemies":"3 Sentries","floor":6,"turns":8},{"damage":38,"enemies":"The Mushroom Lair","floor":7,"turns":4}],"seed_played":"-1591084441984406998","potions_obtained":[{"floor":1,"key":"Regen Potion"},{"floor":6,"key":"Weak Potion"}],"is_trial":false,"path_per_floor":["M","M","M","M","M","E","?"],"character_chosen":"DEFECT","items_purchased":[],"campfire_rested":0,"item_purchase_floors":[],"current_hp_per_floor":[74,74,69,49,48,29,0],"gold":123,"neow_bonus":"RANDOM_COLORLESS_2","is_prod":false,"is_daily":false,"chose_seed":false,"campfire_upgraded":0,"win_rate":0.0,"timestamp":1541405985,"path_taken":["M","M","M","M","M","E","?"],"build_version":"2018-11-02","purchased_purges":0,"victory":false,"max_hp_per_floor":[75,75,75,75,75,75,75],"card_choices":[{"not_picked":["Beam Cell","Barrage"],"picked":"Defragment","floor":1},{"not_picked":["Coolheaded","Capacitor"],"picked":"Stack","floor":2},{"not_picked":["Aggregate","Barrage"],"picked":"Sweeping Beam","floor":3},{"not_picked":["Coolheaded","Beam Cell","Compile Driver"],"picked":"SKIP","floor":4},{"not_picked":["Cold Snap","BootSequence"],"picked":"Hologram","floor":5},{"not_picked":["Doom and Gloom","Chill"],"picked":"Amplify","floor":6}],"player_experience":26524,"relics_obtained":[{"floor":6,"key":"Bottled Lightning"}],"event_choices":[{"damage_healed":0,"gold_gain":0,"player_choice":"Fought Mushrooms","damage_taken":0,"max_hp_gain":0,"max_hp_loss":0,"event_name":"Mushrooms","floor":7,"gold_loss":0}],"is_beta":true,"boss_relics":[],"items_purged_floors":[],"is_endless":false,"potions_floor_spawned":[1,6],"killed_by":"The Mushroom Lair","ascension_level":0}