{"gold_per_floor":[111,111,124,124,197,231,51,51,51,65,76,87,87,98,98,193,193,206,13,13,13,12,12,12,32,109,109,109,109,126,136,136,232,232,251,265,110,127,127,137,137,137,137,149,162,195,15,32,32,32],"floor_reached":51,"playtime":6290,"items_purged":["Strike_B","Strike_B"],"score":706,"play_id":"e66f7af1-d02b-4d9d-b6e4-937e78168215","local_time":"20181105151148","is_ascension_mode":false,"campfire_choices":[{"data":"Dualcast","floor":8.0,"key":"SMITH"},{"data":"Defragment","floor":15.0,"key":"SMITH"},{"data":"Writhe","floor":23.0,"key":"PURGE"},{"data":"Defend_B","floor":27.0,"key":"PURGE"},{"data":"Barrage","floor":29.0,"key":"SMITH"},{"data":"Defend_B","floor":32.0,"key":"PURGE"},{"data":"Consume","floor":41.0,"key":"SMITH"},{"floor":49,"key":"REST"}],"neow_cost":"NONE","seed_source_timestamp":4856689027735,"circlet_count":0,"master_deck":["Defend_B+1","Defend_B","Zap","Dualcast+1","Coolheaded+1","Redo","Gash","Deep Breath","Steam Power","Cold Snap","Defragment+1","Thunder Strike","Chaos+1","Ball Lightning","Barrage+1","Glacier","BootSequence+1","Chaos+1","Echo Form","Hologram+1","Go for the Eyes+1","Aggregate","Thinking Ahead","Consume+1","Dark Shackles","Steam Power","Sweeping Beam","Loop+1","Skim","Redo","White Noise+1"],"special_seed":0,"relics":["Cracked Core","NeowsBlessing","Letter Opener","Potion Belt","Thread and Needle","Inserter","Peace Pipe","Pear","White Beast Statue","Bag of Preparation","Mummified Hand","Ornamental Fan"],"potions_floor_usage":[48,50,50,50],"damage_taken":[{"damage":0.0,"enemies":"Cultist","floor":1.0,"turns":1.0},{"damage":0.0,"enemies":"Jaw Worm","floor":3.0,"turns":1.0},{"damage":0.0,"enemies":"Gremlin Nob","floor":6.0,"turns":1.0},{"damage":0.0,"enemies":"Small Slimes","floor":10.0,"turns":2.0},{"damage":0.0,"enemies":"Exordium Wildlife","floor":11.0,"turns":2.0},{"damage":2.0,"enemies":"Exordium Thugs","floor":12.0,"turns":3.0},{"damage":0.0,"enemies":"Large Slime","floor":14.0,"turns":4.0},{"damage":6.0,"enemies":"Slime Boss","floor":16.0,"turns":10.0},{"damage":0.0,"enemies":"Spheric Guardian","floor":18.0,"turns":6.0},{"damage":25.0,"enemies":"2 Thieves","floor":22.0,"turns":4.0},{"damage":8.0,"enemies":"Snake Plant","floor":25.0,"turns":6.0},{"damage":0.0,"enemies":"Snecko","floor":30.0,"turns":5.0},{"damage":0.0,"enemies":"Cultist and Chosen","floor":31.0,"turns":5.0},{"damage":19.0,"enemies":"Automaton","floor":33.0,"turns":11.0},{"damage":13.0,"enemies":"3 Darklings","floor":35.0,"turns":6.0},{"damage":0.0,"enemies":"Orb Walker","floor":36.0,"turns":4.0},{"damage":0.0,"enemies":"Transient","floor":38.0,"turns":5.0},{"damage":15.0,"enemies":"Writhing Mass","floor":40.0,"turns":6.0},{"damage":0.0,"enemies":"Sphere and 2 Shapes","floor":44.0,"turns":3.0},{"damage":0.0,"enemies":"Maw","floor":45.0,"turns":6.0},{"damage":10.0,"enemies":"Giant Head","floor":46.0,"turns":11.0},{"damage":29,"enemies":"3 Darklings","floor":48,"turns":5},{"damage":0,"enemies":"Time Eater","floor":50,"turns":12}],"seed_played":"8179241109106047710","potions_obtained":[{"floor":3.0,"key":"FairyPotion"},{"floor":10.0,"key":"FearPotion"},{"floor":12.0,"key":"Fire Potion"},{"floor":14.0,"key":"Block Potion"},{"floor":25.0,"key":"AttackPotion"},{"floor":30.0,"key":"Swift Potion"},{"floor":31.0,"key":"EssenceOfSteel"},{"floor":35.0,"key":"Explosive Potion"},{"floor":36.0,"key":"Ancient Potion"},{"floor":38.0,"key":"EssenceOfSteel"},{"floor":40.0,"key":"Energy Potion"},{"floor":44.0,"key":"Dexterity Potion"},{"floor":45.0,"key":"Block Potion"},{"floor":46.0,"key":"LiquidBronze"},{"floor":48,"key":"Swift Potion"}],"is_trial":false,"path_per_floor":["M","?","M","?","T","E","$","R","T","M","M","M","$","M","R","B",null,"M","$","?","?","M","R","?","M","T","R","$","R","M","M","R","B",null,"M","M","$","M","?","M","R","?","T","M","M","E","$","M","R","B",null],"character_chosen":"DEFECT","items_purchased":["Gash","Deep Breath","Ball Lightning","Barrage","Bag of Preparation","Skim","SkillPotion","Redo"],"campfire_rested":1,"item_purchase_floors":[7,7,19,19,37,47,47,47],"current_hp_per_floor":[75,75,75,60,60,60,60,60,60,60,60,58,58,58,58,52,75,75,75,75,75,50,50,50,42,52,52,52,52,52,52,52,33,85,72,72,72,72,67,52,52,52,52,52,52,42,42,13,38,38],"gold":32,"neow_bonus":"THREE_ENEMY_KILL","is_prod":false,"is_daily":false,"chose_seed":false,"campfire_upgraded":4,"win_rate":0.0,"timestamp":1541448708,"path_taken":["M","?","?","?","?","E","?","R","T","M","M","M","$","M","R","BOSS","M","$","?","?","M","R","?","M","T","R","$","R","?","M","R","BOSS","M","M","$","M","?","M","R","?","T","M","M","E","$","?","R","BOSS"],"build_version":"2018-11-02","purchased_purges":2,"victory":true,"max_hp_per_floor":[75,75,75,75,75,75,75,75,75,75,75,75,75,75,75,75,75,75,75,75,75,75,75,75,75,85,85,85,85,85,85,85,85,85,85,85,85,85,85,85,85,85,85,85,85,85,85,85,85,85],"card_choices":[{"not_picked":["Compile Driver","Beam Cell","Rebound"],"picked":"SKIP","floor":1.0},{"not_picked":["Biased Cognition","Force Field"],"picked":"Coolheaded","floor":3.0},{"not_picked":["Conserve Battery","Rip and Tear"],"picked":"Redo","floor":6.0},{"not_picked":["Conserve Battery","Redo"],"picked":"Steam Power","floor":10.0},{"not_picked":["Reprogram","Heatsinks"],"picked":"Cold Snap","floor":11.0},{"not_picked":["Coolheaded","Heatsinks","Doom and Gloom"],"picked":"SKIP","floor":12.0},{"not_picked":["Buffer","Cold Snap"],"picked":"Defragment","floor":14.0},{"not_picked":["Creative AI","Seek"],"picked":"Thunder Strike","floor":16.0},{"not_picked":["Hello World","Double Energy+1"],"picked":"Chaos+1","floor":18.0},{"not_picked":["Melter+1","Auto Shields"],"picked":"Glacier","floor":22.0},{"not_picked":["Ball Lightning+1","Capacitor","Sweeping Beam"],"picked":"SKIP","floor":25.0},{"not_picked":["Beam Cell+1","Go for the Eyes"],"picked":"BootSequence+1","floor":30.0},{"not_picked":["Chaos+1","Storm","Streamline"],"picked":"SKIP","floor":31.0},{"not_picked":["Storm","Streamline"],"picked":"Chaos+1","floor":31.0},{"not_picked":["Biased Cognition","Creative AI"],"picked":"Echo Form","floor":33.0},{"not_picked":["Ball Lightning+1","Rip and Tear"],"picked":"Hologram+1","floor":35.0},{"not_picked":["Darkness+1","Sweeping Beam+1"],"picked":"Go for the Eyes+1","floor":36.0},{"not_picked":["Undo","Steam Power"],"picked":"Aggregate","floor":38.0},{"not_picked":["Panacea","Good Instincts"],"picked":"Thinking Ahead","floor":39.0},{"not_picked":["Dramatic Entrance","Enlightenment"],"picked":"Purity","floor":39.0},{"not_picked":["Force Field","Doom and Gloom"],"picked":"Consume","floor":40.0},{"not_picked":["Streamline","Stack+1"],"picked":"Steam Power","floor":44.0},{"not_picked":["Gash","Aggregate"],"picked":"Sweeping Beam","floor":45.0},{"not_picked":["Conserve Battery","Hologram+1"],"picked":"Loop+1","floor":46.0},{"not_picked":["Steam+1","Chill"],"picked":"White Noise+1","floor":48}],"player_experience":27068,"relics_obtained":[{"floor":5.0,"key":"Letter Opener"},{"floor":6.0,"key":"Potion Belt"},{"floor":9.0,"key":"Thread and Needle"},{"floor":26.0,"key":"Pear"},{"floor":43.0,"key":"Mummified Hand"},{"floor":46.0,"key":"Ornamental Fan"}],"event_choices":[{"cards_removed":["Strike_B"],"damage_healed":0.0,"max_hp_gain":0.0,"max_hp_loss":0.0,"gold_gain":0.0,"event_name":"Purifier","player_choice":"Purged","floor":2.0,"gold_loss":0.0,"damage_taken":0.0},{"damage_healed":0.0,"max_hp_gain":0.0,"max_hp_loss":0.0,"gold_gain":0.0,"event_name":"Shining Light","player_choice":"Entered Light","floor":4.0,"gold_loss":0.0,"damage_taken":15.0,"cards_upgraded":["Coolheaded","Defend_B"]},{"damage_healed":0.0,"max_hp_gain":0.0,"max_hp_loss":0.0,"gold_gain":0.0,"event_name":"The Mausoleum","player_choice":"Opened","floor":20.0,"gold_loss":0.0,"damage_taken":0.0,"relics_obtained":["Peace Pipe"],"cards_obtained":["Writhe"]},{"damage_healed":0.0,"max_hp_gain":0.0,"max_hp_loss":0.0,"gold_gain":0.0,"event_name":"Vampires","player_choice":"Ignored","floor":21.0,"gold_loss":0.0,"damage_taken":0.0},{"cards_removed":["Strike_B"],"damage_healed":0.0,"max_hp_gain":0.0,"max_hp_loss":0.0,"gold_gain":0.0,"event_name":"Back to Basics","player_choice":"Elegance","floor":24.0,"gold_loss":0.0,"damage_taken":0.0},{"damage_healed":0.0,"max_hp_gain":0.0,"max_hp_loss":0.0,"gold_gain":0.0,"event_name":"SensoryStone","player_choice":"Memory 2","floor":39.0,"gold_loss":0.0,"damage_taken":5.0},{"damage_healed":0.0,"max_hp_gain":0.0,"max_hp_loss":0.0,"gold_gain":0.0,"cards_transformed":["Purity"],"event_name":"Transmorgrifier","player_choice":"Transformed","floor":42.0,"gold_loss":0.0,"damage_taken":0.0,"cards_obtained":["Dark Shackles"]}],"is_beta":true,"boss_relics":[{"not_picked":["Runic Pyramid","Nuclear Battery"],"picked":"Inserter"},{"not_picked":["Philosopher\u0027s Stone","Runic Dome"],"picked":"White Beast Statue"}],"items_purged_floors":[7,19],"is_endless":false,"potions_floor_spawned":[3,10,12,14,25,30,31,35,36,38,40,44,45,46,48],"ascension_level":0}