{"gold_per_floor":[217,236,236,104,104,104,118,118,118,118,135,154,54,111,111,187,187,197,197,197,147,162,162,197,197],"floor_reached":25,"playtime":1116,"items_purged":["Strike_R","Strike_R"],"score":397,"play_id":"0e49a631-ed13-47b4-9d0f-3256ad16e191","local_time":"20190126174619","is_ascension_mode":true,"campfire_choices":[{"data":"Searing Blow+1","floor":6,"key":"SMITH"},{"data":"Searing Blow+2","floor":8,"key":"SMITH"},{"data":"Searing Blow+3","floor":10,"key":"SMITH"},{"data":"Searing Blow+4","floor":15,"key":"SMITH"},{"data":"Searing Blow+5","floor":23,"key":"SMITH"}],"neow_cost":"NONE","seed_source_timestamp":30930980317165,"circlet_count":0,"master_deck":["AscendersBane","Strike_R","Strike_R","Strike_R","Defend_R","Defend_R","Defend_R","Defend_R","Bash+1","Armaments","Searing Blow+6","Armaments","Headbutt+1","Dropkick","Fiend Fire","Shrug It Off"],"relics":["Burning Blood","Shuriken","Whetstone","Sozu","Self Forming Clay"],"potions_floor_usage":[14,16,22],"damage_taken":[{"damage":14,"enemies":"Small Slimes","floor":1,"turns":6},{"damage":1,"enemies":"Cultist","floor":2,"turns":3},{"damage":2,"enemies":"Jaw Worm","floor":7,"turns":4},{"damage":15,"enemies":"3 Louse","floor":11,"turns":5},{"damage":15,"enemies":"Large Slime","floor":12,"turns":5},{"damage":3,"enemies":"3 Sentries","floor":14,"turns":5},{"damage":47,"enemies":"Hexaghost","floor":16,"turns":8},{"damage":22,"enemies":"2 Thieves","floor":18,"turns":4},{"damage":9,"enemies":"Shell Parasite","floor":22,"turns":3},{"damage":55,"enemies":"Gremlin Leader","floor":24,"turns":6},{"damage":10,"enemies":"Snecko","floor":25,"turns":2}],"seed_played":"-7417757644856934805","potions_obtained":[{"floor":1,"key":"LiquidBronze"},{"floor":2,"key":"EssenceOfSteel"},{"floor":16,"key":"EssenceOfSteel"}],"is_trial":false,"path_per_floor":["M","M","?","$","?","R","M","R","T","R","M","M","$","?","R","B",null,"M","?","?","?","M","R","E","M"],"character_chosen":"IRONCLAD","items_purchased":["Armaments"],"campfire_rested":0,"item_purchase_floors":[4],"current_hp_per_floor":[60,65,65,65,65,65,69,69,69,69,60,51,51,54,54,13,60,44,44,59,59,56,56,7,0],"gold":197,"neow_bonus":"HUNDRED_GOLD","is_prod":false,"is_daily":false,"chose_seed":false,"campfire_upgraded":5,"win_rate":0,"timestamp":1548477979,"path_taken":["M","M","?","$","?","R","M","R","T","R","M","M","?","?","R","BOSS","M","?","?","?","M","R","E","?"],"build_version":"2019-01-23","purchased_purges":2,"victory":false,"max_hp_per_floor":[75,75,75,75,75,75,75,75,75,75,75,75,75,75,75,75,75,75,75,75,75,75,75,75,75],"card_choices":[{"not_picked":["Shockwave","Warcry"],"picked":"Armaments","floor":1},{"not_picked":["Pommel Strike","Perfected Strike"],"picked":"Searing Blow","floor":2},{"not_picked":["Seeing Red","True Grit"],"picked":"Headbutt","floor":7},{"not_picked":["Infernal Blade","Sword Boomerang","Warcry"],"picked":"SKIP","floor":11},{"not_picked":["Power Through","Rupture","Corruption"],"picked":"SKIP","floor":12},{"not_picked":["Burning Pact","Rupture"],"picked":"Dropkick","floor":14},{"not_picked":["Brutality","Reaper"],"picked":"Fiend Fire","floor":16},{"not_picked":["Reckless Charge","Infernal Blade+1","Wild Strike+1"],"picked":"SKIP","floor":18},{"not_picked":["Clash","Havoc","Second Wind"],"picked":"SKIP","floor":22},{"not_picked":["Warcry","Uppercut+1"],"picked":"Shrug It Off","floor":24}],"player_experience":74776,"relics_obtained":[{"floor":9,"key":"Shuriken"},{"floor":14,"key":"Whetstone"},{"floor":24,"key":"Self Forming Clay"}],"event_choices":[{"damage_healed":0,"gold_gain":0,"player_choice":"Forge","damage_taken":0,"max_hp_gain":0,"max_hp_loss":0,"event_name":"Accursed Blacksmith","floor":3,"gold_loss":0,"cards_upgraded":["Searing Blow"]},{"damage_healed":0,"gold_gain":0,"player_choice":"Ignored","damage_taken":0,"max_hp_gain":0,"max_hp_loss":0,"event_name":"Liars Game","floor":5,"gold_loss":0},{"damage_healed":0,"gold_gain":0,"player_choice":"Searched \u00271\u0027 times","damage_taken":0,"max_hp_gain":0,"max_hp_loss":0,"event_name":"Dead Adventurer","floor":14,"gold_loss":0},{"damage_healed":0,"gold_gain":0,"player_choice":"Ignored","damage_taken":0,"max_hp_gain":0,"max_hp_loss":0,"event_name":"The Mausoleum","floor":19,"gold_loss":0},{"damage_healed":15,"gold_gain":0,"player_choice":"Heal","damage_taken":0,"max_hp_gain":0,"max_hp_loss":0,"event_name":"The Library","floor":20,"gold_loss":0},{"damage_healed":0,"gold_gain":0,"player_choice":"Bet on Owner","damage_taken":0,"max_hp_gain":0,"max_hp_loss":0,"event_name":"The Joust","floor":21,"gold_loss":50}],"is_beta":false,"boss_relics":[{"not_picked":["Snecko Eye","Busted Crown"],"picked":"Sozu"}],"items_purged_floors":[4,13],"is_endless":false,"potions_floor_spawned":[1,2,11,16,18,22],"killed_by":"Snecko","ascension_level":18}