{"gold_per_floor":[109,124,124,139,214,214,247,247,247,282,294,26,26,55,55,55],"floor_reached":16,"playtime":477,"items_purged":[],"score":216,"play_id":"684db604-4b55-401e-b76e-b53856fbca43","local_time":"20190126222126","is_ascension_mode":true,"campfire_choices":[{"data":"Bludgeon","floor":6,"key":"SMITH"},{"data":"Bash","floor":8,"key":"SMITH"},{"data":"True Grit","floor":13,"key":"SMITH"},{"data":"Clothesline","floor":15,"key":"SMITH"}],"neow_cost":"NONE","seed_source_timestamp":48077672997749,"circlet_count":0,"master_deck":["AscendersBane","Strike_R","Strike_R","Strike_R","Strike_R","Strike_R","Defend_R","Defend_R","Defend_R","Defend_R","Bash+1","Shrug It Off","Pommel Strike","Bludgeon+1","Iron Wave","Clothesline+1","True Grit+1"],"relics":["Burning Blood","NeowsBlessing","GremlinMask","Peace Pipe","Ginger","Paper Frog","Self Forming Clay","Odd Mushroom"],"potions_floor_usage":[10],"damage_taken":[{"damage":0,"enemies":"Jaw Worm","floor":1,"turns":1},{"damage":0,"enemies":"Cultist","floor":2,"turns":1},{"damage":0,"enemies":"2 Louse","floor":4,"turns":1},{"damage":12,"enemies":"Lagavulin","floor":7,"turns":7},{"damage":8,"enemies":"Gremlin Nob","floor":10,"turns":3},{"damage":11,"enemies":"Looter","floor":11,"turns":2},{"damage":19,"enemies":"The Mushroom Lair","floor":14,"turns":4},{"damage":40,"enemies":"The Guardian","floor":16,"turns":11}],"seed_played":"-6970391431975048099","potions_obtained":[{"floor":7,"key":"Poison Potion"}],"is_trial":false,"path_per_floor":["M","M","?","M","?","R","E","R","T","E","M","$","R","?","R","B"],"character_chosen":"IRONCLAD","items_purchased":["Self Forming Clay"],"campfire_rested":0,"item_purchase_floors":[12],"current_hp_per_floor":[74,75,75,75,64,64,58,58,58,56,51,51,51,38,38,0],"gold":55,"neow_bonus":"THREE_ENEMY_KILL","is_prod":false,"is_daily":false,"chose_seed":false,"campfire_upgraded":4,"win_rate":0,"timestamp":1548494486,"path_taken":["M","M","?","?","?","R","E","R","T","E","M","$","R","?","R","BOSS"],"build_version":"2019-01-23","purchased_purges":0,"victory":false,"max_hp_per_floor":[75,75,75,75,75,75,75,75,75,75,75,75,75,75,75,75],"card_choices":[{"not_picked":["Headbutt","Iron Wave"],"picked":"Shrug It Off","floor":1},{"not_picked":["Intimidate","Body Slam"],"picked":"Pommel Strike","floor":2},{"not_picked":["Havoc","Sentinel"],"picked":"Bludgeon","floor":4},{"not_picked":["Body Slam","Second Wind"],"picked":"Iron Wave","floor":7},{"not_picked":["Spot Weakness","Reckless Charge"],"picked":"Clothesline","floor":10},{"not_picked":["Heavy Blade","Searing Blow"],"picked":"True Grit","floor":11}],"player_experience":87248,"relics_obtained":[{"floor":7,"key":"Peace Pipe"},{"floor":9,"key":"Ginger"},{"floor":10,"key":"Paper Frog"},{"floor":14,"key":"Odd Mushroom"}],"event_choices":[{"damage_healed":0,"gold_gain":0,"player_choice":"Trade","damage_taken":0,"relics_obtained":["GremlinMask"],"max_hp_gain":0,"max_hp_loss":0,"event_name":"FaceTrader","floor":3,"gold_loss":0},{"damage_healed":0,"gold_gain":75,"player_choice":"Gather Gold","damage_taken":11,"max_hp_gain":0,"max_hp_loss":0,"event_name":"World of Goop","floor":5,"gold_loss":0},{"damage_healed":0,"gold_gain":0,"player_choice":"Fought Mushrooms","damage_taken":0,"max_hp_gain":0,"max_hp_loss":0,"event_name":"Mushrooms","floor":14,"gold_loss":0}],"is_beta":false,"boss_relics":[],"items_purged_floors":[],"is_endless":false,"potions_floor_spawned":[7],"killed_by":"The Guardian","ascension_level":20}