{"gold_per_floor":[109,125,141,141,156,188,202,202,226,34,34,46,46,12,12,113,113,127,116,66,80,90,90,90],"floor_reached":24,"playtime":1167,"items_purged":["Strike_G"],"score":280,"play_id":"92a72194-b51b-4b7a-855a-782a485ee700","local_time":"20181124161951","is_ascension_mode":true,"campfire_choices":[{"floor":11,"key":"REST"},{"floor":15,"key":"REST"},{"floor":23,"key":"REST"}],"neow_cost":"NONE","seed_source_timestamp":3969041939769,"circlet_count":0,"master_deck":["Defend_G","Defend_G","Defend_G","Strike_G","Strike_G","Survivor","Neutralize+1","Backflip","Blur","Catalyst","Deadly Poison","Backstab","Footwork","Noxious Fumes","Dodge and Roll","Sucker Punch","Predator","Malaise","Cloak And Dagger+1","Dash+1","Dash+1","Acrobatics","Catalyst","Prepared"],"relics":["Ring of the Snake","Smiling Mask","Happy Flower","Astrolabe"],"potions_floor_usage":[6,6,6,21,22,24,24],"damage_taken":[{"damage":6,"enemies":"2 Louse","floor":1,"turns":2},{"damage":0,"enemies":"Cultist","floor":2,"turns":4},{"damage":3,"enemies":"Jaw Worm","floor":3,"turns":8},{"damage":27,"enemies":"Lots of Slimes","floor":5,"turns":6},{"damage":13,"enemies":"Gremlin Nob","floor":6,"turns":4},{"damage":3,"enemies":"Red Slaver","floor":7,"turns":6},{"damage":22,"enemies":"Exordium Thugs","floor":12,"turns":6},{"damage":26,"enemies":"Hexaghost","floor":16,"turns":10},{"damage":18,"enemies":"Spheric Guardian","floor":18,"turns":6},{"damage":16,"enemies":"2 Thieves","floor":19,"turns":4},{"damage":0,"enemies":"Snecko","floor":21,"turns":7},{"damage":6,"enemies":"Snake Plant","floor":22,"turns":4},{"damage":59,"enemies":"Gremlin Leader","floor":24,"turns":6}],"seed_played":"2564975876522013784","potions_obtained":[{"floor":1,"key":"LiquidBronze"},{"floor":2,"key":"Swift Potion"},{"floor":3,"key":"Fire Potion"},{"floor":4,"key":"Fire Potion"},{"floor":16,"key":"Poison Potion"},{"floor":19,"key":"GamblersBrew"},{"floor":21,"key":"Strength Potion"},{"floor":22,"key":"Regen Potion"}],"is_trial":false,"path_per_floor":["M","M","M","?","M","E","M","?","T","$","R","M","?","$","R","B",null,"M","M","$","M","M","R","E"],"character_chosen":"THE_SILENT","items_purchased":["Noxious Fumes","Dodge and Roll","GhostInAJar","Predator"],"campfire_rested":3,"item_purchase_floors":[10,10,10,14],"current_hp_per_floor":[57,57,54,54,27,14,11,11,11,11,32,10,10,10,31,5,54,36,20,20,20,14,35,0],"gold":90,"neow_bonus":"UPGRADE_CARD","is_prod":false,"is_daily":false,"chose_seed":false,"campfire_upgraded":0,"win_rate":0,"timestamp":1543029591,"path_taken":["M","M","M","?","?","E","M","?","T","$","R","?","?","$","R","BOSS","M","M","?","M","?","R","E"],"build_version":"2018-11-15","purchased_purges":1,"victory":false,"max_hp_per_floor":[70,70,70,70,70,70,70,70,70,70,70,70,70,70,70,70,70,70,70,70,70,70,70,70],"card_choices":[{"not_picked":["Sucker Punch","Well Laid Plans"],"picked":"Backflip","floor":1},{"not_picked":["Expertise","Deflect"],"picked":"Blur","floor":2},{"not_picked":["Well Laid Plans","Prepared"],"picked":"Catalyst","floor":3},{"not_picked":["Outmaneuver","Slice"],"picked":"Deadly Poison","floor":5},{"not_picked":["Bane","Infinite Blades"],"picked":"Backstab","floor":6},{"not_picked":["Deflect","Cloak And Dagger"],"picked":"Footwork","floor":7},{"not_picked":["PiercingWail","Eviscerate"],"picked":"Sucker Punch","floor":12},{"not_picked":["Wraith Form v2","Glass Knife"],"picked":"Malaise","floor":16},{"not_picked":["Underhanded Strike","Tactician"],"picked":"Acrobatics","floor":18},{"not_picked":["Dodge and Roll","Flying Knee","Acrobatics"],"picked":"SKIP","floor":19},{"not_picked":["Sucker Punch+1","Bane"],"picked":"Catalyst","floor":21},{"not_picked":["Sucker Punch","All Out Attack"],"picked":"Prepared","floor":22}],"player_experience":376136,"relics_obtained":[{"floor":6,"key":"Smiling Mask"}],"event_choices":[{"damage_healed":0,"gold_gain":0,"player_choice":"Got Potions","damage_taken":0,"max_hp_gain":0,"max_hp_loss":0,"event_name":"Lab","floor":4,"gold_loss":0},{"cards_removed":["Defend_G"],"damage_healed":0,"gold_gain":0,"player_choice":"Offered Basic","damage_taken":0,"max_hp_gain":0,"max_hp_loss":0,"event_name":"Bonfire Elementals","floor":8,"gold_loss":0},{"damage_healed":0,"gold_gain":0,"player_choice":"Gave Potion","damage_taken":0,"relics_obtained":["Happy Flower"],"max_hp_gain":0,"max_hp_loss":0,"event_name":"WeMeetAgain","floor":13,"gold_loss":0}],"is_beta":false,"boss_relics":[{"not_picked":["Coffee Dripper","Lizard Tail"],"picked":"Astrolabe"}],"items_purged_floors":[20],"is_endless":false,"potions_floor_spawned":[1,2,3,5,16,19,21,22],"killed_by":"Gremlin Leader","ascension_level":8}