{"gold_per_floor":[116,116,116,130,130,173,173,206,257,292,292,326,342,67,67,165,165,180,199,44,68,68,68,68],"floor_reached":24,"playtime":1525,"items_purged":[],"score":494,"play_id":"ded08ff1-696e-4d69-b1b2-0f415feaf0bd","local_time":"20190228134131","is_ascension_mode":true,"campfire_choices":[{"data":"Doom and Gloom","floor":7.0,"key":"SMITH"},{"data":"Zap","floor":11.0,"key":"SMITH"},{"data":"HandOfGreed","floor":15,"key":"SMITH"},{"floor":23,"key":"REST"}],"neow_cost":"NONE","seed_source_timestamp":0,"circlet_count":0,"master_deck":["AscendersBane","Strike_B","Strike_B","Strike_B","Defend_B","Defend_B","Defend_B","Defend_B","Zap+1","Dualcast","Cold Snap","Streamline","Doom and Gloom+1","Chill","Cold Snap","Electrodynamics","Auto Shields","HandOfGreed+1","Capacitor","Core Surge","Ball Lightning","Hologram","Biased Cognition","Seek","Conserve Battery"],"special_seed":0,"relics":["Cracked Core","NeowsBlessing","Golden Idol","Strawberry","Dream Catcher","Calipers","Ice Cream","Sozu"],"potions_floor_usage":[16,21],"damage_taken":[{"damage":0.0,"enemies":"Small Slimes","floor":1.0,"turns":1.0},{"damage":0.0,"enemies":"2 Louse","floor":4.0,"turns":1.0},{"damage":0.0,"enemies":"3 Sentries","floor":6.0,"turns":1.0},{"damage":6.0,"enemies":"Gremlin Nob","floor":8.0,"turns":3.0},{"damage":14.0,"enemies":"Lagavulin","floor":10.0,"turns":5.0},{"damage":23.0,"enemies":"Gremlin Nob","floor":12.0,"turns":4.0},{"damage":2,"enemies":"Jaw Worm","floor":13,"turns":2},{"damage":17,"enemies":"Hexaghost","floor":16,"turns":8},{"damage":25,"enemies":"3 Byrds","floor":18,"turns":5},{"damage":27,"enemies":"Shell Parasite","floor":19,"turns":5},{"damage":1,"enemies":"Snecko","floor":21,"turns":4},{"damage":26,"enemies":"Shelled Parasite and Fungi","floor":24,"turns":3}],"seed_played":"-8789856895767273937","potions_obtained":[{"floor":4.0,"key":"FearPotion"},{"floor":6.0,"key":"LiquidBronze"},{"floor":12.0,"key":"LiquidBronze"},{"floor":16,"key":"Fire Potion"}],"is_trial":false,"path_per_floor":["M","?","?","M","?","E","R","E","T","E","R","E","M","$","R","B",null,"M","M","$","M","?","R","M"],"character_chosen":"DEFECT","items_purchased":["HandOfGreed","Capacitor","Biased Cognition"],"campfire_rested":1,"item_purchase_floors":[14,14,20],"current_hp_per_floor":[64,64,64,64,64,71,71,65,65,51,51,28,26,26,26,9,56,31,4,4,3,3,24,0],"gold":68,"neow_bonus":"THREE_ENEMY_KILL","is_prod":false,"is_daily":false,"chose_seed":false,"campfire_upgraded":3,"win_rate":0,"timestamp":1551314491,"path_taken":["M","?","?","M","?","E","R","E","T","E","R","E","M","$","R","BOSS","M","M","$","M","?","R","?"],"build_version":"2019-01-23","purchased_purges":0,"victory":false,"max_hp_per_floor":[71,71,71,71,64,71,71,71,71,71,71,71,71,71,71,71,71,71,71,71,71,71,71,71],"card_choices":[{"not_picked":["Hologram","Coolheaded"],"picked":"Cold Snap","floor":1.0},{"not_picked":["Leap","Compile Driver"],"picked":"Streamline","floor":4.0},{"not_picked":["Melter","Glacier"],"picked":"Doom and Gloom","floor":6.0},{"not_picked":["Tempest","Leap"],"picked":"Chill","floor":8.0},{"not_picked":["Consume","Machine Learning"],"picked":"Cold Snap","floor":10.0},{"not_picked":["Beam Cell","Ball Lightning"],"picked":"Electrodynamics","floor":12.0},{"not_picked":["Turbo","Barrage"],"picked":"Auto Shields","floor":13},{"not_picked":["Electrodynamics","Creative AI"],"picked":"Core Surge","floor":16},{"not_picked":["Beam Cell","Tempest"],"picked":"Ball Lightning","floor":18},{"not_picked":["Scrape","Compile Driver+1"],"picked":"Hologram","floor":19},{"not_picked":["Go for the Eyes","Consume"],"picked":"Seek","floor":21},{"not_picked":["Go for the Eyes","Amplify"],"picked":"Conserve Battery","floor":23}],"player_experience":471069,"relics_obtained":[{"floor":6.0,"key":"Strawberry"},{"floor":8.0,"key":"Dream Catcher"},{"floor":10.0,"key":"Calipers"},{"floor":12.0,"key":"Ice Cream"}],"event_choices":[{"damage_healed":0.0,"max_hp_gain":0.0,"max_hp_loss":0.0,"gold_gain":0.0,"event_name":"Shining Light","player_choice":"Ignored","floor":2.0,"gold_loss":0.0,"damage_taken":0.0},{"damage_healed":0.0,"max_hp_gain":0.0,"max_hp_loss":0.0,"gold_gain":0.0,"event_name":"Liars Game","player_choice":"Ignored","floor":3.0,"gold_loss":0.0,"damage_taken":0.0},{"damage_healed":0.0,"max_hp_gain":0.0,"max_hp_loss":7.0,"gold_gain":0.0,"event_name":"Golden Idol","player_choice":"Lose Max HP","floor":5.0,"gold_loss":0.0,"damage_taken":0.0,"relics_obtained":["Golden Idol"]},{"cards_removed":["Strike_B"],"damage_healed":0,"gold_gain":0,"player_choice":"Purged","damage_taken":0,"max_hp_gain":0,"max_hp_loss":0,"event_name":"Purifier","floor":22,"gold_loss":0}],"is_beta":false,"boss_relics":[{"not_picked":["White Beast Statue","Eternal Feather"],"picked":"Sozu"}],"items_purged_floors":[],"is_endless":false,"potions_floor_spawned":[4,6,12,16,18,19],"killed_by":"Shelled Parasite and Fungi","ascension_level":20}