{"gold_per_floor":[111,130,305,305,305,339,354,141,141,141,154,154,4,32,32,106,106,123,143,69,83,83,83,114,114,114,114,14,14,31,41,41,41],"floor_reached":33,"playtime":1908,"items_purged":["Doubt","Strike_B"],"score":507,"play_id":"7ca38fe9-246c-48d3-a519-4c4e5d2db117","local_time":"20190216142302","is_ascension_mode":true,"campfire_choices":[{"data":"Discovery","floor":10,"key":"SMITH"},{"data":"Zap","floor":12,"key":"SMITH"},{"data":"Reinforced Body","floor":15,"key":"SMITH"},{"data":"Buffer","floor":23,"key":"SMITH"},{"data":"Sunder","floor":25,"key":"SMITH"},{"data":"Go for the Eyes","floor":29,"key":"SMITH"},{"floor":32,"key":"REST"}],"neow_cost":"NONE","seed_source_timestamp":11417260894928,"circlet_count":0,"master_deck":["AscendersBane","Strike_B","Strike_B","Strike_B","Defend_B","Defend_B+1","Defend_B","Defend_B+1","Zap+1","Dualcast","Cold Snap","Reinforced Body+1","Ball Lightning","Discovery+1","Ball Lightning","Core Surge","Buffer+1","Steam","Hologram","Turbo","Go for the Eyes+1","Sunder+1"],"relics":["Cracked Core","NeowsBlessing","Sundial","Bag of Marbles","Art of War","Pear","Inserter","Pen Nib","Girya"],"potions_floor_usage":[7,33],"damage_taken":[{"damage":0,"enemies":"Small Slimes","floor":1,"turns":1},{"damage":0,"enemies":"2 Louse","floor":2,"turns":1},{"damage":0,"enemies":"3 Sentries","floor":6,"turns":1},{"damage":0,"enemies":"Jaw Worm","floor":7,"turns":4},{"damage":0,"enemies":"Looter","floor":11,"turns":3},{"damage":15,"enemies":"Lagavulin","floor":14,"turns":5},{"damage":3,"enemies":"Hexaghost","floor":16,"turns":9},{"damage":4,"enemies":"Chosen","floor":18,"turns":4},{"damage":18,"enemies":"Shell Parasite","floor":19,"turns":8},{"damage":19,"enemies":"Snecko","floor":21,"turns":6},{"damage":20,"enemies":"Slavers","floor":24,"turns":4},{"damage":3,"enemies":"Shelled Parasite and Fungi","floor":30,"turns":6},{"damage":0,"enemies":"Chosen and Byrds","floor":31,"turns":6},{"damage":85,"enemies":"Automaton","floor":33,"turns":6}],"seed_played":"-2976803434219212361","potions_obtained":[{"floor":1,"key":"SneckoOil"},{"floor":14,"key":"Weak Potion"},{"floor":21,"key":"LiquidBronze"},{"floor":24,"key":"SteroidPotion"}],"is_trial":false,"path_per_floor":["M","M","?","?","?","E","M","$","T","R","M","R","$","E","R","B",null,"M","M","$","M","?","R","E","R","T","?","$","R","M","M","R","B"],"character_chosen":"DEFECT","items_purchased":["Discovery","Ball Lightning","Art of War","Turbo","SpeedPotion"],"campfire_rested":1,"item_purchase_floors":[8,8,13,20,20],"current_hp_per_floor":[64,64,64,50,38,38,38,38,38,38,38,38,38,33,33,30,68,64,46,46,27,54,54,34,34,34,34,34,34,31,31,55,0],"gold":41,"neow_bonus":"THREE_ENEMY_KILL","is_prod":false,"is_daily":false,"chose_seed":false,"campfire_upgraded":6,"win_rate":0,"timestamp":1550280182,"path_taken":["M","M","?","?","?","E","?","$","T","R","M","R","$","E","R","BOSS","M","M","$","M","?","R","E","R","T","?","$","R","M","M","R","BOSS"],"build_version":"2019-01-23","purchased_purges":2,"victory":false,"max_hp_per_floor":[71,71,71,71,71,71,71,71,71,71,71,71,71,81,81,81,81,81,81,81,81,81,81,81,81,81,81,81,81,81,81,81,81],"card_choices":[{"not_picked":["Consume","Barrage","Darkness"],"picked":"SKIP","floor":1},{"not_picked":["Coolheaded","Redo"],"picked":"Cold Snap","floor":2},{"not_picked":["Steam Power","Leap"],"picked":"Reinforced Body","floor":6},{"not_picked":["Heatsinks","Redo"],"picked":"Ball Lightning","floor":7},{"not_picked":["Gash","Stack","Rebound"],"picked":"SKIP","floor":11},{"not_picked":["BootSequence","Force Field"],"picked":"Core Surge","floor":14},{"not_picked":["Reboot","Rainbow"],"picked":"Buffer","floor":16},{"not_picked":["Compile Driver","Auto Shields"],"picked":"Steam","floor":18},{"not_picked":["Barrage","Sweeping Beam"],"picked":"Hologram","floor":19},{"not_picked":["Cold Snap","Coolheaded"],"picked":"Go for the Eyes","floor":21},{"not_picked":["Meteor Strike","Creative AI"],"picked":"Sunder","floor":24},{"not_picked":["Coolheaded","Turbo","Cold Snap"],"picked":"SKIP","floor":30},{"not_picked":["Cold Snap","Go for the Eyes","Capacitor"],"picked":"SKIP","floor":31}],"player_experience":260444,"relics_obtained":[{"floor":9,"key":"Bag of Marbles"},{"floor":14,"key":"Pear"},{"floor":24,"key":"Pen Nib"},{"floor":26,"key":"Girya"}],"event_choices":[{"damage_healed":0,"gold_gain":175,"player_choice":"AGREE","damage_taken":0,"max_hp_gain":0,"max_hp_loss":0,"event_name":"Liars Game","floor":3,"gold_loss":0,"cards_obtained":["Doubt"]},{"damage_healed":0,"gold_gain":0,"player_choice":"Entered Light","damage_taken":14,"max_hp_gain":0,"max_hp_loss":0,"event_name":"Shining Light","floor":4,"gold_loss":0,"cards_upgraded":["Defend_B","Defend_B"]},{"damage_healed":0,"gold_gain":0,"player_choice":"Success","damage_taken":12,"relics_obtained":["Sundial"],"max_hp_gain":0,"max_hp_loss":0,"event_name":"Scrap Ooze","floor":5,"gold_loss":0},{"damage_healed":27,"gold_gain":0,"player_choice":"Heal","damage_taken":0,"max_hp_gain":0,"max_hp_loss":0,"event_name":"The Library","floor":22,"gold_loss":0},{"damage_healed":0,"gold_gain":0,"player_choice":"Ignored","damage_taken":0,"max_hp_gain":0,"max_hp_loss":0,"event_name":"Beggar","floor":27,"gold_loss":0}],"is_beta":false,"boss_relics":[{"not_picked":["Tiny House","Lizard Tail"],"picked":"Inserter"}],"items_purged_floors":[8,28],"is_endless":false,"potions_floor_spawned":[1,14,21,24,30],"killed_by":"Automaton","ascension_level":14}