{"gold_per_floor":[113,143,157,107,127,153,153,166,190,204,221,221,221,247,247,350,350,364,434,446,465,484,517,517,550,550,195,195,215,248,41,41,144,144,159,504,504,248,260,260,288,299,299,315,345,41,58,72,72,72],"floor_reached":51,"playtime":2397,"items_purged":["Thunder Strike","Strike_B"],"score":1105,"play_id":"9ceaf50d-1ffe-4a14-a340-ccda4c18b717","local_time":"20181124062510","is_ascension_mode":true,"campfire_choices":[{"data":"Defragment","floor":7,"key":"SMITH"},{"data":"Fission","floor":13,"key":"SMITH"},{"data":"Zap","floor":15,"key":"SMITH"},{"data":"Echo Form","floor":24,"key":"SMITH"},{"floor":28,"key":"REST"},{"floor":32,"key":"REST"},{"data":"Mayhem","floor":40,"key":"SMITH"},{"floor":49,"key":"REST"}],"neow_cost":"NONE","seed_source_timestamp":6541870786932,"circlet_count":0,"master_deck":["Strike_B","Strike_B","Defend_B","Defend_B","Defend_B","Defend_B","Zap+1","Dualcast","Go for the Eyes","Gash","Defragment+1","BootSequence","Cold Snap","Ball Lightning","Fission+1","Echo Form+1","Biased Cognition","Ball Lightning+1","Defragment","Steam Power+1","Compile Driver+1","Coolheaded","Mayhem+1","Havoc+1","Defragment","Battle Trance+1","Flex+1","Noxious Fumes","Headbutt+1","Intimidate","Loop","Seek","Defragment+1"],"relics":["FrozenCore","Tiny Chest","Happy Flower","Pen Nib","Pantograph","Letter Opener","Orichalcum","Strawberry","Art of War","Strange Spoon","Blood Vial","PrismaticShard","Nuclear Battery","Old Coin","Kunai","Bottled Tornado","Dead Branch","DataDisk"],"potions_floor_usage":[6,16,23,23,25,25,29,44,50,50],"damage_taken":[{"damage":0,"enemies":"Small Slimes","floor":1,"turns":2},{"damage":6,"enemies":"Cultist","floor":3,"turns":3},{"damage":9,"enemies":"2 Louse","floor":5,"turns":2},{"damage":30,"enemies":"Gremlin Nob","floor":6,"turns":4},{"damage":0,"enemies":"Red Slaver","floor":8,"turns":3},{"damage":0,"enemies":"2 Fungi Beasts","floor":10,"turns":2},{"damage":0,"enemies":"Exordium Wildlife","floor":11,"turns":2},{"damage":11,"enemies":"3 Sentries","floor":14,"turns":6},{"damage":0,"enemies":"Slime Boss","floor":16,"turns":4},{"damage":6,"enemies":"Shell Parasite","floor":18,"turns":5},{"damage":17,"enemies":"3 Byrds","floor":20,"turns":5},{"damage":11,"enemies":"Centurion and Healer","floor":21,"turns":5},{"damage":0,"enemies":"3 Cultists","floor":22,"turns":5},{"damage":0,"enemies":"Book of Stabbing","floor":23,"turns":6},{"damage":16,"enemies":"Slavers","floor":25,"turns":7},{"damage":8,"enemies":"Snecko","floor":29,"turns":6},{"damage":34,"enemies":"Gremlin Leader","floor":30,"turns":5},{"damage":41,"enemies":"Champ","floor":33,"turns":9},{"damage":0,"enemies":"Orb Walker","floor":35,"turns":4},{"damage":44,"enemies":"2 Orb Walkers","floor":36,"turns":7},{"damage":0,"enemies":"3 Darklings","floor":39,"turns":4},{"damage":21,"enemies":"Giant Head","floor":41,"turns":6},{"damage":6,"enemies":"4 Shapes","floor":42,"turns":5},{"damage":22,"enemies":"Maw","floor":44,"turns":7},{"damage":20,"enemies":"Nemesis","floor":45,"turns":5},{"damage":0,"enemies":"Spire Growth","floor":47,"turns":3},{"damage":26,"enemies":"Transient","floor":48,"turns":5},{"damage":5,"enemies":"Donu and Deca","floor":50,"turns":8}],"seed_played":"-6680395552873068442","potions_obtained":[{"floor":1,"key":"Dexterity Potion"},{"floor":3,"key":"FearPotion"},{"floor":6,"key":"SteroidPotion"},{"floor":11,"key":"FocusPotion"},{"floor":14,"key":"Ancient Potion"},{"floor":20,"key":"Poison Potion"},{"floor":21,"key":"FocusPotion"},{"floor":23,"key":"FocusPotion"},{"floor":29,"key":"FairyPotion"},{"floor":35,"key":"Regen Potion"},{"floor":48,"key":"Swift Potion"}],"is_trial":false,"path_per_floor":["M","?","M","?","M","E","R","M","T","M","M","?","R","E","R","B",null,"M","T","M","M","M","E","R","E","T","$","R","M","E","$","R","B",null,"M","?","?","$","M","R","E","M","T","M","E","$","M","M","R","B",null],"character_chosen":"DEFECT","items_purchased":["Strange Spoon","Regen Potion","PrismaticShard","Defragment","FocusPotion","DataDisk","Loop","Seek"],"campfire_rested":3,"item_purchase_floors":[27,27,31,38,38,46,46,46],"current_hp_per_floor":[75,75,69,69,60,30,30,30,30,30,30,30,30,19,19,44,67,61,61,44,33,33,33,33,24,24,24,48,54,20,20,44,30,69,71,29,72,72,72,72,51,47,47,41,23,23,25,1,22,44],"gold":72,"neow_bonus":"THREE_CARDS","is_prod":false,"is_daily":false,"chose_seed":false,"campfire_upgraded":5,"win_rate":0,"timestamp":1542993910,"path_taken":["M","?","?","?","M","E","R","M","T","M","M","?","R","E","R","BOSS","M","?","M","M","M","E","R","E","T","$","R","M","E","$","R","BOSS","M","?","?","?","?","R","E","M","T","M","E","$","M","M","R","BOSS"],"build_version":"2018-11-15","purchased_purges":2,"victory":true,"max_hp_per_floor":[75,75,75,75,75,75,75,75,75,75,75,75,75,75,75,75,75,75,75,75,75,75,75,75,82,82,82,82,82,82,82,82,82,82,82,82,72,72,72,72,72,72,72,72,72,72,72,72,72,72],"card_choices":[{"not_picked":["Leap","Beam Cell"],"picked":"Go for the Eyes","floor":0},{"not_picked":["Doom and Gloom","Streamline"],"picked":"Gash","floor":1},{"not_picked":["Chill","Barrage"],"picked":"Defragment","floor":3},{"not_picked":["Capacitor","Aggregate"],"picked":"BootSequence","floor":5},{"not_picked":["Redo","Chaos"],"picked":"Cold Snap","floor":6},{"not_picked":["Go for the Eyes","Barrage"],"picked":"Ball Lightning","floor":8},{"not_picked":["Force Field","Cold Snap","Barrage"],"picked":"SKIP","floor":10},{"not_picked":["Tempest","Steam Power"],"picked":"Thunder Strike","floor":11},{"not_picked":["Steam","Cold Snap"],"picked":"Echo Form","floor":14},{"not_picked":["Echo Form","Creative AI"],"picked":"Biased Cognition","floor":16},{"not_picked":["Steam","BootSequence"],"picked":"Ball Lightning+1","floor":18},{"not_picked":["Leap","Stack"],"picked":"Defragment","floor":20},{"not_picked":["Cold Snap","Ball Lightning"],"picked":"Steam Power+1","floor":21},{"not_picked":["Gash","Cold Snap"],"picked":"Compile Driver+1","floor":22},{"not_picked":["Rainbow","Steam","Reprogram"],"picked":"SKIP","floor":23},{"not_picked":["Steam","Go for the Eyes","Hologram"],"picked":"SKIP","floor":25},{"not_picked":["Go for the Eyes","Cold Snap"],"picked":"Coolheaded","floor":29},{"not_picked":["Rip and Tear","Sunder","Reinforced Body+1"],"picked":"SKIP","floor":30},{"not_picked":["The Bomb","Seek"],"picked":"Mayhem","floor":33},{"not_picked":["Anger+1","Recycle+1"],"picked":"Havoc+1","floor":35},{"not_picked":["Choke","Beam Cell"],"picked":"Battle Trance+1","floor":39},{"not_picked":["Leg Sweep","Underhanded Strike"],"picked":"Flex+1","floor":41},{"not_picked":["Grand Finale","Glacier+1"],"picked":"Noxious Fumes","floor":42},{"not_picked":["Bane+1","Go for the Eyes"],"picked":"Headbutt+1","floor":44},{"not_picked":["Searing Blow+1","Flex+1"],"picked":"Intimidate","floor":45},{"not_picked":["Compile Driver","Fusion","Dropkick+1"],"picked":"SKIP","floor":47},{"not_picked":["Headbutt","FTL+1"],"picked":"Defragment+1","floor":48}],"player_experience":371165,"relics_obtained":[{"floor":6,"key":"Happy Flower"},{"floor":9,"key":"Pen Nib"},{"floor":14,"key":"Pantograph"},{"floor":19,"key":"Letter Opener"},{"floor":23,"key":"Orichalcum"},{"floor":25,"key":"Strawberry"},{"floor":26,"key":"Art of War"},{"floor":30,"key":"Blood Vial"},{"floor":36,"key":"Old Coin"},{"floor":41,"key":"Kunai"},{"floor":43,"key":"Bottled Tornado"},{"floor":45,"key":"Dead Branch"}],"event_choices":[{"damage_healed":0,"gold_gain":0,"player_choice":"Gave Potion","damage_taken":0,"relics_obtained":["Tiny Chest"],"max_hp_gain":0,"max_hp_loss":0,"event_name":"WeMeetAgain","floor":2,"gold_loss":0},{"cards_removed":["Strike_B"],"damage_healed":0,"gold_gain":0,"player_choice":"Card Removal","damage_taken":0,"max_hp_gain":0,"max_hp_loss":0,"event_name":"The Cleric","floor":4,"gold_loss":50},{"damage_healed":0,"gold_gain":0,"player_choice":"1 cards matched","damage_taken":0,"max_hp_gain":0,"max_hp_loss":0,"event_name":"Match and Keep!","floor":12,"gold_loss":0,"cards_obtained":["Fission"]},{"damage_healed":0,"gold_gain":0,"player_choice":"Fight","damage_taken":0,"max_hp_gain":0,"max_hp_loss":0,"event_name":"Mysterious Sphere","floor":36,"gold_loss":0},{"damage_healed":72,"gold_gain":0,"player_choice":"Heal","damage_taken":0,"max_hp_gain":0,"max_hp_loss":10,"event_name":"The Moai Head","floor":37,"gold_loss":0}],"is_beta":false,"boss_relics":[{"not_picked":["Snecko Eye","Lizard Tail"],"picked":"FrozenCore"},{"not_picked":["Eternal Feather","Runic Pyramid"],"picked":"Nuclear Battery"}],"items_purged_floors":[27,38],"is_endless":false,"potions_floor_spawned":[1,3,6,11,14,20,21,23,29,35,39,42,48],"ascension_level":5}