{"gold_per_floor":[113,113,133,152,97,128,143,143,168,187,218,218,243,258,258,258],"floor_reached":16,"playtime":765,"items_purged":[],"score":269,"play_id":"7f0c1e35-136f-49c6-9fa1-56c4e016d5c4","local_time":"20190221003335","is_ascension_mode":true,"campfire_choices":[{"data":"Disarm","floor":12,"key":"SMITH"},{"data":"Combust","floor":15,"key":"SMITH"}],"neow_cost":"NONE","seed_source_timestamp":0,"circlet_count":0,"master_deck":["AscendersBane","Strike_R","Strike_R+1","Strike_R","Strike_R","Strike_R","Defend_R+1","Defend_R+1","Defend_R","Defend_R","Bash","Pommel Strike+1","Disarm+1","Clothesline+1","Ghostly Armor","Shockwave","Exhume","Combust+1"],"special_seed":0,"relics":["Burning Blood","Strawberry","War Paint","Smiling Mask","Whetstone","Pear"],"potions_floor_usage":[6,10,11,16],"damage_taken":[{"damage":11.0,"enemies":"Jaw Worm","floor":1.0,"turns":5.0},{"damage":6,"enemies":"Small Slimes","floor":3,"turns":5},{"damage":0,"enemies":"Cultist","floor":4,"turns":3},{"damage":29,"enemies":"Lagavulin","floor":6,"turns":9},{"damage":6,"enemies":"Looter","floor":7,"turns":4},{"damage":0,"enemies":"Lots of Slimes","floor":10,"turns":2},{"damage":29,"enemies":"Gremlin Nob","floor":11,"turns":4},{"damage":21,"enemies":"Lagavulin","floor":13,"turns":10},{"damage":24,"enemies":"Exordium Wildlife","floor":14,"turns":4},{"damage":24,"enemies":"The Guardian","floor":16,"turns":2}],"seed_played":"-5840421062676467331","potions_obtained":[{"floor":1.0,"key":"EssenceOfSteel"},{"floor":10,"key":"FearPotion"},{"floor":14,"key":"Weak Potion"}],"is_trial":false,"path_per_floor":["M","?","M","M","$","E","M","?","T","M","E","R","E","M","R","B"],"character_chosen":"IRONCLAD","items_purchased":["Explosive Potion"],"campfire_rested":0,"item_purchase_floors":[5],"current_hp_per_floor":[70,70,70,76,76,53,53,58,58,64,41,41,36,18,18,0],"gold":258,"neow_bonus":"RANDOM_COMMON_RELIC","is_prod":false,"is_daily":false,"chose_seed":false,"campfire_upgraded":2,"win_rate":0,"timestamp":1550662415,"path_taken":["M","?","M","M","$","E","M","?","T","M","E","R","E","M","R","BOSS"],"build_version":"2019-01-23","purchased_purges":0,"victory":false,"max_hp_per_floor":[82,82,82,82,82,82,82,87,87,87,87,87,97,97,97,97],"card_choices":[{"not_picked":["Spot Weakness","Perfected Strike"],"picked":"Pommel Strike","floor":1.0},{"not_picked":["Perfected Strike","Rupture"],"picked":"Disarm","floor":3},{"not_picked":["Iron Wave","Bloodletting"],"picked":"Clothesline","floor":4},{"not_picked":["Fire Breathing","Rupture"],"picked":"Ghostly Armor","floor":6},{"not_picked":["Warcry","Sword Boomerang"],"picked":"Shockwave","floor":7},{"not_picked":["Clothesline","Sever Soul","Warcry"],"picked":"SKIP","floor":10},{"not_picked":["Intimidate","Dropkick"],"picked":"Exhume","floor":11},{"not_picked":["Sentinel","Thunderclap"],"picked":"Combust","floor":13},{"not_picked":["Clash","Sword Boomerang","Seeing Red"],"picked":"SKIP","floor":14}],"player_experience":375732,"relics_obtained":[{"floor":6,"key":"War Paint"},{"floor":9,"key":"Smiling Mask"},{"floor":11,"key":"Whetstone"},{"floor":13,"key":"Pear"}],"event_choices":[{"damage_healed":0.0,"max_hp_gain":0.0,"max_hp_loss":0.0,"gold_gain":0.0,"event_name":"Living Wall","player_choice":"Grow","floor":2.0,"gold_loss":0.0,"damage_taken":0.0,"cards_upgraded":["Pommel Strike"]},{"damage_healed":0,"gold_gain":0,"player_choice":"Donut","damage_taken":0,"max_hp_gain":5,"max_hp_loss":0,"event_name":"Big Fish","floor":8,"gold_loss":0}],"is_beta":false,"boss_relics":[],"items_purged_floors":[],"is_endless":false,"potions_floor_spawned":[1,10,14],"killed_by":"The Guardian","ascension_level":20}