{"gold_per_floor":[119,139,150,165,115,115,142,142,142,142,317,0,18,51,51,155,155,169,189,82,93,122,122],"floor_reached":23,"playtime":830,"items_purged":[],"score":281,"play_id":"ff0077f8-ead3-4cc0-9a38-8d5a6b3b8523","local_time":"20190227023746","is_ascension_mode":true,"campfire_choices":[{"data":"Infernal Blade","floor":6,"key":"SMITH"},{"floor":8,"key":"REST"},{"data":"Shrug It Off","floor":10,"key":"SMITH"},{"floor":15,"key":"REST"}],"neow_cost":"NONE","seed_source_timestamp":47097721728831,"circlet_count":0,"master_deck":["Bash","Disarm","Shrug It Off","Infernal Blade+1","Shrug It Off+1","Warcry","Disarm","Headbutt","Immolate","Entrench","Battle Trance","Whirlwind","Second Wind","Bludgeon","Hemokinesis","Warcry","Bloodletting","Flame Barrier+1","Flex","Uppercut","Battle Trance","Thunderclap","Shrug It Off+1"],"relics":["Burning Blood","Omamori","Mercury Hourglass","Question Card","StoneCalendar","Pandora\u0027s Box","Red Mask"],"potions_floor_usage":[7,14,16,21,22],"damage_taken":[{"damage":6,"enemies":"Cultist","floor":1,"turns":4},{"damage":13,"enemies":"Jaw Worm","floor":2,"turns":5},{"damage":3,"enemies":"Small Slimes","floor":3,"turns":5},{"damage":15,"enemies":"Red Slaver","floor":4,"turns":3},{"damage":64,"enemies":"Gremlin Nob","floor":7,"turns":6},{"damage":5,"enemies":"Exordium Thugs","floor":13,"turns":6},{"damage":14,"enemies":"3 Sentries","floor":14,"turns":8},{"damage":8,"enemies":"Hexaghost","floor":16,"turns":9},{"damage":0,"enemies":"Spheric Guardian","floor":18,"turns":3},{"damage":23,"enemies":"2 Thieves","floor":19,"turns":3},{"damage":25,"enemies":"3 Cultists","floor":21,"turns":4},{"damage":26,"enemies":"Masked Bandits","floor":22,"turns":3},{"damage":34,"enemies":"Gremlin Leader","floor":23,"turns":2}],"seed_played":"6189870930971368065","potions_obtained":[{"floor":2,"key":"Fire Potion"},{"floor":4,"key":"LiquidBronze"},{"floor":14,"key":"Explosive Potion"},{"floor":16,"key":"Fire Potion"},{"floor":18,"key":"LiquidBronze"},{"floor":19,"key":"Swift Potion"}],"is_trial":false,"path_per_floor":["M","M","M","M","?","R","E","R","T","R","?","$","M","E","R","B",null,"M","M","$","M","?","E"],"character_chosen":"IRONCLAD","items_purchased":["Question Card","Warcry","PowerPotion","Uppercut","Battle Trance"],"campfire_rested":2,"item_purchase_floors":[12,12,12,20,20],"current_hp_per_floor":[80,73,76,67,67,67,9,35,35,35,35,35,36,28,54,52,79,85,68,68,49,29,0],"gold":122,"neow_bonus":"TEN_PERCENT_HP_BONUS","is_prod":false,"is_daily":false,"chose_seed":false,"campfire_upgraded":2,"win_rate":0,"timestamp":1551188266,"path_taken":["M","?","M","M","?","R","E","R","T","R","?","$","M","E","R","BOSS","M","M","$","M","?","E"],"build_version":"2019-01-23","purchased_purges":0,"victory":false,"max_hp_per_floor":[88,88,88,88,88,88,88,88,88,88,88,88,88,88,88,88,88,88,88,88,88,88,88],"card_choices":[{"not_picked":["Body Slam","Cleave"],"picked":"Disarm","floor":1},{"not_picked":["Shockwave","Heavy Blade"],"picked":"Shrug It Off","floor":2},{"not_picked":["Combust","True Grit"],"picked":"Infernal Blade","floor":3},{"not_picked":["Warcry","Pummel"],"picked":"Shrug It Off","floor":4},{"not_picked":["Cleave","True Grit","Dropkick"],"picked":"SKIP","floor":7},{"not_picked":["Dual Wield","Anger","Searing Blow"],"picked":"Disarm","floor":13},{"not_picked":["Fire Breathing","Rampage","Limit Break"],"picked":"Headbutt","floor":14},{"not_picked":["Limit Break","Feed","Impervious"],"picked":"Immolate","floor":16},{"not_picked":["Clash","Power Through+1","Perfected Strike"],"picked":"Flame Barrier+1","floor":18},{"not_picked":["Battle Trance","Headbutt","Rampage"],"picked":"Flex","floor":19},{"not_picked":["Havoc","Spot Weakness","Clash"],"picked":"Thunderclap","floor":21},{"not_picked":["Perfected Strike","Seeing Red","Wild Strike"],"picked":"Shrug It Off+1","floor":22}],"player_experience":423087,"relics_obtained":[{"floor":7,"key":"Omamori"},{"floor":9,"key":"Mercury Hourglass"},{"floor":14,"key":"StoneCalendar"},{"floor":22,"key":"Red Mask"}],"event_choices":[{"cards_removed":["Defend_R"],"damage_healed":0,"gold_gain":0,"player_choice":"Card Removal","damage_taken":0,"max_hp_gain":0,"max_hp_loss":0,"event_name":"The Cleric","floor":5,"gold_loss":50},{"damage_healed":0,"gold_gain":175,"player_choice":"AGREE","damage_taken":0,"max_hp_gain":0,"max_hp_loss":0,"event_name":"Liars Game","floor":11,"gold_loss":0,"cards_obtained":["Doubt"]},{"damage_healed":0,"gold_gain":0,"player_choice":"Fought Bandits","damage_taken":0,"max_hp_gain":0,"max_hp_loss":0,"event_name":"Masked Bandits","floor":22,"gold_loss":0}],"is_beta":false,"boss_relics":[{"not_picked":["Orrery","Runic Dome"],"picked":"Pandora\u0027s Box"}],"items_purged_floors":[],"is_endless":false,"potions_floor_spawned":[2,4,14,16,18,19],"killed_by":"Gremlin Leader","ascension_level":8}