{"gold_per_floor":[116,116,162,182,282,282,282,316,328,354,366,398,410,387,399,411],"floor_reached":16,"playtime":864,"items_purged":[],"score":121,"play_id":"794287a9-eb50-4ac7-b711-23ffd076d0ae","local_time":"20190113122109","is_ascension_mode":false,"campfire_choices":[{"data":"Footwork","floor":6,"key":"SMITH"},{"data":"Predator","floor":11,"key":"SMITH"},{"data":"Deflect","floor":13,"key":"SMITH"},{"data":"Survivor","floor":15,"key":"SMITH"}],"neow_cost":"NONE","seed_source_timestamp":220015842964857,"circlet_count":0,"master_deck":["Defend_G","Defend_G","Defend_G","Defend_G","Strike_G","Strike_G","Strike_G","Strike_G","Survivor+1","Neutralize","Bouncing Flask","Footwork+1","Deadly Poison","Predator+1","Deflect+1"],"relics":["Ring of the Snake","NeowsBlessing","Juzu Bracelet","MawBank","Frozen Egg 2","Odd Mushroom"],"potions_floor_usage":[],"damage_taken":[{"damage":0,"enemies":"2 Louse","floor":1,"turns":1},{"damage":0,"enemies":"Jaw Worm","floor":4,"turns":1},{"damage":0,"enemies":"3 Sentries","floor":8,"turns":1},{"damage":5,"enemies":"Small Slimes","floor":10,"turns":4},{"damage":38,"enemies":"The Mushroom Lair","floor":12,"turns":5},{"damage":46,"enemies":"Slime Boss","floor":16,"turns":8}],"seed_played":"7590232836793947397","potions_obtained":[{"floor":1,"key":"EssenceOfSteel"},{"floor":10,"key":"Explosive Potion"},{"floor":12,"key":"GamblersBrew"}],"is_trial":false,"path_per_floor":["M","?","T","M","?","R","?","E","T","M","R","?","R","?","R","B"],"character_chosen":"THE_SILENT","items_purchased":[],"campfire_rested":0,"item_purchase_floors":[],"current_hp_per_floor":[70,70,70,70,70,70,70,70,70,65,65,27,27,44,44,0],"gold":411,"neow_bonus":"THREE_ENEMY_KILL","is_prod":false,"is_daily":false,"chose_seed":false,"campfire_upgraded":4,"win_rate":0.0,"timestamp":1547410869,"path_taken":["M","?","?","M","?","R","?","E","T","M","R","?","R","?","R","BOSS"],"build_version":"2019-01-10","purchased_purges":0,"victory":false,"max_hp_per_floor":[70,70,70,70,70,70,70,70,70,70,70,70,70,70,70,70],"card_choices":[{"not_picked":["Riddle With Holes","Dodge and Roll"],"picked":"Bouncing Flask","floor":1},{"not_picked":["Infinite Blades","Sucker Punch"],"picked":"Footwork","floor":4},{"not_picked":["Bane","Finisher"],"picked":"Deadly Poison","floor":8},{"not_picked":["Acrobatics","Bane"],"picked":"Predator","floor":10},{"not_picked":["Slice","Dagger Spray"],"picked":"Deflect","floor":12}],"player_experience":52996,"relics_obtained":[{"floor":3,"key":"Juzu Bracelet"},{"floor":8,"key":"MawBank"},{"floor":9,"key":"Frozen Egg 2"},{"floor":12,"key":"Odd Mushroom"}],"event_choices":[{"cards_removed":["Defend_G"],"damage_healed":0,"gold_gain":0,"player_choice":"Forget","damage_taken":0,"max_hp_gain":0,"max_hp_loss":0,"event_name":"Living Wall","floor":2,"gold_loss":0},{"damage_healed":0,"gold_gain":100,"player_choice":"Pray","damage_taken":0,"max_hp_gain":0,"max_hp_loss":0,"event_name":"Golden Shrine","floor":5,"gold_loss":0},{"cards_removed":["Strike_G"],"damage_healed":0,"gold_gain":0,"player_choice":"Card Removal","damage_taken":0,"max_hp_gain":0,"max_hp_loss":0,"event_name":"Wheel of Change","floor":7,"gold_loss":0},{"damage_healed":0,"gold_gain":0,"player_choice":"Fought Mushrooms","damage_taken":0,"max_hp_gain":0,"max_hp_loss":0,"event_name":"Mushrooms","floor":12,"gold_loss":0},{"damage_healed":17,"gold_gain":0,"player_choice":"Healed","damage_taken":0,"max_hp_gain":0,"max_hp_loss":0,"event_name":"The Cleric","floor":14,"gold_loss":35}],"is_beta":false,"boss_relics":[],"items_purged_floors":[],"is_endless":false,"potions_floor_spawned":[1,10,12],"killed_by":"Slime Boss","ascension_level":0}