{"path_per_floor":["M","?","?","$","M","E","M","M","T","R","$","E","?","M","R","B",null,"M","M","$","M","M","E","?","?","T","M","?","?","R","M","R"],"character_chosen":"IRONCLAD","items_purchased":["Flame Barrier","Double Tap"],"gold_per_floor":[109,184,184,28,41,75,88,105,128,128,28,62,62,81,81,182,182,182,182,30,30,30,30,30,30,30,30,30,30,30,30,30,30],"floor_reached":33,"campfire_rested":1,"playtime":3473,"item_purchase_floors":[],"current_hp_per_floor":[80,69,51,51,55,40,45,51,51,51,51,36,65,53,53,28,87,87,87,87,77,70,49,25,25,25,20,20,20,20,26,52,0],"items_purged":["Strike_R","Strike_R"],"gold":30,"score":277,"play_id":"5269a009-8106-4f81-b872-09fb4a76a2ca","local_time":"20180610030505","is_prod":false,"is_daily":false,"chose_seed":false,"is_ascension_mode":false,"campfire_upgraded":3,"win_rate":0.0,"timestamp":1528614305,"campfire_choices":[{"data":"Dual Wield","floor":10,"key":"SMITH"},{"data":"Shockwave","floor":15,"key":"SMITH"},{"data":"Jack Of All Trades","floor":30,"key":"SMITH"},{"floor":32,"key":"REST"}],"path_taken":["M","?","?","$","M","E","M","M","T","R","?","E","?","M","R","BOSS","M","M","$","M","M","E","?","?","T","M","?","?","R","M","R","BOSS"],"build_version":"2018-06-07v3","seed_source_timestamp":0,"purchased_purges":2,"victory":false,"master_deck":["Strike_R","Strike_R","Strike_R","Defend_R","Defend_R","Defend_R","Defend_R","Bash","Dropkick","Flame Barrier","Pommel Strike","Metallicize","Cleave","Dual Wield+1","Shockwave+1","Sword Boomerang","Impervious","Blood for Blood+1","Armaments+1","Double Tap","Headbutt+1","Second Wind+1","Jack Of All Trades+1","Dark Shackles","Finesse","Warcry","Whirlwind+1","Headbutt"],"max_hp_per_floor":[80,80,80,80,80,87,87,87,87,87,87,87,87,87,87,87,87,87,87,87,87,87,87,87,87,87,87,87,87,87,87,87,87],"relics":["Burning Blood","Bronze Scales","Juzu Bracelet","Strawberry","Vajra","Happy Flower","Ectoplasm","Bottled Flame","Lantern"],"card_choices":[{"not_picked":["Flame Barrier","Anger"],"picked":"Dropkick","floor":1.0},{"not_picked":["Heavy Blade","Uppercut"],"picked":"Pommel Strike","floor":5.0},{"not_picked":["Sever Soul","Clothesline"],"picked":"Metallicize","floor":6.0},{"not_picked":["Iron Wave","Sword Boomerang"],"picked":"Cleave","floor":7.0},{"not_picked":["Corruption","Flex"],"picked":"Dual Wield","floor":8},{"not_picked":["Twin Strike","Ghostly Armor"],"picked":"Shockwave","floor":12},{"not_picked":["Dual Wield","Combust"],"picked":"Sword Boomerang","floor":14},{"not_picked":["Feed","Berserk"],"picked":"Impervious","floor":16},{"not_picked":["Cleave+1","Shockwave+1"],"picked":"Blood for Blood+1","floor":18},{"not_picked":["Twin Strike","Cleave+1"],"picked":"Armaments+1","floor":19},{"not_picked":["Pommel Strike","Disarm"],"picked":"Headbutt+1","floor":21},{"not_picked":["Anger","Limit Break","Cleave+1"],"picked":"SKIP","floor":22},{"not_picked":["Whirlwind","Reckless Charge"],"picked":"Second Wind+1","floor":23},{"not_picked":["Clothesline","Armaments"],"picked":"Whirlwind+1","floor":27},{"not_picked":["Infernal Blade","Thunderclap"],"picked":"Headbutt","floor":31}],"player_experience":4469,"potions_floor_usage":[16,22,22,23,33,33],"damage_taken":[{"damage":3.0,"enemies":"Small Slimes","floor":1.0,"turns":2.0},{"damage":2.0,"enemies":"Jaw Worm","floor":5.0,"turns":4.0},{"damage":28.0,"enemies":"Lagavulin","floor":6.0,"turns":8.0},{"damage":1.0,"enemies":"Cultist","floor":7.0,"turns":2.0},{"damage":0.0,"enemies":"3 Louse","floor":8.0,"turns":2.0},{"damage":21,"enemies":"3 Sentries","floor":12,"turns":7},{"damage":18,"enemies":"Large Slime","floor":14,"turns":5},{"damage":31,"enemies":"Slime Boss","floor":16,"turns":9},{"damage":0,"enemies":"3 Byrds","floor":18,"turns":3},{"damage":0,"enemies":"Chosen","floor":19,"turns":4},{"damage":16,"enemies":"3 Cultists","floor":21,"turns":5},{"damage":13,"enemies":"Sentry and Sphere","floor":22,"turns":4},{"damage":27,"enemies":"Gremlin Leader","floor":23,"turns":7},{"damage":11,"enemies":"Slaver and Parasite","floor":27,"turns":4},{"damage":0,"enemies":"Snecko","floor":31,"turns":4},{"damage":77,"enemies":"Champ","floor":33,"turns":8}],"relics_obtained":[{"floor":6.0,"key":"Strawberry"},{"floor":9,"key":"Vajra"},{"floor":12,"key":"Happy Flower"},{"floor":23,"key":"Bottled Flame"},{"floor":26,"key":"Lantern"}],"event_choices":[{"event_name":"World of Goop","player_choice":"Gather Gold","floor":2.0,"damage_taken":0.0},{"event_name":"Scrap Ooze","player_choice":"success","floor":3.0,"damage_taken":18.0},{"event_name":"Big Fish","player_choice":"Banana","floor":13,"damage_taken":0},{"event_name":"Knowing Skull","player_choice":"CARD CARD ","floor":24,"damage_taken":0},{"event_name":"Match and Keep!","player_choice":"2 cards matched","floor":25,"damage_taken":0},{"event_name":"Wheel of Change","player_choice":"Curse","floor":28,"damage_taken":0},{"event_name":"Fountain of Cleansing","player_choice":"Removed Curse","floor":29,"damage_taken":0}],"boss_relics":[{"not_picked":["Cursed Key","Runic Pyramid"],"picked":"Ectoplasm"}],"items_purged_floors":[],"potions_floor_spawned":[1,6,7,12,21,22,23,27,31],"seed_played":"6994402523905468905","killed_by":"Champ","ascension_level":0,"potions_obtained":[{"floor":1.0,"key":"LiquidBronze"},{"floor":6.0,"key":"SteroidPotion"},{"floor":7.0,"key":"Energy Potion"},{"floor":12,"key":"Energy Potion"},{"floor":21,"key":"SkillPotion"},{"floor":22,"key":"Swift Potion"},{"floor":23,"key":"LiquidBronze"},{"floor":27,"key":"Energy Potion"},{"floor":31,"key":"BloodPotion"}],"is_trial":false}