{"gold_per_floor":[109,129,129,141,154,154,180,180,205,205,217,233,252,282,282,355,355,355,16,16,16,16,16,16,16,16,16,16,16,16,16,16,16,16,16,16,16,16,16,16,16,16,16,16],"floor_reached":44,"playtime":2348,"items_purged":[],"score":1016,"play_id":"202b0367-477d-4b71-8cd1-78921910a0fb","local_time":"20190223210225","is_ascension_mode":true,"campfire_choices":[{"data":"Immolate","floor":6,"key":"SMITH"},{"data":"Bash","floor":10,"key":"SMITH"},{"data":"Armaments","floor":15,"key":"SMITH"},{"data":"Demon Form","floor":23,"key":"SMITH"},{"data":"Disarm","floor":28,"key":"SMITH"},{"data":"Sword Boomerang","floor":32,"key":"SMITH"},{"data":"Chrysalis","floor":40,"key":"SMITH"},{"data":"Uppercut","floor":42,"key":"SMITH"}],"neow_cost":"NONE","seed_source_timestamp":13876206886676,"circlet_count":0,"master_deck":["AscendersBane","Strike_R+1","Strike_R+1","Strike_R+1","Defend_R+1","Defend_R+1","Defend_R+1","Defend_R+1","Bash+1","Clothesline","Immolate+1","Flame Barrier","Iron Wave","Offering","Armaments+1","Headbutt","Metallicize","Demon Form+1","Sword Boomerang+1","Disarm+1","Feel No Pain","Heavy Blade+1","Impervious","Uppercut+1","Dark Shackles","Chrysalis+1"],"relics":["Burning Blood","Lantern","Centennial Puzzle","Pen Nib","Bag of Marbles","Ectoplasm","Dead Branch","Bronze Scales","Orichalcum","Darkstone Periapt","Sozu","Oddly Smooth Stone","Singing Bowl"],"potions_floor_usage":[14,29,31,33,33],"damage_taken":[{"damage":2,"enemies":"Jaw Worm","floor":1,"turns":7},{"damage":7,"enemies":"Cultist","floor":2,"turns":4},{"damage":5,"enemies":"Small Slimes","floor":4,"turns":3},{"damage":2,"enemies":"2 Fungi Beasts","floor":5,"turns":2},{"damage":20,"enemies":"3 Sentries","floor":7,"turns":4},{"damage":3,"enemies":"Blue Slaver","floor":11,"turns":4},{"damage":6,"enemies":"Large Slime","floor":12,"turns":3},{"damage":5,"enemies":"Looter","floor":13,"turns":4},{"damage":3,"enemies":"Gremlin Nob","floor":14,"turns":3},{"damage":22,"enemies":"Hexaghost","floor":16,"turns":13},{"damage":0,"enemies":"2 Thieves","floor":18,"turns":1},{"damage":8,"enemies":"Gremlin Leader","floor":24,"turns":4},{"damage":0,"enemies":"3 Byrds","floor":25,"turns":2},{"damage":0,"enemies":"Centurion and Healer","floor":27,"turns":5},{"damage":16,"enemies":"Book of Stabbing","floor":29,"turns":4},{"damage":0,"enemies":"3 Cultists","floor":30,"turns":2},{"damage":12,"enemies":"Gremlin Leader","floor":31,"turns":6},{"damage":66,"enemies":"Automaton","floor":33,"turns":7},{"damage":0,"enemies":"3 Shapes","floor":35,"turns":6},{"damage":0,"enemies":"Orb Walker","floor":37,"turns":2},{"damage":13,"enemies":"Sphere and 2 Shapes","floor":38,"turns":2},{"damage":28,"enemies":"Nemesis","floor":41,"turns":7},{"damage":57,"enemies":"Reptomancer","floor":44,"turns":2}],"seed_played":"-6068978821437962266","potions_obtained":[{"floor":7,"key":"Block Potion"},{"floor":11,"key":"Block Potion"},{"floor":13,"key":"FearPotion"},{"floor":14,"key":"FairyPotion"},{"floor":16,"key":"Regen Potion"},{"floor":18,"key":"Fire Potion"},{"floor":29,"key":"Weak Potion"},{"floor":31,"key":"FearPotion"},{"floor":33,"key":"SteroidPotion"}],"is_trial":false,"path_per_floor":["M","M","?","M","M","R","E","?","T","R","M","M","M","E","R","B",null,"M","$","?","$","?","R","E","M","T","M","R","E","M","E","R","B",null,"M","?","M","M","?","R","E","R","T","E"],"character_chosen":"IRONCLAD","items_purchased":["Dead Branch"],"campfire_rested":0,"item_purchase_floors":[19],"current_hp_per_floor":[79,78,71,72,76,76,62,27,27,27,30,30,31,34,34,18,66,72,72,72,72,72,72,70,76,76,82,82,77,82,76,76,16,66,72,72,78,71,61,61,39,39,39,0],"gold":16,"neow_bonus":"TEN_PERCENT_HP_BONUS","is_prod":false,"is_daily":false,"chose_seed":false,"campfire_upgraded":8,"win_rate":0,"timestamp":1550908945,"path_taken":["M","M","?","M","M","R","E","?","T","R","M","?","M","E","R","BOSS","M","?","?","$","?","R","E","M","T","?","R","E","M","E","R","BOSS","M","?","M","M","?","R","E","R","T","E"],"build_version":"2019-01-23","purchased_purges":0,"victory":false,"max_hp_per_floor":[82,82,82,82,82,82,82,82,82,82,82,82,82,82,82,82,82,82,82,82,82,82,82,82,82,82,82,82,82,82,82,82,82,82,82,82,82,82,82,82,82,82,82,82],"card_choices":[{"not_picked":["Clash","Wild Strike"],"picked":"Clothesline","floor":1},{"not_picked":["Heavy Blade","Spot Weakness"],"picked":"Immolate","floor":2},{"not_picked":["Infernal Blade","Pommel Strike"],"picked":"Flame Barrier","floor":4},{"not_picked":["Uppercut","Rampage"],"picked":"Iron Wave","floor":5},{"not_picked":["Twin Strike","Sword Boomerang"],"picked":"Offering","floor":7},{"not_picked":["Reckless Charge","Shrug It Off"],"picked":"Armaments","floor":11},{"not_picked":["Wild Strike","Armaments"],"picked":"Headbutt","floor":12},{"not_picked":["Shrug It Off","Wild Strike"],"picked":"Metallicize","floor":13},{"not_picked":["Sever Soul","Barricade","Cleave"],"picked":"SKIP","floor":14},{"not_picked":["Impervious","Limit Break"],"picked":"Demon Form","floor":16},{"not_picked":["Warcry","Thunderclap"],"picked":"Sword Boomerang","floor":18},{"not_picked":["Perfected Strike","Seeing Red"],"picked":"Disarm","floor":24},{"not_picked":["Rage","Pummel","Iron Wave"],"picked":"SKIP","floor":25},{"not_picked":["Bludgeon","Clothesline"],"picked":"Feel No Pain","floor":27},{"not_picked":["Dual Wield","Headbutt","Reckless Charge"],"picked":"SKIP","floor":29},{"not_picked":["Clash","Rampage"],"picked":"Heavy Blade+1","floor":30},{"not_picked":["Wild Strike","Cleave","Flex"],"picked":"SKIP","floor":31},{"not_picked":["Dark Embrace","Juggernaut"],"picked":"Impervious","floor":33},{"not_picked":["Flex","Clothesline"],"picked":"Uppercut","floor":35},{"not_picked":["Infernal Blade+1","Clothesline","Armaments"],"picked":"SKIP","floor":37},{"not_picked":["Heavy Blade+1","Clash","Clothesline+1"],"picked":"SKIP","floor":38},{"not_picked":["Flash of Steel","Mayhem"],"picked":"Dark Shackles","floor":39},{"not_picked":["HandOfGreed","Mind Blast"],"picked":"Chrysalis","floor":39},{"not_picked":["Body Slam","Clash","Flex"],"picked":"SKIP","floor":41}],"player_experience":424646,"relics_obtained":[{"floor":7,"key":"Lantern"},{"floor":9,"key":"Pen Nib"},{"floor":14,"key":"Bag of Marbles"},{"floor":24,"key":"Bronze Scales"},{"floor":29,"key":"Orichalcum"},{"floor":31,"key":"Darkstone Periapt"},{"floor":41,"key":"Oddly Smooth Stone"},{"floor":43,"key":"Singing Bowl"}],"event_choices":[{"cards_removed":["Strike_R"],"damage_healed":0,"gold_gain":0,"player_choice":"Card Removal","damage_taken":7,"max_hp_gain":0,"max_hp_loss":0,"event_name":"Golden Wing","floor":3,"gold_loss":0},{"damage_healed":0,"gold_gain":0,"player_choice":"Success","damage_taken":35,"relics_obtained":["Centennial Puzzle"],"max_hp_gain":0,"max_hp_loss":0,"event_name":"Scrap Ooze","floor":8,"gold_loss":0},{"damage_healed":0,"gold_gain":0,"player_choice":"Simplicity","damage_taken":0,"max_hp_gain":0,"max_hp_loss":0,"event_name":"Back to Basics","floor":20,"gold_loss":0,"cards_upgraded":["Strike_R","Strike_R","Strike_R","Strike_R","Defend_R","Defend_R","Defend_R","Defend_R"]},{"damage_healed":0,"gold_gain":0,"player_choice":"Ignored","damage_taken":0,"max_hp_gain":0,"max_hp_loss":0,"event_name":"Ghosts","floor":22,"gold_loss":0},{"cards_removed":["Strike_R"],"damage_healed":0,"gold_gain":0,"player_choice":"Removed Attack","damage_taken":0,"max_hp_gain":0,"max_hp_loss":0,"event_name":"Falling","floor":36,"gold_loss":0},{"damage_healed":0,"gold_gain":0,"player_choice":"Memory 3","damage_taken":10,"max_hp_gain":0,"max_hp_loss":0,"event_name":"SensoryStone","floor":39,"gold_loss":0}],"is_beta":false,"boss_relics":[{"not_picked":["Black Blood","Black Star"],"picked":"Ectoplasm"},{"not_picked":["Fusion Hammer","Tiny House"],"picked":"Sozu"}],"items_purged_floors":[],"is_endless":false,"potions_floor_spawned":[7,11,12,13,14,16,18,29,31,33,37,38,41],"killed_by":"Reptomancer","ascension_level":20}