{"gold_per_floor":[119,194,369,14,14,32,48,59,59,59,59,59,59,71,71,71],"floor_reached":16,"playtime":1777,"items_purged":["Strike_G"],"score":89,"play_id":"ededbde7-39ee-4b92-87c2-a38ac646877c","local_time":"20180720010922","is_ascension_mode":false,"campfire_choices":[{"data":"Secret Technique","floor":10,"key":"SMITH"},{"data":"Endless Agony","floor":12,"key":"SMITH"},{"floor":15,"key":"REST"}],"neow_cost":"","seed_source_timestamp":17376702627846,"circlet_count":0,"master_deck":["Defend_G","Defend_G","Defend_G","Defend_G","Defend_G","Strike_G","Strike_G","Strike_G","Survivor","Neutralize","Backflip","Secret Technique+1","Tactician","Underhanded Strike","Endless Agony+1","Skewer","Regret","Escape Plan","Acrobatics"],"relics":["Ring of the Snake","Spirit Poop","Juzu Bracelet","Gremlin Horn"],"potions_floor_usage":[8,16],"damage_taken":[{"damage":0,"enemies":"Jaw Worm","floor":1,"turns":5},{"damage":0,"enemies":"Small Slimes","floor":6,"turns":5},{"damage":0,"enemies":"Cultist","floor":7,"turns":5},{"damage":0,"enemies":"Blue Slaver","floor":8,"turns":5},{"damage":13,"enemies":"3 Louse","floor":14,"turns":5},{"damage":81,"enemies":"Slime Boss","floor":16,"turns":15}],"seed_played":"-1995368305253563754","potions_obtained":[{"floor":1,"key":"Weak Potion"},{"floor":8,"key":"SkillPotion"}],"is_trial":false,"path_per_floor":["M","?","?","$","?","M","M","M","T","R","?","R","?","M","R"],"character_chosen":"THE_SILENT","items_purchased":["Secret Technique","Tactician","Underhanded Strike"],"campfire_rested":1,"item_purchase_floors":[4,4,4],"current_hp_per_floor":[70,59,59,59,59,59,59,59,59,59,59,59,59,46,67,0],"gold":71,"neow_bonus":"","is_prod":false,"is_daily":false,"chose_seed":false,"campfire_upgraded":2,"win_rate":0.0,"timestamp":1532063362,"path_taken":["M","?","?","?","?","M","M","M","T","R","?","R","?","M","R","BOSS"],"build_version":"2018-07-19","purchased_purges":1,"victory":false,"max_hp_per_floor":[70,70,70,70,70,70,70,70,70,70,70,70,70,70,70,70],"card_choices":[{"not_picked":["Outmaneuver","Underhanded Strike"],"picked":"Backflip","floor":1},{"not_picked":["Deadly Poison","Quick Slash","Dodge and Roll"],"picked":"SKIP","floor":6},{"not_picked":["Dash","Finisher"],"picked":"Endless Agony","floor":7},{"not_picked":["All Out Attack","Dodge and Roll"],"picked":"Skewer","floor":8},{"not_picked":["Finisher","Backstab"],"picked":"Acrobatics","floor":14}],"player_experience":201400,"relics_obtained":[{"floor":9,"key":"Juzu Bracelet"}],"event_choices":[{"event_name":"World of Goop","player_choice":"Gather Gold","floor":2,"damage_taken":0},{"event_name":"Liars Game","player_choice":"agreed","floor":3,"damage_taken":0},{"event_name":"Bonfire Elementals","player_choice":"CURSE","floor":5,"damage_taken":0},{"event_name":"Big Fish","player_choice":"Box","floor":11,"damage_taken":0},{"event_name":"Living Wall","player_choice":"Change","floor":13,"damage_taken":0}],"is_beta":false,"boss_relics":[],"items_purged_floors":[4],"is_endless":false,"potions_floor_spawned":[1,8],"killed_by":"Slime Boss","ascension_level":0}