{"gold_per_floor":[109,128,141,141,166,205,205,62,62,400,468,70,86,105,105,231,294,309,309,328,253,253],"floor_reached":22,"playtime":1755,"items_purged":[],"score":225,"play_id":"1c92d6b7-f300-4a23-b466-c1b52dd7d3bb","local_time":"20180804012939","is_ascension_mode":true,"campfire_choices":[{"floor":7.0,"key":"REST"},{"floor":15.0,"key":"REST"}],"neow_cost":"","seed_source_timestamp":0,"circlet_count":0,"master_deck":["Strike_R","Strike_R","Strike_R","Strike_R","Defend_R","Defend_R","Defend_R","Defend_R","Bash","Combust","Clothesline+1","Disarm","Armaments","Shrug It Off","True Grit","Rupture","Dual Wield","Immolate","Shrug It Off","Second Wind","RitualDagger","Clash+1"],"special_seed":0,"relics":["Burning Blood","Golden Idol","Bottled Flame","Blood Vial","Incense Burner","Old Coin","Darkstone Periapt","ClockworkSouvenir","Omamori","Tiny House"],"potions_floor_usage":[],"damage_taken":[{"damage":11.0,"enemies":"Jaw Worm","floor":1.0,"turns":4.0},{"damage":17.0,"enemies":"Small Slimes","floor":2.0,"turns":4.0},{"damage":8.0,"enemies":"2 Louse","floor":3.0,"turns":3.0},{"damage":15.0,"enemies":"2 Fungi Beasts","floor":5.0,"turns":3.0},{"damage":16.0,"enemies":"3 Sentries","floor":6.0,"turns":7.0},{"damage":22.0,"enemies":"Lagavulin","floor":10.0,"turns":11.0},{"damage":30.0,"enemies":"3 Sentries","floor":11.0,"turns":6.0},{"damage":4.0,"enemies":"Looter","floor":13.0,"turns":4.0},{"damage":5.0,"enemies":"Blue Slaver","floor":14.0,"turns":5.0},{"damage":34.0,"enemies":"Hexaghost","floor":16.0,"turns":9.0},{"damage":34,"enemies":"3 Byrds","floor":18,"turns":7},{"damage":40,"enemies":"Chosen","floor":20,"turns":9},{"damage":32,"enemies":"Centurion and Healer","floor":22,"turns":5}],"seed_played":"-5724165186127646686","potions_obtained":[{"floor":1.0,"key":"SneckoOil"},{"floor":3.0,"key":"EssenceOfSteel"},{"floor":11.0,"key":"Poison Potion"},{"floor":13.0,"key":"LiquidBronze"},{"floor":14.0,"key":"AttackPotion"},{"floor":17,"key":"FairyPotion"}],"is_trial":false,"path_per_floor":["M","M","M","?","M","E","R","$","T","E","?","$","M","M","R","B",null,"M","?","M","?"],"character_chosen":"IRONCLAD","items_purchased":["Blood Vial","ClockworkSouvenir","Omamori","True Grit"],"campfire_rested":2,"item_purchase_floors":[8,12,12,12],"current_hp_per_floor":[75,64,62,62,53,43,65,65,65,51,29,29,33,36,58,32,79,51,45,13,13,0],"gold":253,"neow_bonus":"","is_prod":false,"is_daily":false,"chose_seed":false,"campfire_upgraded":0,"win_rate":0,"timestamp":1533360579,"path_taken":["M","M","M","?","M","E","R","$","T","E","?","$","?","?","R","BOSS","M","?","M","?","M"],"build_version":"2018-08-02","purchased_purges":0,"victory":false,"max_hp_per_floor":[80,80,80,74,74,74,74,74,74,74,74,74,74,74,74,74,79,79,79,79,79,79],"card_choices":[{"not_picked":["Heavy Blade","Metallicize"],"picked":"Combust","floor":1.0},{"not_picked":["Perfected Strike","Havoc"],"picked":"Clothesline","floor":2.0},{"not_picked":["Perfected Strike","Thunderclap"],"picked":"Disarm","floor":3.0},{"not_picked":["Sword Boomerang","Dual Wield"],"picked":"Armaments","floor":5.0},{"not_picked":["Wild Strike","Clothesline"],"picked":"Shrug It Off","floor":6.0},{"not_picked":["Perfected Strike","Rage","Clothesline"],"picked":"SKIP","floor":10.0},{"not_picked":["Power Through","Limit Break"],"picked":"Rupture","floor":13.0},{"not_picked":["Inflame","Sever Soul"],"picked":"Dual Wield","floor":14.0},{"not_picked":["Dark Embrace","Limit Break"],"picked":"Immolate","floor":16.0},{"not_picked":["Body Slam","Havoc"],"picked":"Shrug It Off","floor":17},{"not_picked":["Intimidate+1","Thunderclap+1"],"picked":"Second Wind","floor":18},{"not_picked":["Cleave+1","Uppercut+1"],"picked":"Clash+1","floor":20}],"player_experience":401837,"relics_obtained":[{"floor":6.0,"key":"Bottled Flame"},{"floor":9.0,"key":"Incense Burner"},{"floor":10.0,"key":"Old Coin"},{"floor":11.0,"key":"Darkstone Periapt"}],"event_choices":[{"event_name":"Golden Idol","player_choice":"Lose Max HP","floor":4.0,"damage_taken":0.0},{"event_name":"Dead Adventurer","player_choice":"Searched \u00272\u0027 times","floor":11.0,"damage_taken":0.0},{"event_name":"Nest","player_choice":"Joined the Cult","floor":19,"damage_taken":0},{"event_name":"Beggar","player_choice":"Gave Gold","floor":21,"damage_taken":0}],"is_beta":false,"boss_relics":[{"not_picked":["Lizard Tail","Eternal Feather"],"picked":"Tiny House"}],"items_purged_floors":[],"is_endless":false,"potions_floor_spawned":[1,3,11,13,14],"killed_by":"Centurion and Healer","ascension_level":3}