{"gold_per_floor":[212,224,224,238,24,53,53,82,82,93,112,170,170,188,188,262,262,275,295,295,395,395,395,395],"floor_reached":24,"playtime":1542,"items_purged":[],"score":432,"play_id":"e2b5e87a-77d4-4d8a-bf5a-f6c69f43df0b","local_time":"20190227220446","is_ascension_mode":true,"campfire_choices":[{"data":"Armaments","floor":7,"key":"SMITH"},{"data":"Shockwave","floor":13,"key":"SMITH"},{"data":"True Grit","floor":15,"key":"SMITH"},{"data":"Bludgeon","floor":23,"key":"SMITH"}],"neow_cost":"NONE","seed_source_timestamp":11139089371141,"circlet_count":0,"master_deck":["AscendersBane","Strike_R","Strike_R","Strike_R","Strike_R","Strike_R","Defend_R","Defend_R","Defend_R","Defend_R","Bash","Thunderclap","Pommel Strike","Armaments+1","Rampage","Offering","Shockwave+1","Ghostly Armor","True Grit+1","Bludgeon+1","Perfected Strike","Metallicize","Decay","Shrug It Off"],"relics":["Burning Blood","Bag of Marbles","The Courier","StoneCalendar","Mango","Snecko Eye","Ginger","Dodecahedron","Nloth\u0027s Gift"],"potions_floor_usage":[8,10,16,16,21],"damage_taken":[{"damage":2,"enemies":"Cultist","floor":1,"turns":4},{"damage":10,"enemies":"Small Slimes","floor":2,"turns":3},{"damage":0,"enemies":"2 Louse","floor":4,"turns":4},{"damage":37,"enemies":"3 Sentries","floor":6,"turns":9},{"damage":8,"enemies":"Gremlin Nob","floor":8,"turns":3},{"damage":21,"enemies":"Gremlin Gang","floor":10,"turns":3},{"damage":28,"enemies":"Large Slime","floor":11,"turns":7},{"damage":8,"enemies":"Lagavulin","floor":12,"turns":7},{"damage":3,"enemies":"Looter","floor":14,"turns":4},{"damage":18,"enemies":"The Guardian","floor":16,"turns":11},{"damage":8,"enemies":"2 Thieves","floor":18,"turns":4},{"damage":0,"enemies":"Shell Parasite","floor":19,"turns":1},{"damage":19,"enemies":"Colosseum Slavers","floor":21,"turns":4},{"damage":17,"enemies":"Colosseum Nobs","floor":21,"turns":4},{"damage":52,"enemies":"Gremlin Leader","floor":24,"turns":3}],"seed_played":"1933916031547315711","potions_obtained":[{"floor":2,"key":"GamblersBrew"},{"floor":8,"key":"Regen Potion"},{"floor":10,"key":"Weak Potion"},{"floor":19,"key":"Explosive Potion"}],"is_trial":false,"path_per_floor":["M","M","$","M","$","E","R","E","T","M","M","E","R","M","R","B",null,"M","M","?","?","?","R","E"],"character_chosen":"IRONCLAD","items_purchased":["Bag of Marbles","Poison Potion"],"campfire_rested":0,"item_purchase_floors":[5,5],"current_hp_per_floor":[72,68,68,74,74,43,43,41,55,49,27,25,25,28,28,16,71,69,75,75,51,51,51,0],"gold":395,"neow_bonus":"HUNDRED_GOLD","is_prod":false,"is_daily":false,"chose_seed":false,"campfire_upgraded":4,"win_rate":0,"timestamp":1551258286,"path_taken":["M","M","?","M","$","E","R","E","T","M","M","E","R","M","R","BOSS","M","?","?","?","?","R","E"],"build_version":"2019-01-23","purchased_purges":0,"victory":false,"max_hp_per_floor":[75,75,75,75,75,75,75,75,89,89,89,89,89,89,89,89,89,89,89,89,89,89,89,89],"card_choices":[{"not_picked":["Flex","Dual Wield"],"picked":"Thunderclap","floor":1},{"not_picked":["True Grit","Heavy Blade"],"picked":"Pommel Strike","floor":2},{"not_picked":["Second Wind","Twin Strike"],"picked":"Armaments","floor":4},{"not_picked":["Blood for Blood","Iron Wave"],"picked":"Rampage","floor":6},{"not_picked":["Heavy Blade","Disarm"],"picked":"Offering","floor":8},{"not_picked":["Corruption","Warcry"],"picked":"Shockwave","floor":10},{"not_picked":["Entrench","Iron Wave"],"picked":"Ghostly Armor","floor":11},{"not_picked":["Twin Strike","Clash","Body Slam"],"picked":"SKIP","floor":12},{"not_picked":["Headbutt","Pummel"],"picked":"True Grit","floor":14},{"not_picked":["Double Tap","Exhume"],"picked":"Bludgeon","floor":16},{"not_picked":["Cleave","Clash"],"picked":"Perfected Strike","floor":18},{"not_picked":["Clash","Dual Wield"],"picked":"Metallicize","floor":19},{"not_picked":["Seeing Red","Battle Trance"],"picked":"Shrug It Off","floor":21}],"player_experience":465720,"relics_obtained":[{"floor":6,"key":"The Courier"},{"floor":8,"key":"StoneCalendar"},{"floor":9,"key":"Mango"},{"floor":12,"key":"Tiny Chest"},{"floor":21,"key":"Ginger"},{"floor":21,"key":"Dodecahedron"}],"event_choices":[{"damage_healed":0,"gold_gain":0,"player_choice":"Smashed Altar","damage_taken":0,"max_hp_gain":0,"max_hp_loss":0,"event_name":"Forgotten Altar","floor":20,"gold_loss":0,"cards_obtained":["Decay"]},{"damage_healed":0,"gold_gain":0,"player_choice":"Fight","damage_taken":0,"max_hp_gain":0,"max_hp_loss":0,"event_name":"Colosseum","floor":21,"gold_loss":0},{"damage_healed":0,"gold_gain":0,"player_choice":"Fought Nobs","damage_taken":0,"max_hp_gain":0,"max_hp_loss":0,"event_name":"Colosseum","floor":21,"gold_loss":0},{"damage_healed":0,"gold_gain":0,"player_choice":"Traded Relic","damage_taken":0,"relics_obtained":["Nloth\u0027s Gift"],"max_hp_gain":0,"max_hp_loss":0,"event_name":"N\u0027loth","floor":22,"relics_lost":["Tiny Chest"],"gold_loss":0}],"is_beta":false,"boss_relics":[{"not_picked":["Fusion Hammer","Tiny House"],"picked":"Snecko Eye"}],"items_purged_floors":[],"is_endless":false,"potions_floor_spawned":[2,6,8,10,14,19],"killed_by":"Gremlin Leader","ascension_level":20}