{"path_per_floor":["M","?","?","M","?","R","M","E","T","$","M","R","M","M","R"],"character_chosen":"IRONCLAD","items_purchased":["Jack Of All Trades","War Paint"],"gold_per_floor":[111,286,286,303,303,303,318,353,378,47,58,58,68,87,87,87],"floor_reached":16,"campfire_rested":1,"playtime":1870,"item_purchase_floors":[10,10],"current_hp_per_floor":[80,80,64,64,52,52,52,36,36,36,38,38,40,46,70,0],"items_purged":["Doubt"],"gold":87,"score":102,"play_id":"b8fd8cfc-b958-40c0-9d8a-ab09689de5ce","local_time":"20180617003421","is_prod":false,"is_daily":false,"chose_seed":false,"is_ascension_mode":false,"campfire_upgraded":2,"win_rate":0.0,"timestamp":1529210061,"campfire_choices":[{"data":"Warcry","floor":6,"key":"SMITH"},{"data":"Jack Of All Trades","floor":12,"key":"SMITH"},{"floor":15,"key":"REST"}],"path_taken":["M","?","?","M","?","R","M","E","T","$","M","R","M","M","R","BOSS"],"build_version":"2018-06-14v2","seed_source_timestamp":45188516695818,"purchased_purges":1,"victory":false,"master_deck":["Strike_R","Strike_R","Strike_R+1","Strike_R","Strike_R","Defend_R+1","Defend_R+1","Defend_R+1","Defend_R","Bash","Twin Strike","Warcry+1","Twin Strike","Burning Pact","Jack Of All Trades+1"],"max_hp_per_floor":[80,80,80,80,80,80,80,80,80,80,80,80,80,80,80,80],"relics":["Burning Blood","Omamori","Toolbox","Oddly Smooth Stone","War Paint"],"card_choices":[{"not_picked":["True Grit","Pummel"],"picked":"Twin Strike","floor":1},{"not_picked":["Iron Wave","Anger"],"picked":"Warcry","floor":4},{"not_picked":["Clash","Dark Embrace"],"picked":"Twin Strike","floor":7},{"not_picked":["Reckless Charge","Metallicize"],"picked":"Burning Pact","floor":8},{"not_picked":["Uppercut","Clothesline","Burning Pact"],"picked":"SKIP","floor":11},{"not_picked":["Dropkick","Rage","Shockwave"],"picked":"SKIP","floor":13},{"not_picked":["Burning Pact","Body Slam","Searing Blow"],"picked":"SKIP","floor":14}],"player_experience":32739,"potions_floor_usage":[8,8,13],"damage_taken":[{"damage":6,"enemies":"Jaw Worm","floor":1,"turns":3},{"damage":6,"enemies":"2 Louse","floor":4,"turns":4},{"damage":6,"enemies":"Cultist","floor":7,"turns":3},{"damage":22,"enemies":"3 Sentries","floor":8,"turns":10},{"damage":4,"enemies":"Blue Slaver","floor":11,"turns":5},{"damage":4,"enemies":"Large Slime","floor":13,"turns":5},{"damage":0,"enemies":"2 Fungi Beasts","floor":14,"turns":2},{"damage":70,"enemies":"Hexaghost","floor":16,"turns":21}],"relics_obtained":[{"floor":8,"key":"Toolbox"},{"floor":9,"key":"Oddly Smooth Stone"}],"event_choices":[{"event_name":"Liars Game","player_choice":"agreed","floor":2,"damage_taken":0},{"event_name":"Shining Light","player_choice":"Entered Light","floor":3,"damage_taken":0},{"event_name":"Scrap Ooze","player_choice":"success","floor":5,"damage_taken":12}],"boss_relics":[],"items_purged_floors":[10],"is_endless":false,"potions_floor_spawned":[4,7,11],"seed_played":"2608250028600461930","killed_by":"Hexaghost","ascension_level":0,"potions_obtained":[{"floor":4,"key":"Block Potion"},{"floor":7,"key":"AttackPotion"},{"floor":11,"key":"GamblersBrew"}],"is_trial":false}