{"gold_per_floor":[112,128,146,95,15,43,60,60,130,160,177,47,47,80,80,157,157,169,1,15,15,28,28,61,16,16,43,43,3,3,21,21,21],"floor_reached":33,"playtime":3107,"items_purged":["Strike_B","Strike_B"],"score":606,"play_id":"5bf51dae-4f0b-4c85-a00f-b4b4a3f06464","local_time":"20190217165848","is_ascension_mode":true,"campfire_choices":[{"floor":8,"key":"REST"},{"floor":13,"key":"REST"},{"floor":15,"key":"REST"},{"data":"Zap","floor":23,"key":"SMITH"},{"data":"Go for the Eyes","floor":28,"key":"SMITH"},{"data":"Beam Cell","floor":30,"key":"SMITH"},{"data":"Hologram","floor":32,"key":"SMITH"}],"neow_cost":"NONE","seed_source_timestamp":19559566156454,"circlet_count":0,"master_deck":["AscendersBane","Strike_B","Strike_B","Defend_B","Defend_B","Defend_B","Defend_B","Zap+1","Dualcast","BootSequence","Go for the Eyes+1","Streamline","Doom and Gloom","All For One","Auto Shields","Reinforced Body","Hologram+1","All For One","Gash","Turbo","Beam Cell+1","Steam"],"relics":["Black Star","Du-Vu Doll","Bag of Preparation","Kunai","Centennial Puzzle","Juzu Bracelet","Dream Catcher","The Courier","Eternal Feather","Meat on the Bone","Bag of Marbles","Cables","WingedGreaves","FossilizedHelix"],"potions_floor_usage":[6,14,16,16,20,24,24,33,33],"damage_taken":[{"damage":2,"enemies":"Cultist","floor":1,"turns":4},{"damage":0,"enemies":"2 Louse","floor":2,"turns":3},{"damage":0,"enemies":"Jaw Worm","floor":3,"turns":5},{"damage":52,"enemies":"Gremlin Nob","floor":6,"turns":5},{"damage":7,"enemies":"3 Louse","floor":7,"turns":3},{"damage":16,"enemies":"3 Sentries","floor":10,"turns":8},{"damage":3,"enemies":"Looter","floor":11,"turns":3},{"damage":11,"enemies":"Lagavulin","floor":14,"turns":7},{"damage":28,"enemies":"Slime Boss","floor":16,"turns":7},{"damage":17,"enemies":"Shell Parasite","floor":18,"turns":8},{"damage":12,"enemies":"3 Byrds","floor":20,"turns":8},{"damage":17,"enemies":"Shelled Parasite and Fungi","floor":22,"turns":6},{"damage":16,"enemies":"Slavers","floor":24,"turns":3},{"damage":3,"enemies":"Book of Stabbing","floor":27,"turns":3},{"damage":2,"enemies":"Cultist and Chosen","floor":31,"turns":7},{"damage":56,"enemies":"Collector","floor":33,"turns":9}],"seed_played":"-7953424411446399421","potions_obtained":[{"floor":1,"key":"Weak Potion"},{"floor":2,"key":"SneckoOil"},{"floor":10,"key":"Weak Potion"},{"floor":14,"key":"PowerPotion"},{"floor":18,"key":"Weak Potion"},{"floor":20,"key":"FocusPotion"},{"floor":31,"key":"SpeedPotion"}],"is_trial":false,"path_per_floor":["M","M","M","$","$","E","M","R","T","E","M","$","R","E","R","B",null,"M","$","M","?","M","R","E","$","T","E","R","$","R","M","R","B"],"character_chosen":"DEFECT","items_purchased":["Streamline","Doom and Gloom","AttackPotion","Gash","Strength Potion","Block Potion","Steam"],"campfire_rested":3,"item_purchase_floors":[4,5,12,19,19,25,29],"current_hp_per_floor":[62,62,62,62,62,10,3,24,24,8,5,5,26,15,36,8,55,38,38,26,26,9,21,5,5,5,14,26,26,38,36,48,0],"gold":21,"neow_bonus":"BOSS_RELIC","is_prod":false,"is_daily":false,"chose_seed":false,"campfire_upgraded":4,"win_rate":0,"timestamp":1550375928,"path_taken":["M","M","M","?","$","E","?","R","T","E","M","$","R","E","R","BOSS","M","$","M","?","M","R","E","$","T","E","R","$","R","M","R","BOSS"],"build_version":"2019-01-23","purchased_purges":2,"victory":false,"max_hp_per_floor":[71,71,71,71,71,71,71,71,71,71,71,71,71,71,71,71,71,71,71,71,71,71,71,71,71,71,71,71,71,71,71,71,71],"card_choices":[{"not_picked":["Leap","Sweeping Beam"],"picked":"BootSequence","floor":1},{"not_picked":["Blizzard","Compile Driver"],"picked":"Go for the Eyes","floor":2},{"not_picked":["Stack","Coolheaded","Fusion"],"picked":"SKIP","floor":3},{"not_picked":["Leap","Conserve Battery"],"picked":"All For One","floor":6},{"not_picked":["Beam Cell","Turbo"],"picked":"Auto Shields","floor":7},{"not_picked":["Storm","Machine Learning"],"picked":"Reinforced Body","floor":10},{"not_picked":["Fusion","Recycle"],"picked":"Hologram","floor":11},{"not_picked":["Heatsinks","BootSequence","Streamline"],"picked":"SKIP","floor":14},{"not_picked":["Multi-Cast","Creative AI"],"picked":"All For One","floor":16},{"not_picked":["Hello World","Rip and Tear","Static Discharge"],"picked":"SKIP","floor":18},{"not_picked":["Rebound","Stack"],"picked":"Turbo","floor":20},{"not_picked":["Turbo","Storm"],"picked":"Beam Cell","floor":22},{"not_picked":["Stack","Streamline","Ball Lightning"],"picked":"SKIP","floor":24},{"not_picked":["BootSequence","Coolheaded","Turbo"],"picked":"SKIP","floor":27},{"not_picked":["Ball Lightning","Darkness","Sweeping Beam"],"picked":"SKIP","floor":31}],"player_experience":293911,"relics_obtained":[{"floor":6,"key":"Du-Vu Doll"},{"floor":6,"key":"Bag of Preparation"},{"floor":9,"key":"Kunai"},{"floor":10,"key":"Centennial Puzzle"},{"floor":10,"key":"Juzu Bracelet"},{"floor":14,"key":"Dream Catcher"},{"floor":14,"key":"The Courier"},{"floor":24,"key":"Meat on the Bone"},{"floor":24,"key":"Bag of Marbles"},{"floor":26,"key":"Cables"},{"floor":27,"key":"WingedGreaves"},{"floor":27,"key":"FossilizedHelix"}],"event_choices":[{"damage_healed":0,"gold_gain":0,"player_choice":"0 cards matched","damage_taken":0,"max_hp_gain":0,"max_hp_loss":0,"event_name":"Match and Keep!","floor":21,"gold_loss":0,"cards_obtained":[]}],"is_beta":false,"boss_relics":[{"not_picked":["Ectoplasm","Busted Crown"],"picked":"Eternal Feather"}],"items_purged_floors":[12,19],"is_endless":false,"potions_floor_spawned":[1,2,10,14,18,20,31],"killed_by":"Collector","ascension_level":20}