{"gold_per_floor":[210,230,245,263,263,295,309,336,360,360,386,386,386,414,414,516,516,535,545,565,480,480,480],"floor_reached":23,"playtime":2141,"items_purged":[],"score":211,"play_id":"3aa2d75d-36c1-4cec-8283-0e76976c5078","local_time":"20190228015354","is_ascension_mode":false,"campfire_choices":[{"floor":10,"key":"REST"},{"floor":12,"key":"REST"},{"data":"Wild Strike","floor":15,"key":"SMITH"}],"neow_cost":"NONE","seed_source_timestamp":1338757405221996,"circlet_count":0,"master_deck":["Strike_R","Strike_R","Strike_R","Strike_R","Defend_R","Defend_R","Defend_R","Defend_R","Bash","Rampage+1","Heavy Blade","Wild Strike+1","Spot Weakness","Rampage","Evolve","Feed","Shrug It Off","Armaments","Rampage","Anger","Fiend Fire","Wild Strike","Warcry","Blood for Blood"],"relics":["Burning Blood","Juzu Bracelet","Dream Catcher","Pen Nib","Omamori","Odd Mushroom","Eternal Feather","Centennial Puzzle"],"potions_floor_usage":[6,11,16,23],"damage_taken":[{"damage":1,"enemies":"Cultist","floor":1,"turns":3},{"damage":7,"enemies":"2 Louse","floor":2,"turns":2},{"damage":6,"enemies":"Jaw Worm","floor":3,"turns":3},{"damage":8,"enemies":"Blue Slaver","floor":4,"turns":5},{"damage":30,"enemies":"Gremlin Nob","floor":6,"turns":4},{"damage":5,"enemies":"Looter","floor":7,"turns":3},{"damage":26,"enemies":"Lagavulin","floor":8,"turns":5},{"damage":13,"enemies":"3 Sentries","floor":11,"turns":9},{"damage":26,"enemies":"The Mushroom Lair","floor":14,"turns":4},{"damage":63,"enemies":"Slime Boss","floor":16,"turns":11},{"damage":22,"enemies":"Chosen","floor":18,"turns":6},{"damage":25,"enemies":"Shell Parasite","floor":19,"turns":5},{"damage":30,"enemies":"Snake Plant","floor":20,"turns":5},{"damage":30,"enemies":"Book of Stabbing","floor":23,"turns":4}],"seed_played":"7027148881659109265","potions_obtained":[{"floor":1,"key":"SteroidPotion"},{"floor":4,"key":"SkillPotion"},{"floor":11,"key":"BloodPotion"},{"floor":19,"key":"Poison Potion"}],"is_trial":false,"path_per_floor":["M","?","?","?","?","?"],"character_chosen":"IRONCLAD","items_purchased":[],"campfire_rested":2,"item_purchase_floors":[],"current_hp_per_floor":[80,79,79,77,77,53,54,34,34,58,54,78,78,61,61,12,86,70,51,30,30,30,0],"gold":480,"neow_bonus":"HUNDRED_GOLD","is_prod":false,"is_daily":false,"chose_seed":false,"campfire_upgraded":1,"win_rate":0.0,"timestamp":1551293634,"path_taken":["M","M","?","M","?","E","M","E","T","R","E","R","?","?","R","BOSS","M","M","M","?","?","E"],"build_version":"2019-01-23","purchased_purges":0,"victory":false,"max_hp_per_floor":[80,80,80,80,80,80,80,80,80,80,83,83,83,86,86,86,86,86,86,89,89,89,89],"card_choices":[{"not_picked":["Ghostly Armor","Shrug It Off"],"picked":"Rampage","floor":1},{"not_picked":["True Grit","Sword Boomerang"],"picked":"Heavy Blade","floor":2},{"not_picked":["Cleave","Thunderclap"],"picked":"Wild Strike","floor":3},{"not_picked":["Dual Wield","Blood for Blood"],"picked":"Spot Weakness","floor":4},{"not_picked":["Pommel Strike","Evolve"],"picked":"Rampage","floor":6},{"not_picked":["Spot Weakness","Second Wind"],"picked":"Evolve","floor":7},{"not_picked":["Sword Boomerang","Juggernaut"],"picked":"Feed","floor":8},{"not_picked":["Iron Wave","True Grit"],"picked":"Shrug It Off","floor":10},{"not_picked":["Sentinel","Anger"],"picked":"Armaments","floor":11},{"not_picked":["Whirlwind","Body Slam"],"picked":"Rampage","floor":12},{"not_picked":["Havoc","Battle Trance"],"picked":"Anger","floor":14},{"not_picked":["Feed","Limit Break"],"picked":"Fiend Fire","floor":16},{"not_picked":["Heavy Blade+1","Disarm"],"picked":"Wild Strike","floor":18},{"not_picked":["Perfected Strike","Intimidate"],"picked":"Warcry","floor":19},{"not_picked":["Corruption+1","Impervious"],"picked":"Blood for Blood","floor":20}],"player_experience":226234,"relics_obtained":[{"floor":6,"key":"Juzu Bracelet"},{"floor":8,"key":"Dream Catcher"},{"floor":9,"key":"Pen Nib"},{"floor":11,"key":"Omamori"},{"floor":14,"key":"Odd Mushroom"}],"event_choices":[{"cards_removed":["Strike_R"],"damage_healed":0,"gold_gain":0,"player_choice":"Purged","damage_taken":0,"max_hp_gain":0,"max_hp_loss":0,"event_name":"Purifier","floor":5,"gold_loss":0},{"damage_healed":0,"gold_gain":0,"player_choice":"Grow","damage_taken":0,"max_hp_gain":0,"max_hp_loss":0,"event_name":"Living Wall","floor":13,"gold_loss":0,"cards_upgraded":["Rampage"]},{"damage_healed":0,"gold_gain":0,"player_choice":"Fought Mushrooms","damage_taken":0,"max_hp_gain":0,"max_hp_loss":0,"event_name":"Mushrooms","floor":14,"gold_loss":0},{"damage_healed":0,"gold_gain":0,"player_choice":"Obtained Relic","damage_taken":0,"relics_obtained":["Centennial Puzzle"],"max_hp_gain":0,"max_hp_loss":0,"event_name":"Addict","floor":21,"gold_loss":85},{"damage_healed":0,"gold_gain":0,"player_choice":"Ignored","damage_taken":0,"max_hp_gain":0,"max_hp_loss":0,"event_name":"Ghosts","floor":22,"gold_loss":0}],"is_beta":false,"boss_relics":[{"not_picked":["Snecko Eye","Orrery"],"picked":"Eternal Feather"}],"items_purged_floors":[],"is_endless":false,"potions_floor_spawned":[1,4,11,19],"killed_by":"Book of Stabbing","ascension_level":0}