{"gold_per_floor":[110,123,139,158,12,12,39,39,108,108,62,73,102,121,121,121],"floor_reached":16,"playtime":956,"items_purged":["Strike_G"],"score":123,"play_id":"1f526835-8c0d-4808-94b1-542e3e6432af","local_time":"20180930142648","is_ascension_mode":true,"campfire_choices":[{"data":"Deadly Poison","floor":6,"key":"SMITH"},{"data":"Skewer","floor":10,"key":"SMITH"},{"floor":15,"key":"REST"}],"neow_cost":"","seed_source_timestamp":0,"circlet_count":0,"master_deck":["Defend_G","Defend_G","Defend_G","Defend_G","Defend_G","Strike_G","Strike_G","Strike_G","Strike_G","Survivor","Neutralize+1","Dagger Spray","Endless Agony","Deadly Poison+1","Skewer+1","Dagger Throw","PiercingWail","Underhanded Strike","Slice","Outmaneuver","Calculated Gamble","Setup"],"special_seed":0,"relics":["Ring of the Snake","Unceasing Top","Matryoshka","Art of War"],"potions_floor_usage":[4,4,7,16],"damage_taken":[{"damage":2,"enemies":"Jaw Worm","floor":1,"turns":4},{"damage":3,"enemies":"Cultist","floor":2,"turns":5},{"damage":0,"enemies":"2 Louse","floor":3,"turns":1},{"damage":6,"enemies":"Gremlin Gang","floor":4,"turns":4},{"damage":24,"enemies":"Gremlin Nob","floor":7,"turns":4},{"damage":7,"enemies":"Blue Slaver","floor":12,"turns":3},{"damage":23,"enemies":"3 Sentries","floor":13,"turns":10},{"damage":3,"enemies":"Large Slime","floor":14,"turns":5},{"damage":14,"enemies":"Hexaghost","floor":16,"turns":9}],"seed_played":"-2806693743234442631","potions_obtained":[{"floor":2,"key":"Fruit Juice"},{"floor":3,"key":"EssenceOfSteel"},{"floor":4,"key":"SneckoOil"},{"floor":14,"key":"FearPotion"}],"is_trial":false,"path_per_floor":["M","M","M","M","$","R","E","?","T","R","$","M","E","M","R"],"character_chosen":"THE_SILENT","items_purchased":["Dagger Throw","PiercingWail","Slice"],"campfire_rested":1,"item_purchase_floors":[5,5,11],"current_hp_per_floor":[68,65,65,64,64,64,40,40,40,40,40,33,10,7,29,15],"gold":121,"neow_bonus":"","is_prod":false,"is_daily":false,"chose_seed":false,"campfire_upgraded":2,"win_rate":0,"timestamp":1538332008,"path_taken":["M","M","M","M","$","R","E","?","T","R","$","?","E","M","R","BOSS"],"build_version":"2018-09-27","purchased_purges":1,"victory":false,"max_hp_per_floor":[70,70,70,75,75,75,75,75,75,75,75,75,75,75,75,75],"card_choices":[{"not_picked":["Cloak And Dagger","Accuracy"],"picked":"Dagger Spray","floor":1},{"not_picked":["Bane","Sucker Punch"],"picked":"Endless Agony","floor":2},{"not_picked":["Bullet Time","Masterful Stab"],"picked":"Deadly Poison","floor":3},{"not_picked":["Bane","Cloak And Dagger"],"picked":"Skewer","floor":4},{"not_picked":["Poisoned Stab","Doppelganger"],"picked":"Underhanded Strike","floor":7},{"not_picked":["Quick Slash","Blur"],"picked":"Outmaneuver","floor":12},{"not_picked":["Heel Hook","Terror"],"picked":"Calculated Gamble","floor":13},{"not_picked":["Endless Agony","Blur"],"picked":"Setup","floor":14}],"player_experience":701168,"relics_obtained":[{"floor":7,"key":"Unceasing Top"},{"floor":9,"key":"Matryoshka"},{"floor":13,"key":"Art of War"}],"event_choices":[{"event_name":"Accursed Blacksmith","player_choice":"Forge","floor":8,"damage_taken":0}],"is_beta":false,"boss_relics":[],"items_purged_floors":[5],"is_endless":false,"potions_floor_spawned":[2,3,4,14],"killed_by":"Hexaghost","ascension_level":2}