{"gold_per_floor":[110,129,145,77,96,96,112,287,310,329,329,339,96,108,108,108],"floor_reached":16,"playtime":2348,"items_purged":["Doubt"],"score":96,"play_id":"5bfdfc56-bcfe-4c0b-b878-e3adce84cbac","local_time":"20190112135147","is_ascension_mode":false,"campfire_choices":[{"data":"Flame Barrier","floor":6,"key":"SMITH"},{"data":"Armaments","floor":15,"key":"SMITH"}],"neow_cost":"NONE","seed_source_timestamp":170365887538347,"circlet_count":0,"master_deck":["Strike_R","Strike_R","Strike_R","Strike_R","Strike_R","Defend_R","Defend_R","Defend_R","Defend_R","Bash","Pummel","Flame Barrier+1","True Grit+1","Entrench","Shrug It Off","Pommel Strike","Burning Pact","Secret Technique","Armaments+1"],"relics":["Burning Blood","NeowsBlessing","Bag of Preparation"],"potions_floor_usage":[7,7],"damage_taken":[{"damage":0,"enemies":"Small Slimes","floor":1,"turns":1},{"damage":0,"enemies":"2 Louse","floor":2,"turns":1},{"damage":0,"enemies":"Cultist","floor":3,"turns":1},{"damage":8,"enemies":"Gremlin Gang","floor":5,"turns":6},{"damage":16,"enemies":"Exordium Thugs","floor":7,"turns":5},{"damage":11,"enemies":"3 Louse","floor":10,"turns":4},{"damage":8,"enemies":"Lots of Slimes","floor":12,"turns":6},{"damage":8,"enemies":"Red Slaver","floor":14,"turns":3},{"damage":61,"enemies":"Hexaghost","floor":16,"turns":14}],"seed_played":"570971602297770045","potions_obtained":[{"floor":2,"key":"AttackPotion"},{"floor":3,"key":"SteroidPotion"},{"floor":10,"key":"BloodPotion"},{"floor":14,"key":"SkillPotion"}],"is_trial":false,"path_per_floor":["M","M","M","$","M","R","M","?","T","M","?","M","$","M","R","B"],"character_chosen":"IRONCLAD","items_purchased":["Entrench","Secret Technique"],"campfire_rested":0,"item_purchase_floors":[4,13],"current_hp_per_floor":[80,80,80,80,78,78,68,68,68,63,63,61,61,59,59,0],"gold":108,"neow_bonus":"THREE_ENEMY_KILL","is_prod":false,"is_daily":false,"chose_seed":false,"campfire_upgraded":2,"win_rate":0.0,"timestamp":1547329907,"path_taken":["M","M","M","$","M","R","M","?","T","M","?","M","$","M","R","BOSS"],"build_version":"2019-01-10","purchased_purges":1,"victory":false,"max_hp_per_floor":[80,80,80,80,80,80,80,80,80,80,80,80,80,80,80,80],"card_choices":[{"not_picked":["Iron Wave","Thunderclap"],"picked":"Pummel","floor":1},{"not_picked":["Heavy Blade","Shockwave"],"picked":"Flame Barrier","floor":2},{"not_picked":["Iron Wave","Searing Blow"],"picked":"True Grit","floor":3},{"not_picked":["Combust","Fire Breathing"],"picked":"Shrug It Off","floor":5},{"not_picked":["Thunderclap","Searing Blow"],"picked":"Pommel Strike","floor":7},{"not_picked":["Corruption","Perfected Strike"],"picked":"Burning Pact","floor":10},{"not_picked":["Pummel","Iron Wave","Rage"],"picked":"SKIP","floor":12},{"not_picked":["Pummel","Headbutt"],"picked":"Armaments","floor":14}],"player_experience":6333,"relics_obtained":[{"floor":9,"key":"Bag of Preparation"}],"event_choices":[{"damage_healed":0,"gold_gain":175,"player_choice":"AGREE","damage_taken":0,"max_hp_gain":0,"max_hp_loss":0,"event_name":"Liars Game","floor":8,"gold_loss":0,"cards_obtained":["Doubt"]},{"damage_healed":0,"gold_gain":0,"player_choice":"Forge","damage_taken":0,"max_hp_gain":0,"max_hp_loss":0,"event_name":"Accursed Blacksmith","floor":11,"gold_loss":0,"cards_upgraded":["True Grit"]}],"is_beta":false,"boss_relics":[],"items_purged_floors":[13],"is_endless":false,"potions_floor_spawned":[2,3,10,14],"killed_by":"Hexaghost","ascension_level":0}