{"gold_per_floor":[216,291,291,12,26,54,54,64,64,95,95,95,115,144,144,218,218,234,284,55,90,104,134,134,165,189,189,189],"floor_reached":28,"playtime":1497,"items_purged":[],"score":544,"play_id":"08d59e63-a87d-4168-9962-0d50fbda78bb","local_time":"20190227222959","is_ascension_mode":true,"campfire_choices":[{"data":"Apotheosis","floor":7,"key":"SMITH"},{"data":"1","floor":11,"key":"LIFT"},{"data":"2","floor":15,"key":"LIFT"},{"floor":24,"key":"REST"}],"neow_cost":"NONE","seed_source_timestamp":12697570504611,"circlet_count":0,"master_deck":["AscendersBane","Strike_R","Strike_R","Strike_R","Defend_R","Defend_R","Defend_R","Defend_R","Bash+1","Battle Trance+1","Apotheosis+1","Combust","Iron Wave+1","Anger","Metallicize","Whirlwind+1","Shrug It Off","Demon Form+1","Thunderclap+1","Disarm+1","True Grit","Rupture+1","Heavy Blade","Iron Wave+1","Disarm","Havoc+1"],"relics":["Burning Blood","Mummified Hand","Frozen Egg 2","Girya","Happy Flower","Empty Cage","Red Mask","PreservedInsect","Whetstone","War Paint"],"potions_floor_usage":[6,6,10,21,21,23],"damage_taken":[{"damage":23,"enemies":"Jaw Worm","floor":1,"turns":8},{"damage":10,"enemies":"2 Louse","floor":5,"turns":3},{"damage":8,"enemies":"3 Sentries","floor":6,"turns":4},{"damage":5,"enemies":"Small Slimes","floor":8,"turns":3},{"damage":8,"enemies":"Gremlin Nob","floor":10,"turns":3},{"damage":7,"enemies":"Exordium Wildlife","floor":13,"turns":2},{"damage":7,"enemies":"3 Sentries","floor":14,"turns":4},{"damage":22,"enemies":"The Guardian","floor":16,"turns":9},{"damage":20,"enemies":"Shell Parasite","floor":18,"turns":4},{"damage":1,"enemies":"Masked Bandits","floor":21,"turns":3},{"damage":2,"enemies":"Chosen","floor":22,"turns":3},{"damage":37,"enemies":"Slavers","floor":23,"turns":5},{"damage":41,"enemies":"Gremlin Leader","floor":25,"turns":4},{"damage":28,"enemies":"Centurion and Healer","floor":28,"turns":2}],"seed_played":"1969888706077321695","potions_obtained":[{"floor":1,"key":"Fire Potion"},{"floor":5,"key":"AttackPotion"},{"floor":8,"key":"Energy Potion"},{"floor":10,"key":"SneckoOil"},{"floor":21,"key":"EssenceOfSteel"},{"floor":23,"key":"Dexterity Potion"}],"is_trial":false,"path_per_floor":["M","?","?","$","M","E","R","M","T","E","R","?","M","E","R","B",null,"M","?","$","?","M","E","R","E","T","?","M"],"character_chosen":"IRONCLAD","items_purchased":["Apotheosis","Combust","Disarm","True Grit","Rupture+1","AttackPotion"],"campfire_rested":1,"item_purchase_floors":[4,4,20,20,20,20],"current_hp_per_floor":[51,40,40,40,36,34,34,35,35,33,33,38,37,36,36,20,65,51,51,51,56,60,29,53,18,18,18,0],"gold":189,"neow_bonus":"HUNDRED_GOLD","is_prod":false,"is_daily":false,"chose_seed":false,"campfire_upgraded":1,"win_rate":0,"timestamp":1551259799,"path_taken":["M","?","?","$","M","E","R","M","T","E","R","?","M","E","R","BOSS","M","?","$","?","M","E","R","E","T","?","?"],"build_version":"2019-01-23","purchased_purges":0,"victory":false,"max_hp_per_floor":[75,75,75,75,75,75,75,75,75,75,75,80,80,80,80,80,80,80,80,80,80,80,80,80,80,80,80,80],"card_choices":[{"not_picked":["Thunderclap","Headbutt"],"picked":"Battle Trance","floor":1},{"not_picked":["Wild Strike","Rage"],"picked":"Iron Wave","floor":5},{"not_picked":["Twin Strike","Body Slam"],"picked":"Anger","floor":6},{"not_picked":["Havoc","Flex"],"picked":"Metallicize","floor":8},{"not_picked":["Havoc","Clash","Whirlwind"],"picked":"SKIP","floor":10},{"not_picked":["Havoc","Clash"],"picked":"Whirlwind","floor":10},{"not_picked":["Shockwave","Havoc"],"picked":"Shrug It Off","floor":13},{"not_picked":["Sentinel","Bloodletting","Dropkick"],"picked":"SKIP","floor":14},{"not_picked":["Exhume","Feed"],"picked":"Demon Form+1","floor":16},{"not_picked":["Wild Strike","Burning Pact"],"picked":"Thunderclap+1","floor":18},{"not_picked":["Warcry","Battle Trance"],"picked":"Heavy Blade","floor":21},{"not_picked":["Perfected Strike","Carnage"],"picked":"Iron Wave+1","floor":22},{"not_picked":["Entrench","Iron Wave"],"picked":"Disarm","floor":23},{"not_picked":["Heavy Blade","Dropkick+1"],"picked":"Havoc+1","floor":25}],"player_experience":467262,"relics_obtained":[{"floor":6,"key":"Mummified Hand"},{"floor":9,"key":"Frozen Egg 2"},{"floor":10,"key":"Girya"},{"floor":14,"key":"Happy Flower"},{"floor":21,"key":"Red Mask"},{"floor":23,"key":"PreservedInsect"},{"floor":25,"key":"Whetstone"},{"floor":26,"key":"War Paint"}],"event_choices":[{"damage_healed":0,"gold_gain":75,"player_choice":"Gather Gold","damage_taken":11,"max_hp_gain":0,"max_hp_loss":0,"event_name":"World of Goop","floor":2,"gold_loss":0},{"damage_healed":0,"gold_gain":0,"player_choice":"Grow","damage_taken":0,"max_hp_gain":0,"max_hp_loss":0,"event_name":"Living Wall","floor":3,"gold_loss":0,"cards_upgraded":["Bash"]},{"damage_healed":0,"gold_gain":0,"player_choice":"Donut","damage_taken":0,"max_hp_gain":5,"max_hp_loss":0,"event_name":"Big Fish","floor":12,"gold_loss":0},{"damage_healed":0,"gold_gain":50,"player_choice":"Stole From Cult","damage_taken":0,"max_hp_gain":0,"max_hp_loss":0,"event_name":"Nest","floor":19,"gold_loss":0},{"damage_healed":0,"gold_gain":0,"player_choice":"Fought Bandits","damage_taken":0,"max_hp_gain":0,"max_hp_loss":0,"event_name":"Masked Bandits","floor":21,"gold_loss":0},{"damage_healed":0,"gold_gain":0,"player_choice":"Ignored","damage_taken":0,"max_hp_gain":0,"max_hp_loss":0,"event_name":"Vampires","floor":27,"gold_loss":0}],"is_beta":false,"boss_relics":[{"not_picked":["Runic Dome","Black Blood"],"picked":"Empty Cage"}],"items_purged_floors":[],"is_endless":false,"potions_floor_spawned":[1,5,8,10,21,23],"killed_by":"Centurion and Healer","ascension_level":20}