{"gold_per_floor":[112,112,132,151,4,4,31,51,51,80,94,114,139,156,156,259,259,279,279,298,33,50,50,15,31,31,31,49,49,49,49],"floor_reached":31,"playtime":1407,"items_purged":["Purity"],"score":411,"play_id":"33cb553c-3bf3-4195-b28c-f3b017ab97de","local_time":"20181124054451","is_ascension_mode":true,"campfire_choices":[{"data":"Buffer","floor":6,"key":"SMITH"},{"data":"Reboot","floor":15,"key":"SMITH"},{"data":"Defragment","floor":23,"key":"SMITH"},{"floor":29,"key":"REST"}],"neow_cost":"NONE","seed_source_timestamp":5122821524315,"circlet_count":0,"master_deck":["Strike_B","Strike_B+1","Strike_B","Strike_B+1","Defend_B","Defend_B","Defend_B","Defend_B","Zap","Dualcast","Streamline","Zap","Buffer+1","Leap","Reboot+1","Glacier","Cold Snap","Compile Driver","Coolheaded","Hologram","Blizzard","Skim","Rebound","Thunder Strike","Hologram","Conserve Battery","Fission","Go for the Eyes+1","Ball Lightning","Defragment+1","Hologram","Glacier+1","Capacitor","Blizzard","Machine Learning","Skim","Glacier"],"relics":["Cracked Core","Whetstone","Kunai","Prayer Wheel","PreservedInsect","Sozu","Anchor","Dodecahedron"],"potions_floor_usage":[16,31],"damage_taken":[{"damage":14,"enemies":"Jaw Worm","floor":1,"turns":3},{"damage":0,"enemies":"Cultist","floor":3,"turns":3},{"damage":0,"enemies":"Small Slimes","floor":4,"turns":3},{"damage":0,"enemies":"Lagavulin","floor":7,"turns":7},{"damage":8,"enemies":"Exordium Wildlife","floor":8,"turns":3},{"damage":0,"enemies":"Gremlin Nob","floor":10,"turns":4},{"damage":2,"enemies":"Exordium Thugs","floor":11,"turns":4},{"damage":15,"enemies":"Gremlin Gang","floor":12,"turns":4},{"damage":5,"enemies":"Lagavulin","floor":13,"turns":8},{"damage":8,"enemies":"Blue Slaver","floor":14,"turns":3},{"damage":7,"enemies":"The Guardian","floor":16,"turns":14},{"damage":5,"enemies":"Shell Parasite","floor":18,"turns":7},{"damage":17,"enemies":"3 Byrds","floor":20,"turns":6},{"damage":2,"enemies":"Cultist and Chosen","floor":22,"turns":6},{"damage":0,"enemies":"Snecko","floor":25,"turns":5},{"damage":17,"enemies":"Snake Plant","floor":28,"turns":7},{"damage":45,"enemies":"Slavers","floor":31,"turns":5}],"seed_played":"-3682814401395470049","potions_obtained":[{"floor":3,"key":"SmokeBomb"},{"floor":11,"key":"AttackPotion"},{"floor":14,"key":"Swift Potion"},{"floor":16,"key":"Weak Potion"}],"is_trial":false,"path_per_floor":["M","?","M","M","$","R","E","M","T","E","M","M","E","M","R","B",null,"M","?","M","$","M","R","$","M","T","$","M","R","?","E"],"character_chosen":"DEFECT","items_purchased":["Glacier","Defragment","Anchor","Hologram","Blizzard"],"campfire_rested":1,"item_purchase_floors":[5,21,21,21,24],"current_hp_per_floor":[61,61,61,61,61,61,61,53,53,53,51,36,31,23,23,16,60,55,55,38,38,36,36,36,36,36,36,19,41,41,0],"gold":49,"neow_bonus":"RANDOM_COLORLESS","is_prod":false,"is_daily":false,"chose_seed":false,"campfire_upgraded":3,"win_rate":0,"timestamp":1542991491,"path_taken":["M","?","?","M","$","R","E","M","T","E","M","M","E","M","R","BOSS","M","?","?","$","M","R","?","M","T","$","?","R","?","E"],"build_version":"2018-11-15","purchased_purges":1,"victory":false,"max_hp_per_floor":[75,75,75,75,75,75,75,75,75,75,75,75,75,75,75,75,75,75,75,75,75,75,75,75,75,75,75,75,75,75,75],"card_choices":[{"not_picked":["Storm","Scrape"],"picked":"Streamline","floor":1},{"not_picked":["Gash","Steam"],"picked":"Leap","floor":3},{"not_picked":["Rebound","Coolheaded"],"picked":"Reboot","floor":4},{"not_picked":["Barrage","Conserve Battery"],"picked":"Cold Snap","floor":7},{"not_picked":["Gash","Hello World"],"picked":"Compile Driver","floor":8},{"not_picked":["Darkness","Reboot"],"picked":"Coolheaded","floor":10},{"not_picked":["Conserve Battery","Compile Driver"],"picked":"Hologram","floor":11},{"not_picked":["Tempest","Streamline"],"picked":"Blizzard","floor":11},{"not_picked":["Redo","Streamline"],"picked":"Skim","floor":12},{"not_picked":["Beam Cell","Steam"],"picked":"Rebound","floor":12},{"not_picked":["Barrage","Double Energy"],"picked":"Thunder Strike","floor":13},{"not_picked":["Rip and Tear","Streamline"],"picked":"Hologram","floor":14},{"not_picked":["Barrage","Turbo"],"picked":"Conserve Battery","floor":14},{"not_picked":["All For One","Buffer"],"picked":"Fission","floor":16},{"not_picked":["Redo","Conserve Battery+1"],"picked":"Go for the Eyes+1","floor":18},{"not_picked":["Steam","Leap","Undo+1"],"picked":"SKIP","floor":18},{"not_picked":["Coolheaded","Stack"],"picked":"Ball Lightning","floor":20},{"not_picked":["Sweeping Beam+1","Stack","Undo"],"picked":"SKIP","floor":20},{"not_picked":["Hologram","Creative AI"],"picked":"Glacier+1","floor":22},{"not_picked":["Compile Driver","Force Field"],"picked":"Capacitor","floor":22},{"not_picked":["Gash","Hologram"],"picked":"Machine Learning","floor":25},{"not_picked":["Steam+1","Capacitor","Barrage"],"picked":"SKIP","floor":25},{"not_picked":["Heatsinks+1","Gash"],"picked":"Skim","floor":28},{"not_picked":["Redo","Chill","Turbo"],"picked":"SKIP","floor":28}],"player_experience":369758,"relics_obtained":[{"floor":7,"key":"Whetstone"},{"floor":9,"key":"Kunai"},{"floor":10,"key":"Prayer Wheel"},{"floor":13,"key":"PreservedInsect"},{"floor":26,"key":"Dodecahedron"}],"event_choices":[{"damage_healed":0,"gold_gain":0,"player_choice":"2 cards matched","damage_taken":0,"max_hp_gain":0,"max_hp_loss":0,"event_name":"Match and Keep!","floor":2,"gold_loss":0,"cards_obtained":["Zap","Buffer"]},{"damage_healed":0,"gold_gain":0,"player_choice":"Got Potions","damage_taken":0,"max_hp_gain":0,"max_hp_loss":0,"event_name":"Lab","floor":19,"gold_loss":0},{"damage_healed":0,"gold_gain":0,"player_choice":"Read","damage_taken":0,"max_hp_gain":0,"max_hp_loss":0,"event_name":"The Library","floor":30,"gold_loss":0,"cards_obtained":["Glacier"]}],"is_beta":false,"boss_relics":[{"not_picked":["Astrolabe","Black Star"],"picked":"Sozu"}],"items_purged_floors":[5],"is_endless":false,"potions_floor_spawned":[3,11,14,16,22,28],"killed_by":"Slavers","ascension_level":5}