{"gold_per_floor":[109,109,124,74,87,87,106,106,136,148,180,1,1,27,27,101,101,101,101,101],"floor_reached":20,"playtime":1875,"items_purged":["Strike_G"],"score":304,"play_id":"688d87f0-8ac1-4d0a-b085-2d91e388ea39","local_time":"20190204002123","is_ascension_mode":true,"campfire_choices":[{"data":"Terror","floor":6,"key":"SMITH"},{"data":"Neutralize","floor":8,"key":"SMITH"},{"data":"Leg Sweep","floor":15,"key":"SMITH"}],"neow_cost":"NONE","seed_source_timestamp":26286709812558,"circlet_count":0,"master_deck":["AscendersBane","Defend_G","Defend_G","Defend_G","Defend_G","Defend_G+1","Strike_G","Strike_G","Strike_G","Survivor","Neutralize+1","Terror+1","Catalyst","Leg Sweep+1","Slice","Dash+1","All Out Attack","PiercingWail","Adrenaline","Dash","Footwork"],"relics":["Ring of the Snake","Bag of Preparation","Tiny Chest","Mummified Hand","Ectoplasm"],"potions_floor_usage":[11,16,18,20],"damage_taken":[{"damage":0,"enemies":"Cultist","floor":1,"turns":5},{"damage":1,"enemies":"Jaw Worm","floor":3,"turns":4},{"damage":0,"enemies":"2 Louse","floor":5,"turns":5},{"damage":0,"enemies":"Blue Slaver","floor":7,"turns":7},{"damage":0,"enemies":"2 Fungi Beasts","floor":10,"turns":4},{"damage":16,"enemies":"Lagavulin","floor":11,"turns":11},{"damage":9,"enemies":"3 Sentries","floor":14,"turns":8},{"damage":11,"enemies":"The Guardian","floor":16,"turns":17},{"damage":1,"enemies":"Spheric Guardian","floor":18,"turns":4},{"damage":1,"enemies":"Chosen","floor":19,"turns":4},{"damage":2,"enemies":"Colosseum Slavers","floor":20,"turns":6},{"damage":58,"enemies":"Colosseum Nobs","floor":20,"turns":6}],"seed_played":"7173783159571800839","potions_obtained":[{"floor":1,"key":"GamblersBrew"},{"floor":5,"key":"Swift Potion"},{"floor":11,"key":"FearPotion"},{"floor":14,"key":"Regen Potion"},{"floor":19,"key":"FearPotion"}],"is_trial":false,"path_per_floor":["M","?","M","?","M","R","M","R","T","M","E","$","?","E","R","B",null,"M","M","?"],"character_chosen":"THE_SILENT","items_purchased":["Dash","All Out Attack"],"campfire_rested":0,"item_purchase_floors":[12,12],"current_hp_per_floor":[63,70,69,69,69,69,69,69,69,69,53,53,39,30,30,34,61,60,59,0],"gold":101,"neow_bonus":"RANDOM_COMMON_RELIC","is_prod":false,"is_daily":false,"chose_seed":false,"campfire_upgraded":3,"win_rate":0,"timestamp":1549192883,"path_taken":["M","?","?","?","M","R","M","R","T","M","E","$","?","E","R","BOSS","M","M","?"],"build_version":"2019-01-23","purchased_purges":1,"victory":false,"max_hp_per_floor":[70,70,70,70,70,70,70,70,70,70,70,70,70,70,70,70,70,70,70,70],"card_choices":[{"not_picked":["Endless Agony","Underhanded Strike"],"picked":"Terror","floor":1},{"not_picked":["Bane","Blade Dance"],"picked":"Catalyst","floor":3},{"not_picked":["Tactician","Reflex"],"picked":"Leg Sweep","floor":5},{"not_picked":["Underhanded Strike","Expertise","Terror"],"picked":"SKIP","floor":7},{"not_picked":["Backflip","Terror"],"picked":"Slice","floor":10},{"not_picked":["Masterful Stab","Prepared","Concentrate"],"picked":"SKIP","floor":11},{"not_picked":["Escape Plan","Cloak And Dagger"],"picked":"PiercingWail","floor":14},{"not_picked":["Envenom","Venomology"],"picked":"Adrenaline","floor":16},{"not_picked":["Slice+1","PiercingWail"],"picked":"Dash","floor":18},{"not_picked":["Deadly Poison","Dagger Spray"],"picked":"Footwork","floor":19}],"player_experience":178486,"relics_obtained":[{"floor":9,"key":"Tiny Chest"},{"floor":11,"key":"Mummified Hand"}],"event_choices":[{"damage_healed":7,"gold_gain":0,"player_choice":"Full Heal","damage_taken":0,"max_hp_gain":0,"max_hp_loss":0,"event_name":"Wheel of Change","floor":2,"gold_loss":0},{"cards_removed":["Strike_G"],"damage_healed":0,"gold_gain":0,"player_choice":"Card Removal","damage_taken":0,"max_hp_gain":0,"max_hp_loss":0,"event_name":"The Cleric","floor":4,"gold_loss":50},{"damage_healed":0,"gold_gain":0,"player_choice":"Entered Light","damage_taken":14,"max_hp_gain":0,"max_hp_loss":0,"event_name":"Shining Light","floor":13,"gold_loss":0,"cards_upgraded":["Defend_G","Dash"]},{"damage_healed":0,"gold_gain":0,"player_choice":"Fight","damage_taken":0,"max_hp_gain":0,"max_hp_loss":0,"event_name":"Colosseum","floor":20,"gold_loss":0},{"damage_healed":0,"gold_gain":0,"player_choice":"Fought Nobs","damage_taken":0,"max_hp_gain":0,"max_hp_loss":0,"event_name":"Colosseum","floor":20,"gold_loss":0}],"is_beta":false,"boss_relics":[{"not_picked":["Lizard Tail","Fusion Hammer"],"picked":"Ectoplasm"}],"items_purged_floors":[12],"is_endless":false,"potions_floor_spawned":[1,5,11,14,19],"killed_by":"Colosseum Nobs","ascension_level":13}