{"gold_per_floor":[110,126,126,1,21,46,46,61,86,99,130,144,159,84,84,189,189,202,212,226,86,100,100],"floor_reached":23,"playtime":1370,"items_purged":["Strike_B","Normality"],"score":238,"play_id":"b39df72c-a0d2-44ac-882e-8a23173444f7","local_time":"20190216221621","is_ascension_mode":true,"campfire_choices":[{"data":"Defragment","floor":7,"key":"SMITH"},{"floor":15,"key":"REST"}],"neow_cost":"NONE","seed_source_timestamp":16579848513556,"circlet_count":0,"master_deck":["Strike_B","Strike_B","Defend_B","Defend_B","Defend_B","Defend_B","Zap","Dualcast","Hologram","FTL","FTL","Leap","Cold Snap","Defragment+1","Hologram","Streamline","Conserve Battery","Defragment","Cold Snap","Electrodynamics","Shame","Decay","Chaos+1","Coolheaded","Conserve Battery","Defragment","Conserve Battery"],"relics":["Cracked Core","Oddly Smooth Stone","Bag of Preparation","Calling Bell","Bag of Marbles","Pantograph","Ginger"],"potions_floor_usage":[8,11,11,13,13,18,23],"damage_taken":[{"damage":4,"enemies":"Small Slimes","floor":1,"turns":3},{"damage":1,"enemies":"Cultist","floor":2,"turns":3},{"damage":0,"enemies":"Jaw Worm","floor":5,"turns":2},{"damage":27,"enemies":"Lagavulin","floor":6,"turns":6},{"damage":4,"enemies":"Exordium Thugs","floor":8,"turns":4},{"damage":3,"enemies":"Blue Slaver","floor":10,"turns":3},{"damage":7,"enemies":"3 Sentries","floor":11,"turns":6},{"damage":0,"enemies":"Looter","floor":12,"turns":2},{"damage":16,"enemies":"Lots of Slimes","floor":13,"turns":3},{"damage":13,"enemies":"Hexaghost","floor":16,"turns":11},{"damage":26,"enemies":"3 Byrds","floor":18,"turns":5},{"damage":3,"enemies":"Spheric Guardian","floor":19,"turns":3},{"damage":27,"enemies":"Centurion and Healer","floor":20,"turns":4},{"damage":6,"enemies":"Snecko","floor":22,"turns":5},{"damage":25,"enemies":"Slavers","floor":23,"turns":2}],"seed_played":"-3157006248411698139","potions_obtained":[{"floor":2,"key":"EntropicBrew"},{"floor":6,"key":"Fire Potion"},{"floor":12,"key":"Fire Potion"},{"floor":20,"key":"SpeedPotion"}],"is_trial":false,"path_per_floor":["M","M","?","$","M","E","R","M","T","M","E","M","M","$","R","B",null,"M","M","M","$","M","E"],"character_chosen":"DEFECT","items_purchased":["FTL","Leap","Defragment"],"campfire_rested":1,"item_purchase_floors":[4,4,21],"current_hp_per_floor":[78,77,77,77,77,50,50,46,46,43,36,36,20,20,44,31,82,56,53,26,26,20,0],"gold":100,"neow_bonus":"TEN_PERCENT_HP_BONUS","is_prod":false,"is_daily":false,"chose_seed":false,"campfire_upgraded":1,"win_rate":0,"timestamp":1550384181,"path_taken":["M","M","?","$","M","E","R","?","T","M","E","M","M","$","R","BOSS","M","M","?","$","M","E"],"build_version":"2019-01-23","purchased_purges":2,"victory":false,"max_hp_per_floor":[82,82,82,82,82,82,82,82,82,82,82,82,82,82,82,82,82,82,82,82,82,82,82],"card_choices":[{"not_picked":["Stack","Barrage"],"picked":"Hologram","floor":1},{"not_picked":["Blizzard","Steam Power"],"picked":"FTL","floor":2},{"not_picked":["Leap","Go for the Eyes"],"picked":"Cold Snap","floor":5},{"not_picked":["Go for the Eyes","Force Field"],"picked":"Defragment","floor":6},{"not_picked":["Sweeping Beam","Blizzard"],"picked":"Hologram","floor":8},{"not_picked":["Steam Power","Hologram"],"picked":"Streamline","floor":10},{"not_picked":["Redo","Self Repair"],"picked":"Conserve Battery","floor":11},{"not_picked":["Chill","Force Field"],"picked":"Defragment","floor":12},{"not_picked":["Redo","Streamline"],"picked":"Cold Snap","floor":13},{"not_picked":["Multi-Cast","Biased Cognition"],"picked":"Electrodynamics","floor":16},{"not_picked":["Go for the Eyes","Cold Snap"],"picked":"Chaos+1","floor":18},{"not_picked":["Redo","Cold Snap"],"picked":"Coolheaded","floor":19},{"not_picked":["Tempest","Gash+1"],"picked":"Conserve Battery","floor":20},{"not_picked":["Rebound+1","Stack"],"picked":"Conserve Battery","floor":22}],"player_experience":363159,"relics_obtained":[{"floor":6,"key":"Oddly Smooth Stone"},{"floor":11,"key":"Bag of Preparation"},{"floor":17,"key":"Bag of Marbles"},{"floor":17,"key":"Pantograph"},{"floor":17,"key":"Ginger"}],"event_choices":[{"cards_removed":["Strike_B"],"damage_healed":0,"gold_gain":0,"player_choice":"Purged","damage_taken":0,"max_hp_gain":0,"max_hp_loss":0,"event_name":"Purifier","floor":3,"gold_loss":0}],"is_beta":false,"boss_relics":[{"not_picked":["Coffee Dripper","Pandora\u0027s Box"],"picked":"Calling Bell"}],"items_purged_floors":[14,21],"is_endless":false,"potions_floor_spawned":[2,6,12,20],"killed_by":"Slavers","ascension_level":3}