{"gold_per_floor":[115,134,154,170,345,370,381,416,416,429,429,449,724,47,47,151,151,169,169,187,187,199,199,233,247,247,21,31,60,34,64,64,164,164,177,192,16,29,44,44,44,44,44,44,61,75,75],"floor_reached":47,"playtime":4943,"items_purged":["Regret","Strike_G"],"score":629,"play_id":"0245770e-3b18-48c7-98b3-5eb727ab9820","local_time":"20180813024802","is_ascension_mode":true,"campfire_choices":[{"data":"Neutralize","floor":11,"key":"SMITH"},{"floor":15,"key":"REST"},{"floor":23,"key":"REST"},{"floor":32,"key":"DIG"},{"floor":40,"key":"REST"},{"floor":42,"key":"DIG"}],"neow_cost":"NONE","seed_source_timestamp":14884137476440,"circlet_count":0,"master_deck":["Defend_G+1","Defend_G","Defend_G","Defend_G","Defend_G","Strike_G","Strike_G","Strike_G","Strike_G","Survivor","Neutralize+1","Corpse Explosion+1","Bane","Flying Knee","Glass Knife","Riddle With Holes","After Image+1","Bane","Acrobatics","Survivor","Die Die Die","Night Terror+1","Eviscerate+1","Cloak And Dagger+1","Prepared+1","Endless Agony","Bullet Time+1","Thinking Ahead+1","Accuracy+1","Flying Knee+1","Prepared+1","Leg Sweep+1","Storm of Steel+1","Accuracy+1","Flechettes+1","Transmutation+1","Finisher+1","Skewer+1","Outmaneuver+1","PiercingWail+1"],"relics":["Ring of the Snake","War Paint","Frozen Egg 2","Mango","DollysMirror","Toxic Egg 2","Fusion Hammer","Shovel","Smiling Mask","Question Card","Ancient Tea Set","Bag of Marbles","Runic Pyramid","Darkstone Periapt","Kunai"],"potions_floor_usage":[8,8,16,16,20,24,29,29,33,38,45,47],"damage_taken":[{"damage":2,"enemies":"Small Slimes","floor":1,"turns":4},{"damage":1,"enemies":"2 Louse","floor":2,"turns":3},{"damage":0,"enemies":"Cultist","floor":3,"turns":3},{"damage":14,"enemies":"Large Slime","floor":4,"turns":6},{"damage":23,"enemies":"Gremlin Nob","floor":6,"turns":4},{"damage":0,"enemies":"Looter","floor":7,"turns":3},{"damage":0,"enemies":"Lagavulin","floor":8,"turns":7},{"damage":20,"enemies":"Gremlin Gang","floor":10,"turns":2},{"damage":2,"enemies":"Exordium Thugs","floor":12,"turns":4},{"damage":22,"enemies":"Hexaghost","floor":16,"turns":9},{"damage":17,"enemies":"Spheric Guardian","floor":18,"turns":5},{"damage":15,"enemies":"Shell Parasite","floor":20,"turns":6},{"damage":2,"enemies":"Sentry and Sphere","floor":22,"turns":7},{"damage":14,"enemies":"Gremlin Leader","floor":24,"turns":4},{"damage":10,"enemies":"Snake Plant","floor":25,"turns":4},{"damage":10,"enemies":"Centurion and Healer","floor":28,"turns":4},{"damage":0,"enemies":"Slavers","floor":29,"turns":3},{"damage":21,"enemies":"Book of Stabbing","floor":31,"turns":6},{"damage":26,"enemies":"Automaton","floor":33,"turns":14},{"damage":40,"enemies":"Flame Bruiser 1 Orb","floor":35,"turns":11},{"damage":15,"enemies":"3 Shapes","floor":36,"turns":6},{"damage":1,"enemies":"Flame Bruiser 2 Orb","floor":38,"turns":6},{"damage":13,"enemies":"3 Darklings","floor":39,"turns":3},{"damage":8,"enemies":"Sphere and 2 Shapes","floor":45,"turns":4},{"damage":0,"enemies":"4 Shapes","floor":46,"turns":4},{"damage":40,"enemies":"Maw","floor":47,"turns":7}],"seed_played":"-2092827462748672924","potions_obtained":[{"floor":1,"key":"EssenceOfSteel"},{"floor":7,"key":"Weak Potion"},{"floor":10,"key":"FearPotion"},{"floor":12,"key":"GamblersBrew"},{"floor":16,"key":"Poison Potion"},{"floor":22,"key":"Fire Potion"},{"floor":24,"key":"SpeedPotion"},{"floor":25,"key":"Regen Potion"},{"floor":28,"key":"PowerPotion"},{"floor":35,"key":"Weak Potion"},{"floor":36,"key":"Explosive Potion"},{"floor":46,"key":"Block Potion"}],"is_trial":false,"path_per_floor":["M","M","M","M","?","E","M","E","T","M","R","M","?","$","R","B",null,"M","?","M","?","M","R","E","M","T","$","M","E","$","E","R","B",null,"M","M","$","M","M","R","$","R","T","?","M","M"],"character_chosen":"THE_SILENT","items_purchased":["DollysMirror","Toxic Egg 2","Die Die Die","Thinking Ahead+1","Prepared+1","Transmutation+1"],"campfire_rested":3,"item_purchase_floors":[14,14,14,27,30,37],"current_hp_per_floor":[68,67,67,53,53,30,30,30,44,24,24,22,22,22,47,25,84,67,67,52,52,50,75,61,51,51,51,41,53,53,32,32,6,84,44,29,29,28,15,40,40,40,40,40,32,32,0],"gold":75,"neow_bonus":"ONE_RANDOM_RARE_CARD","is_prod":false,"is_daily":false,"chose_seed":false,"campfire_upgraded":1,"win_rate":0,"timestamp":1534142882,"path_taken":["M","M","M","M","?","E","M","E","T","M","R","M","?","$","R","BOSS","M","?","M","?","?","R","E","M","T","$","M","E","?","E","R","BOSS","M","M","$","M","M","R","$","R","T","?","?","M","M"],"build_version":"2018-08-09","purchased_purges":2,"victory":false,"max_hp_per_floor":[70,70,70,70,70,70,70,70,84,84,84,84,84,84,84,84,84,84,84,84,84,84,84,84,84,84,84,84,84,84,84,84,84,84,84,84,84,84,84,84,84,84,84,84,84,84,84],"card_choices":[{"not_picked":["All Out Attack","Dodge and Roll"],"picked":"Bane","floor":1},{"not_picked":["Eviscerate","Dagger Spray","All Out Attack"],"picked":"SKIP","floor":2},{"not_picked":["Backflip","Tactician"],"picked":"Flying Knee","floor":3},{"not_picked":["PiercingWail","Noxious Fumes"],"picked":"Glass Knife","floor":4},{"not_picked":["Slice","Underhanded Strike"],"picked":"Riddle With Holes","floor":6},{"not_picked":["Dagger Spray","Tactician","Prepared"],"picked":"SKIP","floor":7},{"not_picked":["Sucker Punch","Finisher"],"picked":"After Image","floor":8},{"not_picked":["Leg Sweep","Flying Knee"],"picked":"Bane","floor":10},{"not_picked":["Concentrate","PiercingWail"],"picked":"Acrobatics","floor":12},{"not_picked":["Wraith Form v2+1","Unload"],"picked":"Night Terror+1","floor":16},{"not_picked":["Quick Slash","Underhanded Strike+1"],"picked":"Eviscerate+1","floor":18},{"not_picked":["Eviscerate","Quick Slash"],"picked":"Reflex+1","floor":20},{"not_picked":["Backstab+1","Flying Knee"],"picked":"Prepared+1","floor":22},{"not_picked":["Sucker Punch","Distraction+1"],"picked":"Endless Agony","floor":24},{"not_picked":["Cloak And Dagger+1","Flechettes+1"],"picked":"Bullet Time+1","floor":25},{"not_picked":["Dodge and Roll+1","Dagger Spray"],"picked":"Accuracy+1","floor":28},{"not_picked":["Sucker Punch","Reflex+1"],"picked":"Flying Knee+1","floor":29},{"not_picked":["Accuracy+1","Slice","Bane"],"picked":"Leg Sweep+1","floor":31},{"not_picked":["Unload","Grand Finale","After Image+1"],"picked":"Storm of Steel+1","floor":33},{"not_picked":["Outmaneuver+1","Quick Slash","Slice+1"],"picked":"Accuracy+1","floor":35},{"not_picked":["Underhanded Strike+1","Blur+1","Quick Slash"],"picked":"Flechettes+1","floor":36},{"not_picked":["Dagger Throw","Accuracy+1","A Thousand Cuts+1"],"picked":"Finisher+1","floor":38},{"not_picked":["Sucker Punch","Caltrops+1","Poisoned Stab+1"],"picked":"Skewer+1","floor":39},{"not_picked":["Backflip+1","Deadly Poison+1","Tactician+1"],"picked":"Outmaneuver+1","floor":45},{"not_picked":["Deflect+1","Underhanded Strike","Noxious Fumes+1"],"picked":"PiercingWail+1","floor":46}],"player_experience":444139,"relics_obtained":[{"floor":6,"key":"War Paint"},{"floor":8,"key":"Frozen Egg 2"},{"floor":9,"key":"Mango"},{"floor":24,"key":"Shovel"},{"floor":26,"key":"Smiling Mask"},{"floor":29,"key":"Question Card"},{"floor":31,"key":"Ancient Tea Set"},{"floor":32,"key":"Bag of Marbles"},{"floor":42,"key":"Darkstone Periapt"},{"floor":43,"key":"Kunai"}],"event_choices":[{"event_name":"Liars Game","player_choice":"agreed","floor":5,"damage_taken":0},{"event_name":"Golden Shrine","player_choice":"Desecrate","floor":13,"damage_taken":0},{"event_name":"Back to Basics","player_choice":"Elegance","floor":19,"damage_taken":0},{"event_name":"The Library","player_choice":"Read","floor":21,"damage_taken":0},{"event_name":"Falling","player_choice":"Removed Skill","floor":44,"damage_taken":0}],"is_beta":false,"boss_relics":[{"not_picked":["Eternal Feather","Lizard Tail"],"picked":"Fusion Hammer"},{"not_picked":["Ring of the Serpent","Busted Crown"],"picked":"Runic Pyramid"}],"items_purged_floors":[14,27],"is_endless":false,"potions_floor_spawned":[1,7,10,12,16,22,24,25,28,35,36,46],"killed_by":"Maw","ascension_level":1}