{"gold_per_floor":[109,109,126,126,145,145,175,187,238,264,289,301,342,354,366,452,464,493,524,120,120,120,120,147,33,33,89,89,106,124,150,150,150],"floor_reached":33,"playtime":2439,"items_purged":["Strike_R","Strike_R+1"],"score":590,"play_id":"609ed13e-f09e-4e95-8e39-9a5a1b0741b5","local_time":"20190218022109","is_ascension_mode":true,"campfire_choices":[{"floor":6.0,"key":"REST"},{"data":"True Grit","floor":12.0,"key":"SMITH"},{"data":"Spot Weakness","floor":15.0,"key":"SMITH"},{"floor":23.0,"key":"REST"},{"floor":28.0,"key":"REST"},{"floor":32.0,"key":"RECALL"}],"neow_cost":"NONE","seed_source_timestamp":0,"circlet_count":0,"master_deck":["AscendersBane","Strike_R+1","Strike_R+1","Strike_R+1","Defend_R+1","Defend_R+1","Defend_R+1","Defend_R+1","Bash+1","Iron Wave","Shrug It Off","Impervious","Spot Weakness+1","True Grit+1","Battle Trance","Flame Barrier","Clothesline+1","Immolate","Thunderclap","Headbutt","Shrug It Off","Flame Barrier","True Grit+1","Feel No Pain"],"special_seed":0,"relics":["Burning Blood","Letter Opener","MawBank","Dream Catcher","Fusion Hammer","Self Forming Clay","The Courier","Gremlin Horn","Tiny Chest","Potion Belt"],"potions_floor_usage":[33,33],"damage_taken":[{"damage":1.0,"enemies":"Cultist","floor":1.0,"turns":3.0},{"damage":7.0,"enemies":"Jaw Worm","floor":3.0,"turns":3.0},{"damage":7.0,"enemies":"Small Slimes","floor":5.0,"turns":4.0},{"damage":43.0,"enemies":"3 Sentries","floor":7.0,"turns":16.0},{"damage":6.0,"enemies":"Blue Slaver","floor":8.0,"turns":7.0},{"damage":0.0,"enemies":"Exordium Wildlife","floor":10.0,"turns":4.0},{"damage":0.0,"enemies":"Looter","floor":11.0,"turns":4.0},{"damage":33.0,"enemies":"Lagavulin","floor":13.0,"turns":10.0},{"damage":7.0,"enemies":"The Guardian","floor":16.0,"turns":16.0},{"damage":15.0,"enemies":"3 Byrds","floor":18.0,"turns":5.0},{"damage":9.0,"enemies":"Shell Parasite","floor":19.0,"turns":5.0},{"damage":21.0,"enemies":"Slavers","floor":24.0,"turns":6.0},{"damage":5.0,"enemies":"Gremlin Leader","floor":27.0,"turns":6.0},{"damage":0.0,"enemies":"Centurion and Healer","floor":29.0,"turns":7.0},{"damage":8.0,"enemies":"Shelled Parasite and Fungi","floor":30.0,"turns":9.0},{"damage":87,"enemies":"Champ","floor":33,"turns":26}],"seed_played":"7494466376042520920","potions_obtained":[{"floor":1.0,"key":"BloodPotion"},{"floor":10.0,"key":"Regen Potion"},{"floor":13.0,"key":"AttackPotion"},{"floor":27.0,"key":"Poison Potion"},{"floor":29.0,"key":"EssenceOfSteel"}],"is_trial":false,"path_per_floor":["M","?","M","?","M","R","E","M","T","M","M","R","E","?","R","B",null,"M","M","$","?","?","R","E","$","T","E","R","M","M","T","R","B"],"character_chosen":"IRONCLAD","items_purchased":["Self Forming Clay","Headbutt","Flame Barrier"],"campfire_rested":3,"item_purchase_floors":[20,20,25],"current_hp_per_floor":[73,50,49,54,53,77,40,40,40,46,52,52,40,40,40,39,70,61,58,58,35,35,60,53,53,53,54,79,85,83,83,83,0],"gold":150,"neow_bonus":"UPGRADE_CARD","is_prod":false,"is_daily":false,"chose_seed":false,"campfire_upgraded":2,"win_rate":0,"timestamp":1550409669,"path_taken":["M","?","M","?","M","R","E","M","T","?","M","R","E","?","R","BOSS","M","M","$","?","?","R","E","?","T","E","R","M","M","?","R","BOSS"],"build_version":"2019-01-23","purchased_purges":2,"victory":false,"max_hp_per_floor":[75,75,75,80,80,80,80,80,80,80,80,80,80,80,80,80,80,80,80,80,85,85,85,85,85,85,85,85,85,85,85,85,85],"card_choices":[{"not_picked":["Rage","Heavy Blade"],"picked":"Iron Wave","floor":1.0},{"not_picked":["Iron Wave","Wild Strike"],"picked":"Shrug It Off","floor":3.0},{"not_picked":["Pommel Strike","Perfected Strike"],"picked":"Impervious","floor":5.0},{"not_picked":["Sentinel","Havoc"],"picked":"Spot Weakness","floor":7.0},{"not_picked":["Havoc","Reckless Charge"],"picked":"True Grit","floor":8.0},{"not_picked":["Wild Strike","Second Wind"],"picked":"Battle Trance","floor":10.0},{"not_picked":["Seeing Red","Shockwave"],"picked":"Flame Barrier","floor":11.0},{"not_picked":["Body Slam","Shrug It Off"],"picked":"Clothesline","floor":13.0},{"not_picked":["Double Tap","Brutality"],"picked":"Immolate","floor":16.0},{"not_picked":["Thunderclap","Searing Blow","Cleave"],"picked":"SKIP","floor":18.0},{"not_picked":["Searing Blow","Cleave"],"picked":"Thunderclap","floor":18.0},{"not_picked":["Thunderclap","Seeing Red","Havoc"],"picked":"SKIP","floor":19.0},{"not_picked":["Thunderclap","Seeing Red","Havoc"],"picked":"SKIP","floor":19.0},{"not_picked":["Clash","Intimidate"],"picked":"Shrug It Off","floor":23.0},{"not_picked":["Body Slam","Pommel Strike","Intimidate"],"picked":"SKIP","floor":24.0},{"not_picked":["Blood for Blood+1","Infernal Blade","Havoc"],"picked":"SKIP","floor":27.0},{"not_picked":["Metallicize","Sword Boomerang"],"picked":"True Grit+1","floor":28.0},{"not_picked":["Flex","Clothesline","Brutality"],"picked":"SKIP","floor":29.0},{"not_picked":["Flex","Clothesline","Brutality"],"picked":"SKIP","floor":29.0},{"not_picked":["Flex","Clothesline","Brutality"],"picked":"SKIP","floor":29.0},{"not_picked":["Wild Strike","Ghostly Armor"],"picked":"Feel No Pain","floor":30.0}],"player_experience":323570,"relics_obtained":[{"floor":7.0,"key":"Letter Opener"},{"floor":9.0,"key":"MawBank"},{"floor":13.0,"key":"Dream Catcher"},{"floor":24.0,"key":"The Courier"},{"floor":26.0,"key":"Gremlin Horn"},{"floor":27.0,"key":"Tiny Chest"},{"floor":31.0,"key":"Potion Belt"}],"event_choices":[{"damage_healed":0.0,"max_hp_gain":0.0,"max_hp_loss":0.0,"gold_gain":0.0,"event_name":"Shining Light","player_choice":"Entered Light","floor":2.0,"gold_loss":0.0,"damage_taken":23.0,"cards_upgraded":["Strike_R","Defend_R"]},{"damage_healed":0.0,"max_hp_gain":5.0,"max_hp_loss":0.0,"gold_gain":0.0,"event_name":"Big Fish","player_choice":"Donut","floor":4.0,"gold_loss":0.0,"damage_taken":0.0},{"damage_healed":0.0,"max_hp_gain":0.0,"max_hp_loss":0.0,"gold_gain":0.0,"event_name":"Living Wall","player_choice":"Grow","floor":14.0,"gold_loss":0.0,"damage_taken":0.0,"cards_upgraded":["Clothesline"]},{"damage_healed":0.0,"max_hp_gain":5.0,"max_hp_loss":0.0,"gold_gain":0.0,"event_name":"Forgotten Altar","player_choice":"Shed Blood","floor":21.0,"gold_loss":0.0,"damage_taken":28.0},{"damage_healed":0.0,"max_hp_gain":0.0,"max_hp_loss":0.0,"gold_gain":0.0,"event_name":"Back to Basics","player_choice":"Simplicity","floor":22.0,"gold_loss":0.0,"damage_taken":0.0,"cards_upgraded":["Strike_R","Strike_R","Strike_R","Defend_R","Defend_R","Defend_R"]}],"is_beta":false,"boss_relics":[{"not_picked":["White Beast Statue","Busted Crown"],"picked":"Fusion Hammer"}],"items_purged_floors":[20,25],"is_endless":false,"potions_floor_spawned":[1,10,13,19,27,29],"killed_by":"Champ","ascension_level":20}