{"gold_per_floor":[110,110,60,60,60,60,101,131,221,254,266,296,308,345,357,494,506,536,548,585,612,648,683,695,460,460,500,178,218,238,252,252,372,372,397,397,410,56,56,56,56,56,107,107,123,144,144,164,164,164],"floor_reached":51,"playtime":4077,"items_purged":[],"score":714,"play_id":"42a0ec29-3896-4563-8a8a-f444a4292a36","local_time":"20190224215957","is_ascension_mode":false,"campfire_choices":[{"data":"Zap","floor":6,"key":"SMITH"},{"data":"Undo","floor":11,"key":"SMITH"},{"data":"Steam","floor":13,"key":"SMITH"},{"data":"Electrodynamics","floor":15,"key":"SMITH"},{"floor":24,"key":"REST"},{"floor":32,"key":"REST"},{"data":"Conserve Battery","floor":41,"key":"SMITH"},{"data":"Conserve Battery","floor":44,"key":"SMITH"},{"data":"Cold Snap","floor":47,"key":"SMITH"},{"floor":49,"key":"REST"}],"neow_cost":"NONE","seed_source_timestamp":272996828707410,"circlet_count":0,"master_deck":["Strike_B","Strike_B","Strike_B","Strike_B","Defend_B","Defend_B","Defend_B","Defend_B","Zap+1","Dualcast","Sweeping Beam","Redo","Tempest","Undo+1","Steam+1","Electrodynamics+1","All For One","Cold Snap+1","Zap","Conserve Battery+1","Hologram+1","Loop+1","Stack+1","Glacier+1","BootSequence","Force Field+1","Conserve Battery+1","White Noise","Machine Learning","Ball Lightning+1","Force Field","Self Repair","Clumsy","Rebound","Beam Cell+1","Barrage+1"],"relics":["Cracked Core","NeowsBlessing","Golden Idol","Mercury Hourglass","MawBank","Singing Bowl","Nuclear Battery","Mummified Hand","Question Card","Ancient Tea Set","Meat on the Bone","Centennial Puzzle","Cursed Key","Ice Cream","Anchor"],"potions_floor_usage":[7,16,16,21,27,48,50,50],"damage_taken":[{"damage":0,"enemies":"Small Slimes","floor":1,"turns":1},{"damage":0,"enemies":"Gremlin Nob","floor":7,"turns":1},{"damage":0,"enemies":"Jaw Worm","floor":8,"turns":1},{"damage":0,"enemies":"2 Louse","floor":10,"turns":1},{"damage":7,"enemies":"Lots of Slimes","floor":12,"turns":3},{"damage":2,"enemies":"Large Slime","floor":14,"turns":4},{"damage":6,"enemies":"Slime Boss","floor":16,"turns":6},{"damage":0,"enemies":"Shell Parasite","floor":18,"turns":5},{"damage":0,"enemies":"3 Byrds","floor":20,"turns":1},{"damage":13,"enemies":"3 Cultists","floor":21,"turns":4},{"damage":17,"enemies":"Centurion and Healer","floor":22,"turns":3},{"damage":5,"enemies":"Cultist and Chosen","floor":23,"turns":3},{"damage":22,"enemies":"Book of Stabbing","floor":27,"turns":5},{"damage":9,"enemies":"Slavers","floor":29,"turns":4},{"damage":13,"enemies":"Snecko","floor":30,"turns":5},{"damage":6,"enemies":"Centurion and Healer","floor":31,"turns":6},{"damage":26,"enemies":"Automaton","floor":33,"turns":12},{"damage":14,"enemies":"3 Darklings","floor":35,"turns":5},{"damage":0,"enemies":"3 Shapes","floor":37,"turns":2},{"damage":8,"enemies":"Spire Growth","floor":45,"turns":5},{"damage":0,"enemies":"3 Darklings","floor":46,"turns":4},{"damage":21,"enemies":"Transient","floor":48,"turns":5},{"damage":61,"enemies":"Awakened One","floor":50,"turns":25}],"seed_played":"1068513605946364606","potions_obtained":[{"floor":5,"key":"GamblersBrew"},{"floor":5,"key":"Fruit Juice"},{"floor":5,"key":"SpeedPotion"},{"floor":7,"key":"Energy Potion"},{"floor":12,"key":"PowerPotion"},{"floor":18,"key":"FearPotion"},{"floor":22,"key":"SpeedPotion"},{"floor":23,"key":"FairyPotion"},{"floor":27,"key":"SteroidPotion"},{"floor":33,"key":"SteroidPotion"},{"floor":37,"key":"Block Potion"},{"floor":45,"key":"Dexterity Potion"}],"is_trial":false,"path_per_floor":["M","?","?","?","?","R","E","M","T","M","R","M","R","M","R","B",null,"M","?","M","M","M","M","R","$","T","E","$","E","M","M","R","B",null,"M","?","M","$","?","$","R","$","T","R","M","M","R","M","R","B",null],"character_chosen":"DEFECT","items_purchased":["Mummified Hand","Meat on the Bone","BootSequence","Ice Cream","Self Repair"],"campfire_rested":3,"item_purchase_floors":[25,28,28,38,38],"current_hp_per_floor":[75,75,75,68,68,68,73,73,73,73,73,66,66,64,64,58,80,80,80,80,67,50,45,69,69,69,47,47,50,49,43,67,41,80,66,66,66,66,66,66,66,66,66,66,65,72,72,51,73,31],"gold":164,"neow_bonus":"THREE_ENEMY_KILL","is_prod":false,"is_daily":false,"chose_seed":false,"campfire_upgraded":7,"win_rate":0.0,"timestamp":1551041997,"path_taken":["M","?","?","?","?","R","E","M","T","M","R","?","R","M","R","BOSS","M","?","?","M","?","M","R","$","T","E","$","E","M","M","R","BOSS","M","?","M","$","?","$","R","?","T","R","M","M","R","?","R","BOSS"],"build_version":"2019-01-23","purchased_purges":0,"victory":true,"max_hp_per_floor":[75,75,75,75,75,75,80,80,80,80,80,80,80,80,80,80,80,80,80,80,80,80,80,80,80,80,80,80,80,80,80,80,80,80,80,76,76,76,76,76,76,76,76,76,76,76,76,76,76,76],"card_choices":[{"not_picked":["Rebound","Hello World"],"picked":"Sweeping Beam","floor":1},{"not_picked":["Sweeping Beam","Rip and Tear"],"picked":"Redo","floor":7},{"not_picked":["Barrage","Rebound"],"picked":"Tempest","floor":8},{"not_picked":["Ball Lightning","Redo"],"picked":"Undo","floor":10},{"not_picked":["Sweeping Beam","Barrage"],"picked":"Steam","floor":12},{"not_picked":["Barrage","Ball Lightning"],"picked":"Electrodynamics","floor":14},{"not_picked":["Buffer","Electrodynamics"],"picked":"All For One","floor":16},{"not_picked":["Barrage","Turbo+1"],"picked":"Rip and Tear","floor":18},{"not_picked":["Rebound+1","Streamline"],"picked":"Conserve Battery","floor":20},{"not_picked":["Compile Driver","Rebound+1"],"picked":"Hologram+1","floor":21},{"not_picked":["Turbo","Creative AI"],"picked":"Loop+1","floor":22},{"not_picked":["Ball Lightning+1","Rebound"],"picked":"Stack+1","floor":23},{"not_picked":["Skim","Electrodynamics","Self Repair"],"picked":"Glacier+1","floor":27},{"not_picked":["Redo","Rip and Tear+1","Scrape"],"picked":"Force Field+1","floor":29},{"not_picked":["Turbo","Redo","BootSequence+1"],"picked":"Conserve Battery","floor":30},{"not_picked":["Barrage","Compile Driver+1","FTL"],"picked":"White Noise","floor":31},{"not_picked":["All For One","Electrodynamics","Amplify"],"picked":"Machine Learning","floor":33},{"not_picked":["Turbo","Barrage","Redo+1"],"picked":"Ball Lightning+1","floor":35},{"not_picked":["Beam Cell+1","Compile Driver+1","Chaos+1"],"picked":"Force Field","floor":37},{"not_picked":["Doom and Gloom","Barrage","Reboot"],"picked":"Rebound","floor":45},{"not_picked":["Self Repair+1","Force Field","Redo+1"],"picked":"Beam Cell+1","floor":46},{"not_picked":["BootSequence+1","FTL","Double Energy+1"],"picked":"Barrage+1","floor":48}],"player_experience":494559,"relics_obtained":[{"floor":7,"key":"MawBank"},{"floor":9,"key":"Singing Bowl"},{"floor":26,"key":"Question Card"},{"floor":27,"key":"Ancient Tea Set"},{"floor":29,"key":"Centennial Puzzle"},{"floor":43,"key":"Anchor"}],"event_choices":[{"damage_healed":0,"gold_gain":0,"player_choice":"Take Wound","damage_taken":0,"relics_obtained":["Golden Idol"],"max_hp_gain":0,"max_hp_loss":0,"event_name":"Golden Idol","floor":2,"gold_loss":0,"cards_obtained":["Injury"]},{"cards_removed":["Injury"],"damage_healed":0,"gold_gain":0,"player_choice":"Card Removal","damage_taken":0,"max_hp_gain":0,"max_hp_loss":0,"event_name":"The Cleric","floor":3,"gold_loss":50},{"damage_healed":0,"gold_gain":0,"player_choice":"Success","damage_taken":7,"relics_obtained":["Mercury Hourglass"],"max_hp_gain":0,"max_hp_loss":0,"event_name":"Scrap Ooze","floor":4,"gold_loss":0},{"damage_healed":0,"gold_gain":0,"player_choice":"Got Potions","damage_taken":0,"max_hp_gain":0,"max_hp_loss":0,"event_name":"Lab","floor":5,"gold_loss":0},{"damage_healed":0,"gold_gain":0,"player_choice":"2 cards matched","damage_taken":0,"max_hp_gain":0,"max_hp_loss":0,"event_name":"Match and Keep!","floor":19,"gold_loss":0,"cards_obtained":["Cold Snap","Zap"]},{"damage_healed":0,"gold_gain":0,"player_choice":"Max HP","damage_taken":0,"max_hp_gain":0,"max_hp_loss":4,"event_name":"Winding Halls","floor":36,"gold_loss":0},{"cards_removed":["Rip and Tear"],"damage_healed":0,"gold_gain":0,"player_choice":"Removed Attack","damage_taken":0,"max_hp_gain":0,"max_hp_loss":0,"event_name":"Falling","floor":39,"gold_loss":0}],"is_beta":false,"boss_relics":[{"not_picked":["Runic Dome","Velvet Choker"],"picked":"Nuclear Battery"},{"not_picked":["Sozu","Fusion Hammer"],"picked":"Cursed Key"}],"items_purged_floors":[],"is_endless":false,"potions_floor_spawned":[7,10,12,14,18,22,23,27,31,33,37,45,46],"ascension_level":0}