{"gold_per_floor":[119,119,129,159,235,261,261,276,276,294,308,336,69,97,97,97],"floor_reached":16,"playtime":1164,"items_purged":[],"score":145,"play_id":"2eaebe56-8b14-4948-b712-e98f5d6c4c17","local_time":"20190113124300","is_ascension_mode":false,"campfire_choices":[{"data":"Envenom","floor":7,"key":"SMITH"},{"floor":15,"key":"REST"}],"neow_cost":"NONE","seed_source_timestamp":221023421602858,"circlet_count":0,"master_deck":["Defend_G","Defend_G","Defend_G","Defend_G","Defend_G","Strike_G","Strike_G","Strike_G","Strike_G","Strike_G","Survivor","Neutralize","Envenom+1","Dash","Terror","A Thousand Cuts","Expertise","Apotheosis","Caltrops","Acrobatics"],"relics":["Ring of the Snake","NeowsBlessing","Tiny Chest","Question Card","Calipers","Letter Opener","Peace Pipe","Shuriken"],"potions_floor_usage":[14,16,16],"damage_taken":[{"damage":0,"enemies":"2 Louse","floor":1,"turns":1},{"damage":0,"enemies":"Cultist","floor":3,"turns":1},{"damage":0,"enemies":"Gremlin Nob","floor":6,"turns":1},{"damage":0,"enemies":"Jaw Worm","floor":8,"turns":5},{"damage":8,"enemies":"Blue Slaver","floor":10,"turns":5},{"damage":12,"enemies":"Looter","floor":11,"turns":4},{"damage":21,"enemies":"Lagavulin","floor":12,"turns":6},{"damage":18,"enemies":"Gremlin Nob","floor":14,"turns":5},{"damage":25,"enemies":"The Guardian","floor":16,"turns":5}],"seed_played":"272192566065720833","potions_obtained":[{"floor":8,"key":"AttackPotion"},{"floor":12,"key":"Fire Potion"},{"floor":14,"key":"Block Potion"}],"is_trial":false,"path_per_floor":["M","?","M","?","T","E","R","M","T","M","M","E","$","E","R","B"],"character_chosen":"THE_SILENT","items_purchased":["Apotheosis","Caltrops"],"campfire_rested":1,"item_purchase_floors":[13,13],"current_hp_per_floor":[70,70,70,63,63,63,63,63,63,55,43,22,22,4,25,0],"gold":97,"neow_bonus":"THREE_ENEMY_KILL","is_prod":false,"is_daily":false,"chose_seed":false,"campfire_upgraded":1,"win_rate":0.0,"timestamp":1547412180,"path_taken":["M","?","?","?","?","E","R","M","T","M","M","E","$","E","R","BOSS"],"build_version":"2019-01-10","purchased_purges":0,"victory":false,"max_hp_per_floor":[70,70,70,70,70,70,70,70,70,70,70,70,70,70,70,70],"card_choices":[{"not_picked":["Bane","Slice","Dodge and Roll"],"picked":"SKIP","floor":1},{"not_picked":["Bane","Flying Knee","Reflex"],"picked":"SKIP","floor":3},{"not_picked":["Bane","Infinite Blades","Acrobatics"],"picked":"Dash","floor":6},{"not_picked":["Dagger Throw","Flying Knee","Infinite Blades"],"picked":"Terror","floor":8},{"not_picked":["Poisoned Stab","Quick Slash","Finisher","Dagger Spray"],"picked":"SKIP","floor":10},{"not_picked":["Calculated Gamble","Bane","Dagger Throw"],"picked":"A Thousand Cuts","floor":11},{"not_picked":["Deflect","Poisoned Stab","Reflex"],"picked":"Expertise","floor":12},{"not_picked":["Flying Knee","Slice","Heel Hook"],"picked":"Acrobatics","floor":14}],"player_experience":53923,"relics_obtained":[{"floor":5,"key":"Question Card"},{"floor":6,"key":"Calipers"},{"floor":9,"key":"Letter Opener"},{"floor":12,"key":"Peace Pipe"},{"floor":14,"key":"Shuriken"}],"event_choices":[{"damage_healed":0,"gold_gain":0,"player_choice":"1 cards matched","damage_taken":0,"max_hp_gain":0,"max_hp_loss":0,"event_name":"Match and Keep!","floor":2,"gold_loss":0,"cards_obtained":["Envenom"]},{"damage_healed":0,"gold_gain":0,"player_choice":"Success","damage_taken":7,"relics_obtained":["Tiny Chest"],"max_hp_gain":0,"max_hp_loss":0,"event_name":"Scrap Ooze","floor":4,"gold_loss":0}],"is_beta":false,"boss_relics":[],"items_purged_floors":[],"is_endless":false,"potions_floor_spawned":[8,12,14],"killed_by":"The Guardian","ascension_level":0}