{"gold_per_floor":[118,118,118,138,157,157,190,190,190,265,296,25,25],"floor_reached":13,"playtime":605,"items_purged":["Strike_R"],"score":91,"play_id":"d1fdda4e-12a3-4cbf-9e8c-a9d89f07aa3b","local_time":"20180708145948","is_ascension_mode":false,"campfire_choices":[{"data":"Pommel Strike","floor":6,"key":"SMITH"},{"data":"Hemokinesis","floor":8,"key":"SMITH"}],"neow_cost":"","seed_source_timestamp":12278184252195,"circlet_count":0,"master_deck":["Strike_R","Strike_R","Strike_R","Strike_R","Defend_R","Defend_R","Defend_R","Defend_R","Bash","Hemokinesis+1","Pommel Strike+1","Twin Strike","Flex","Spot Weakness"],"relics":["Burning Blood","Golden Idol","CultistMask","Torii","Question Card","Toxic Egg 2","Frozen Eye","Strawberry"],"potions_floor_usage":[11],"damage_taken":[{"damage":6,"enemies":"Jaw Worm","floor":1,"turns":3},{"damage":5,"enemies":"2 Louse","floor":4,"turns":3},{"damage":1,"enemies":"Cultist","floor":5,"turns":3},{"damage":20,"enemies":"3 Sentries","floor":7,"turns":8},{"damage":13,"enemies":"Lagavulin","floor":11,"turns":5},{"damage":46,"enemies":"Lagavulin Event","floor":13,"turns":5}],"seed_played":"-6212373511479396955","potions_obtained":[{"floor":1,"key":"SmokeBomb"},{"floor":7,"key":"Strength Potion"}],"is_trial":false,"path_per_floor":["M","?","?","M","M","R","E","R","T","?","E","$"],"character_chosen":"IRONCLAD","items_purchased":["Frozen Eye"],"campfire_rested":0,"item_purchase_floors":[12],"current_hp_per_floor":[80,60,60,61,66,66,52,52,52,41,34,34,0],"gold":25,"neow_bonus":"","is_prod":false,"is_daily":false,"chose_seed":false,"campfire_upgraded":2,"win_rate":0.0,"timestamp":1531076388,"path_taken":["M","?","?","M","?","R","E","R","T","?","E","$","?"],"build_version":"2018-07-05","purchased_purges":1,"victory":false,"max_hp_per_floor":[80,80,80,80,80,80,80,80,80,80,80,80,87],"card_choices":[{"not_picked":["Intimidate","Dropkick"],"picked":"Hemokinesis","floor":1},{"not_picked":["Sentinel","Feel No Pain"],"picked":"Pommel Strike","floor":4},{"not_picked":["Bloodletting","Heavy Blade"],"picked":"Twin Strike","floor":5},{"not_picked":["Thunderclap","Combust"],"picked":"Flex","floor":7},{"not_picked":["Infernal Blade","Whirlwind","Barricade"],"picked":"Spot Weakness","floor":11}],"player_experience":101292,"relics_obtained":[{"floor":7,"key":"Torii"},{"floor":9,"key":"Question Card"},{"floor":11,"key":"Toxic Egg 2"}],"event_choices":[{"event_name":"Golden Idol","player_choice":"Take Damage","floor":2,"damage_taken":0},{"event_name":"FaceTrader","player_choice":"Trade","floor":3,"damage_taken":0},{"event_name":"World of Goop","player_choice":"Gather Gold","floor":10,"damage_taken":0},{"event_name":"Dead Adventurer","player_choice":"Searched \u00272\u0027 times","floor":13,"damage_taken":0}],"boss_relics":[],"items_purged_floors":[12],"is_endless":false,"potions_floor_spawned":[1,7],"killed_by":"Lagavulin Event","ascension_level":0}