{"gold_per_floor":[118,118,118,130,141,174,186,200,275,294,294],"floor_reached":11,"playtime":340,"items_purged":[],"score":116,"play_id":"50277c23-9efe-413e-9ba3-c11eb7e2d276","local_time":"20181125194858","is_ascension_mode":true,"campfire_choices":[],"neow_cost":"NONE","seed_source_timestamp":12758444483063,"circlet_count":0,"master_deck":["AscendersBane","Defend_G","Defend_G","Defend_G","Defend_G","Defend_G","Strike_G","Strike_G","Strike_G","Strike_G","Strike_G","Survivor","Neutralize","Bouncing Flask","Regret","Backflip","Skewer","Venomology","Predator","Sucker Punch"],"relics":["Sozu","PreservedInsect","Peace Pipe","Mercury Hourglass"],"potions_floor_usage":[],"damage_taken":[{"damage":0,"enemies":"2 Louse","floor":1,"turns":4},{"damage":9,"enemies":"Small Slimes","floor":4,"turns":5},{"damage":2,"enemies":"Cultist","floor":5,"turns":3},{"damage":21,"enemies":"Lagavulin","floor":6,"turns":5},{"damage":15,"enemies":"Gremlin Gang","floor":7,"turns":6},{"damage":10,"enemies":"3 Louse","floor":8,"turns":4},{"damage":0,"enemies":"2 Fungi Beasts","floor":10,"turns":3},{"damage":6,"enemies":"Blue Slaver","floor":11,"turns":1}],"seed_played":"-7214624080119557746","potions_obtained":[],"is_trial":false,"path_per_floor":["M","?","?","M","M","E","M","M","T","M","M"],"character_chosen":"THE_SILENT","items_purchased":[],"campfire_rested":0,"item_purchase_floors":[],"current_hp_per_floor":[63,63,63,54,52,31,16,6,6,6,0],"gold":294,"neow_bonus":"BOSS_RELIC","is_prod":false,"is_daily":false,"chose_seed":false,"campfire_upgraded":0,"win_rate":0,"timestamp":1543128538,"path_taken":["M","?","?","M","M","E","M","M","T","?","M"],"build_version":"2018-11-15","purchased_purges":0,"victory":false,"max_hp_per_floor":[70,70,70,70,70,70,70,70,70,70,70],"card_choices":[{"not_picked":["Sucker Punch","Expertise"],"picked":"Bouncing Flask","floor":1},{"not_picked":["Eviscerate","Sucker Punch"],"picked":"Backflip","floor":4},{"not_picked":["Poisoned Stab","Backflip"],"picked":"Skewer","floor":5},{"not_picked":["Bane","Escape Plan"],"picked":"Venomology","floor":6},{"not_picked":["Accuracy","Deadly Poison"],"picked":"Predator","floor":7},{"not_picked":["PiercingWail","Tactician","Underhanded Strike"],"picked":"SKIP","floor":8},{"not_picked":["Calculated Gamble","Masterful Stab"],"picked":"Sucker Punch","floor":10}],"player_experience":392418,"relics_obtained":[{"floor":6,"key":"Peace Pipe"},{"floor":9,"key":"Mercury Hourglass"}],"event_choices":[{"damage_healed":0,"gold_gain":0,"player_choice":"Box","damage_taken":0,"relics_obtained":["PreservedInsect"],"max_hp_gain":0,"max_hp_loss":0,"event_name":"Big Fish","floor":2,"gold_loss":0,"cards_obtained":["Regret"]},{"damage_healed":0,"gold_gain":0,"player_choice":"Got Potions","damage_taken":0,"max_hp_gain":0,"max_hp_loss":0,"event_name":"Lab","floor":3,"gold_loss":0}],"is_beta":false,"boss_relics":[],"items_purged_floors":[],"is_endless":false,"potions_floor_spawned":[1,5],"killed_by":"Blue Slaver","ascension_level":10}