{"gold_per_floor":[113,128,42,55,11,36,36,36,36,36,63,75,106,126,126,203,203,216,266,266,276,201,201,233,233,310,310,3,22,22,37,37,37],"floor_reached":33,"playtime":1556,"items_purged":[],"score":566,"play_id":"fcf3dbbd-9fd2-48a6-b12a-4e86b58d6581","local_time":"20190227231144","is_ascension_mode":true,"campfire_choices":[{"data":"Inflame","floor":7.0,"key":"SMITH"},{"data":"Bash","floor":10.0,"key":"SMITH"},{"data":"Bludgeon","floor":15.0,"key":"SMITH"},{"data":"Disarm","floor":23,"key":"SMITH"},{"data":"Hemokinesis","floor":25,"key":"SMITH"},{"data":"Inflame","floor":32,"key":"SMITH"}],"neow_cost":"NONE","seed_source_timestamp":0,"circlet_count":0,"master_deck":["AscendersBane","Strike_R","Strike_R","Strike_R","Defend_R","Defend_R","Defend_R","Defend_R","Bash+1","Inflame+1","Hemokinesis+1","Combust","Rampage","Pummel","Anger","Bludgeon+1","Disarm+1","Armaments+1","Sentinel+1","Offering+1","Headbutt","Offering+1","Inflame+1","Ghostly Armor+1","Shrug It Off+1"],"special_seed":0,"relics":["Burning Blood","Kunai","Mummified Hand","Pantograph","Toxic Egg 2","Coffee Dripper","Strawberry","Blue Candle","Centennial Puzzle"],"potions_floor_usage":[16,31,31],"damage_taken":[{"damage":8.0,"enemies":"2 Louse","floor":1.0,"turns":2.0},{"damage":2.0,"enemies":"Cultist","floor":2.0,"turns":4.0},{"damage":21.0,"enemies":"Small Slimes","floor":4.0,"turns":4.0},{"damage":23.0,"enemies":"Lagavulin","floor":6.0,"turns":7.0},{"damage":7.0,"enemies":"Gremlin Nob","floor":11.0,"turns":3.0},{"damage":11.0,"enemies":"Gremlin Gang","floor":12.0,"turns":3.0},{"damage":11.0,"enemies":"3 Sentries","floor":13.0,"turns":5.0},{"damage":0.0,"enemies":"Blue Slaver","floor":14.0,"turns":1.0},{"damage":47,"enemies":"Slime Boss","floor":16,"turns":9},{"damage":8,"enemies":"Spheric Guardian","floor":18,"turns":3},{"damage":24,"enemies":"3 Byrds","floor":21,"turns":5},{"damage":40,"enemies":"Slavers","floor":24,"turns":6},{"damage":6,"enemies":"Snake Plant","floor":29,"turns":2},{"damage":19,"enemies":"Shelled Parasite and Fungi","floor":31,"turns":4},{"damage":49,"enemies":"Collector","floor":33,"turns":6}],"seed_played":"-6548326375026229028","potions_obtained":[{"floor":1.0,"key":"Weak Potion"},{"floor":4.0,"key":"AttackPotion"},{"floor":6.0,"key":"EssenceOfSteel"},{"floor":14.0,"key":"Fire Potion"},{"floor":29,"key":"Weak Potion"}],"is_trial":false,"path_per_floor":["M","M","$","M","$","E","R","?","T","R","E","M","E","M","R","B",null,"M","?","?","M","?","R","E","R","T","?","$","M","?","M","R","B"],"character_chosen":"IRONCLAD","items_purchased":["Combust","Pummel","Inflame","Centennial Puzzle","Block Potion"],"campfire_rested":0,"item_purchase_floors":[3,5,28,28,28],"current_hp_per_floor":[73,77,77,62,62,45,45,45,45,45,44,39,34,40,40,24,68,66,66,66,48,48,48,21,21,21,21,21,21,21,8,8,0],"gold":37,"neow_bonus":"TEN_PERCENT_HP_BONUS","is_prod":false,"is_daily":false,"chose_seed":false,"campfire_upgraded":6,"win_rate":0,"timestamp":1551262304,"path_taken":["M","M","$","M","$","E","R","?","T","R","E","M","E","?","R","BOSS","M","?","?","M","?","R","E","R","T","?","$","?","?","M","R","BOSS"],"build_version":"2019-01-23","purchased_purges":0,"victory":false,"max_hp_per_floor":[82,82,82,82,82,82,82,82,82,82,82,82,82,82,82,82,82,82,82,82,82,82,82,89,89,89,89,89,89,89,89,89,89],"card_choices":[{"not_picked":["Entrench","True Grit"],"picked":"Inflame","floor":1.0},{"not_picked":["Heavy Blade","Iron Wave"],"picked":"Hemokinesis","floor":2.0},{"not_picked":["True Grit","Rupture"],"picked":"Rampage","floor":4.0},{"not_picked":["Iron Wave","Pummel"],"picked":"Anger","floor":6.0},{"not_picked":["Havoc","Carnage"],"picked":"Bludgeon","floor":11.0},{"not_picked":["Rampage","Dual Wield"],"picked":"Disarm","floor":12.0},{"not_picked":["Sentinel","Cleave"],"picked":"Armaments","floor":13.0},{"not_picked":["Iron Wave","Clash"],"picked":"Sentinel+1","floor":14.0},{"not_picked":["Exhume+1","Brutality"],"picked":"Offering+1","floor":16},{"not_picked":["Infernal Blade+1","Pummel"],"picked":"Headbutt","floor":18},{"not_picked":["Wild Strike","Flex+1","Sword Boomerang"],"picked":"SKIP","floor":21},{"not_picked":["Headbutt","Dark Embrace","Blood for Blood"],"picked":"SKIP","floor":24},{"not_picked":["Pummel","Flex+1"],"picked":"Ghostly Armor+1","floor":29},{"not_picked":["Battle Trance+1","Rage+1"],"picked":"Shrug It Off+1","floor":31}],"player_experience":469417,"relics_obtained":[{"floor":6.0,"key":"Kunai"},{"floor":9.0,"key":"Mummified Hand"},{"floor":11.0,"key":"Pantograph"},{"floor":13.0,"key":"Toxic Egg 2"},{"floor":24,"key":"Strawberry"},{"floor":26,"key":"Blue Candle"}],"event_choices":[{"cards_removed":["Strike_R"],"damage_healed":0.0,"max_hp_gain":0.0,"max_hp_loss":0.0,"gold_gain":0.0,"event_name":"Purifier","player_choice":"Purged","floor":8.0,"gold_loss":0.0,"damage_taken":0.0},{"damage_healed":0,"gold_gain":50,"player_choice":"Stole From Cult","damage_taken":0,"max_hp_gain":0,"max_hp_loss":0,"event_name":"Nest","floor":19,"gold_loss":0},{"damage_healed":0,"gold_gain":0,"player_choice":"Ignored","damage_taken":0,"max_hp_gain":0,"max_hp_loss":0,"event_name":"The Mausoleum","floor":20,"gold_loss":0},{"cards_removed":["Strike_R"],"damage_healed":0,"gold_gain":0,"player_choice":"Gave Gold","damage_taken":0,"max_hp_gain":0,"max_hp_loss":0,"event_name":"Beggar","floor":22,"gold_loss":75},{"damage_healed":0,"gold_gain":0,"player_choice":"1 cards matched","damage_taken":0,"max_hp_gain":0,"max_hp_loss":0,"event_name":"Match and Keep!","floor":27,"gold_loss":0,"cards_obtained":["Offering"]},{"damage_healed":0,"gold_gain":0,"player_choice":"Got Potions","damage_taken":0,"max_hp_gain":0,"max_hp_loss":0,"event_name":"Lab","floor":30,"gold_loss":0}],"is_beta":false,"boss_relics":[{"not_picked":["Runic Cube","Astrolabe"],"picked":"Coffee Dripper"}],"items_purged_floors":[],"is_endless":false,"potions_floor_spawned":[1,4,6,14,29],"killed_by":"Collector","ascension_level":20}