{"gold_per_floor":[119,119,138,157,170,202,10,22,49,81,81,256,270,290,290,387,387,407,407,425,77,93,93,105,138,138,165,165,60,60,113,113,213,213,233,82,95,141,1140,1140,377,387,413,413,16,26,61,81,81,81],"floor_reached":51,"playtime":4243,"items_purged":["Normality","Normality"],"score":887,"play_id":"b61dc420-6fd0-48a4-81fa-1265b1c9111c","local_time":"20190223091008","is_ascension_mode":true,"campfire_choices":[{"data":"Neutralize","floor":15,"key":"SMITH"},{"floor":23,"key":"REST"},{"floor":28,"key":"REST"},{"floor":30,"key":"REST"},{"floor":32,"key":"REST"},{"floor":40,"key":"REST"},{"floor":49,"key":"REST"}],"neow_cost":"TEN_PERCENT_HP_LOSS","seed_source_timestamp":786251476502234,"circlet_count":0,"master_deck":["Defend_G","Defend_G","Defend_G","Defend_G","Strike_G","Survivor","Neutralize+1","Prepared","Predator+1","Quick Slash","Quick Slash","Sucker Punch","Dodge and Roll+1","After Image+1","Dash","Riddle With Holes","Endless Agony","Doubt","Crippling Poison","Dodge and Roll+1","Burst","Well Laid Plans+1","Necronomicurse","Flying Knee","Escape Plan","PiercingWail","Crippling Poison+1","Underhanded Strike+1","Noxious Fumes+1","Backflip+1","Concentrate","Well Laid Plans+1","A Thousand Cuts+1","Unload+1","After Image+1","Distraction+1","Acrobatics+1","Slice+1","Choke","Cloak And Dagger","Footwork+1","Deep Breath+1","Parasite","Quick Slash","Outmaneuver+1","Blind+1","Footwork+1","Thinking Ahead+1","Underhanded Strike+1","Distraction+1","Eviscerate+1","Blur+1","Masterful Stab+1"],"relics":["Ring of the Snake","NlothsMask","Frozen Egg 2","Happy Flower","Art of War","Fusion Hammer","Necronomicon","Ninja Scroll","Bronze Scales","Pantograph","Prayer Wheel","PreservedInsect","Astrolabe","War Paint","The Specimen","Toxic Egg 2","TwistedFunnel","Bag of Marbles","Ancient Tea Set"],"potions_floor_usage":[6,10,16,27],"damage_taken":[{"damage":1,"enemies":"Small Slimes","floor":1,"turns":3},{"damage":1,"enemies":"Cultist","floor":3,"turns":3},{"damage":0,"enemies":"Jaw Worm","floor":4,"turns":3},{"damage":1,"enemies":"Large Slime","floor":5,"turns":5},{"damage":23,"enemies":"3 Sentries","floor":6,"turns":8},{"damage":0,"enemies":"Exordium Thugs","floor":8,"turns":4},{"damage":5,"enemies":"Lagavulin","floor":10,"turns":8},{"damage":0,"enemies":"Exordium Wildlife","floor":13,"turns":3},{"damage":5,"enemies":"Lots of Slimes","floor":14,"turns":4},{"damage":26,"enemies":"Slime Boss","floor":16,"turns":15},{"damage":6,"enemies":"Spheric Guardian","floor":18,"turns":6},{"damage":4,"enemies":"Chosen","floor":20,"turns":3},{"damage":2,"enemies":"Snecko","floor":22,"turns":3},{"damage":7,"enemies":"Centurion and Healer","floor":24,"turns":5},{"damage":24,"enemies":"Slavers","floor":25,"turns":5},{"damage":9,"enemies":"Gremlin Leader","floor":27,"turns":5},{"damage":12,"enemies":"Automaton","floor":33,"turns":9},{"damage":9,"enemies":"3 Darklings","floor":35,"turns":4},{"damage":0,"enemies":"3 Shapes","floor":37,"turns":4},{"damage":6,"enemies":"2 Orb Walkers","floor":38,"turns":5},{"damage":11,"enemies":"Writhing Mass","floor":42,"turns":5},{"damage":0,"enemies":"Jaw Worm Horde","floor":46,"turns":2},{"damage":10,"enemies":"Nemesis","floor":47,"turns":3},{"damage":0,"enemies":"4 Shapes","floor":48,"turns":3},{"damage":6,"enemies":"Donu and Deca","floor":50,"turns":10}],"seed_played":"6746014979606150212","potions_obtained":[{"floor":5,"key":"Explosive Potion"},{"floor":6,"key":"Explosive Potion"},{"floor":10,"key":"FairyPotion"},{"floor":13,"key":"Explosive Potion"},{"floor":16,"key":"Energy Potion"},{"floor":18,"key":"Poison Potion"},{"floor":24,"key":"Energy Potion"},{"floor":27,"key":"FearPotion"},{"floor":35,"key":"Swift Potion"}],"is_trial":false,"path_per_floor":["M","?","M","M","M","E","$","M","T","E","?","?","M","M","R","B",null,"M","?","M","$","M","R","M","E","T","E","R","$","R","T","R","B",null,"M","$","M","?","?","R","$","M","T","?","$","M","E","M","R","B",null],"character_chosen":"THE_SILENT","items_purchased":["Happy Flower","Dash","Ninja Scroll","Escape Plan","PiercingWail","Concentrate","Well Laid Plans+1","War Paint","Toxic Egg 2","TwistedFunnel","Deep Breath+1","Night Terror+1","Blind+1","Footwork+1","Thinking Ahead+1"],"campfire_rested":6,"item_purchase_floors":[7,7,21,21,21,29,29,36,41,41,41,41,45,45,45],"current_hp_per_floor":[62,62,61,61,60,37,37,37,37,32,32,32,32,27,27,1,63,57,41,37,37,35,53,46,22,22,13,31,31,49,49,63,51,63,54,54,54,48,48,63,63,52,52,73,73,73,63,63,73,67],"gold":81,"neow_bonus":"TRANSFORM_TWO_CARDS","is_prod":false,"is_daily":false,"chose_seed":false,"campfire_upgraded":1,"win_rate":0,"timestamp":1550880608,"path_taken":["M","?","M","M","?","E","$","M","T","E","?","?","M","M","R","BOSS","M","?","M","$","M","R","M","E","T","E","R","$","R","?","R","BOSS","M","$","?","?","?","R","$","M","T","?","$","M","E","M","R","BOSS"],"build_version":"2019-01-23","purchased_purges":2,"victory":true,"max_hp_per_floor":[63,63,63,63,63,63,63,63,63,63,63,63,63,63,63,63,63,63,63,63,63,63,63,63,63,63,63,63,63,63,63,63,63,63,63,63,63,63,63,63,63,63,63,73,73,73,73,73,73,73],"card_choices":[{"not_picked":["Sucker Punch","Deflect"],"picked":"Quick Slash","floor":1},{"not_picked":["Flying Knee","Accuracy"],"picked":"Quick Slash","floor":3},{"not_picked":["Flying Knee","Cloak And Dagger"],"picked":"Sucker Punch","floor":4},{"not_picked":["Predator","Dagger Spray"],"picked":"Dodge and Roll","floor":5},{"not_picked":["Slice","Cloak And Dagger"],"picked":"After Image","floor":6},{"not_picked":["Accuracy+1","Crippling Poison"],"picked":"Riddle With Holes","floor":8},{"not_picked":["Quick Slash","Choke"],"picked":"Endless Agony","floor":10},{"not_picked":["Blade Dance","Prepared"],"picked":"Crippling Poison","floor":13},{"not_picked":["Flying Knee","Bane"],"picked":"Dodge and Roll","floor":14},{"not_picked":["Storm of Steel","Grand Finale"],"picked":"Burst","floor":16},{"not_picked":["Setup","Dagger Throw"],"picked":"Well Laid Plans+1","floor":18},{"not_picked":["Dagger Spray","Slice"],"picked":"Flying Knee","floor":20},{"not_picked":["Flying Knee+1","Bane"],"picked":"Crippling Poison+1","floor":22},{"not_picked":["Flying Knee","Masterful Stab+1"],"picked":"Underhanded Strike+1","floor":24},{"not_picked":["Flechettes+1","Blade Dance+1"],"picked":"Noxious Fumes+1","floor":25},{"not_picked":["Night Terror","A Thousand Cuts+1"],"picked":"Backflip+1","floor":27},{"not_picked":["Burst","Tools of the Trade+1"],"picked":"A Thousand Cuts+1","floor":33},{"not_picked":["Riddle With Holes","Dagger Throw"],"picked":"Acrobatics+1","floor":35},{"not_picked":["Venomology","Acrobatics+1"],"picked":"Slice+1","floor":35},{"not_picked":["Quick Slash","Dagger Throw"],"picked":"Choke","floor":37},{"not_picked":["Deadly Poison","Acrobatics"],"picked":"Cloak And Dagger","floor":37},{"not_picked":["Dagger Throw+1","Dodge and Roll+1"],"picked":"Footwork+1","floor":38},{"not_picked":["Sucker Punch","Poisoned Stab"],"picked":"Quick Slash","floor":42},{"not_picked":["Corpse Explosion+1","Underhanded Strike"],"picked":"Outmaneuver+1","floor":42},{"not_picked":["Infinite Blades+1","Dagger Spray+1"],"picked":"Underhanded Strike+1","floor":46},{"not_picked":["Blade Dance+1","Masterful Stab+1"],"picked":"Distraction+1","floor":46},{"not_picked":["A Thousand Cuts+1","Expertise+1"],"picked":"Eviscerate+1","floor":47},{"not_picked":["Skewer","Poisoned Stab"],"picked":"Blur+1","floor":48},{"not_picked":["Flying Knee","Bane"],"picked":"Masterful Stab+1","floor":48}],"player_experience":138841,"relics_obtained":[{"floor":6,"key":"Frozen Egg 2"},{"floor":10,"key":"Art of War"},{"floor":19,"key":"Necronomicon"},{"floor":25,"key":"Bronze Scales"},{"floor":26,"key":"Pantograph"},{"floor":27,"key":"Prayer Wheel"},{"floor":31,"key":"PreservedInsect"},{"floor":38,"key":"The Specimen"},{"floor":43,"key":"Bag of Marbles"},{"floor":47,"key":"Ancient Tea Set"}],"event_choices":[{"damage_healed":0,"gold_gain":0,"player_choice":"Trade","damage_taken":0,"relics_obtained":["NlothsMask"],"max_hp_gain":0,"max_hp_loss":0,"event_name":"FaceTrader","floor":2,"gold_loss":0},{"damage_healed":0,"gold_gain":0,"player_choice":"Grow","damage_taken":0,"max_hp_gain":0,"max_hp_loss":0,"event_name":"Living Wall","floor":11,"gold_loss":0,"cards_upgraded":["Predator"]},{"damage_healed":0,"gold_gain":175,"player_choice":"AGREE","damage_taken":0,"max_hp_gain":0,"max_hp_loss":0,"event_name":"Liars Game","floor":12,"gold_loss":0,"cards_obtained":["Doubt"]},{"damage_healed":0,"gold_gain":0,"player_choice":"Obtained Book","damage_taken":16,"max_hp_gain":0,"max_hp_loss":0,"event_name":"Cursed Tome","floor":19,"gold_loss":0},{"damage_healed":0,"gold_gain":0,"player_choice":"Fight","damage_taken":0,"max_hp_gain":0,"max_hp_loss":0,"event_name":"Mysterious Sphere","floor":38,"gold_loss":0},{"damage_healed":0,"gold_gain":999,"player_choice":"Gold","damage_taken":0,"max_hp_gain":0,"max_hp_loss":0,"event_name":"MindBloom","floor":39,"gold_loss":0,"cards_obtained":["Normality","Normality"]},{"cards_removed":["Night Terror"],"damage_healed":11,"gold_gain":0,"player_choice":"Offered Rare","damage_taken":0,"max_hp_gain":10,"max_hp_loss":0,"event_name":"Bonfire Elementals","floor":44,"gold_loss":0}],"is_beta":false,"boss_relics":[{"not_picked":["Runic Pyramid","Ectoplasm"],"picked":"Fusion Hammer"},{"not_picked":["Runic Dome","Calling Bell"],"picked":"Astrolabe"}],"items_purged_floors":[41,45],"is_endless":false,"potions_floor_spawned":[5,6,10,13,16,18,24,27,33,35,37,46],"ascension_level":4}