{"gold_per_floor":[114,127,146,164,181,212,229,229],"floor_reached":8,"playtime":1023,"items_purged":[],"score":62,"play_id":"12482ea2-b1d1-4e2e-ae8a-e508603026b8","local_time":"20190114150703","is_ascension_mode":false,"campfire_choices":[],"neow_cost":"NONE","seed_source_timestamp":262885768626740,"circlet_count":0,"master_deck":["Strike_R","Strike_R","Strike_R","Strike_R","Strike_R","Defend_R","Defend_R","Defend_R","Defend_R","Bash","Metallicize","Flame Barrier","Offering","Disarm","Pommel Strike"],"relics":["Burning Blood","Bottled Lightning"],"potions_floor_usage":[],"damage_taken":[{"damage":2,"enemies":"Small Slimes","floor":1,"turns":4},{"damage":3,"enemies":"Cultist","floor":2,"turns":3},{"damage":2,"enemies":"2 Louse","floor":3,"turns":3},{"damage":2,"enemies":"Large Slime","floor":4,"turns":7},{"damage":13,"enemies":"Exordium Wildlife","floor":5,"turns":7},{"damage":42,"enemies":"Lagavulin","floor":6,"turns":11},{"damage":14,"enemies":"3 Louse","floor":7,"turns":5},{"damage":37,"enemies":"3 Sentries","floor":8,"turns":5}],"seed_played":"-1803866639704978003","potions_obtained":[{"floor":1,"key":"Swift Potion"},{"floor":4,"key":"Strength Potion"},{"floor":7,"key":"SteroidPotion"}],"is_trial":false,"path_per_floor":["M","M","M","M","M","E","M","E"],"character_chosen":"IRONCLAD","items_purchased":[],"campfire_rested":0,"item_purchase_floors":[],"current_hp_per_floor":[88,88,88,88,81,45,37,0],"gold":229,"neow_bonus":"TEN_PERCENT_HP_BONUS","is_prod":false,"is_daily":false,"chose_seed":false,"campfire_upgraded":0,"win_rate":0,"timestamp":1547496423,"path_taken":["M","M","M","M","M","E","M","E"],"build_version":"2019-01-10","purchased_purges":0,"victory":false,"max_hp_per_floor":[88,88,88,88,88,88,88,88],"card_choices":[{"not_picked":["Ghostly Armor","Heavy Blade"],"picked":"Metallicize","floor":1},{"not_picked":["Thunderclap","Headbutt","Sever Soul"],"picked":"SKIP","floor":2},{"not_picked":["Wild Strike","Hemokinesis"],"picked":"Flame Barrier","floor":3},{"not_picked":["Ghostly Armor","Cleave"],"picked":"Offering","floor":4},{"not_picked":["Armaments","Inflame"],"picked":"Disarm","floor":5},{"not_picked":["Headbutt","Spot Weakness","Perfected Strike"],"picked":"SKIP","floor":6},{"not_picked":["Armaments","Warcry"],"picked":"Pommel Strike","floor":7}],"player_experience":92745,"relics_obtained":[{"floor":6,"key":"Bottled Lightning"}],"event_choices":[],"is_beta":false,"boss_relics":[],"items_purged_floors":[],"is_endless":false,"potions_floor_spawned":[1,4,7],"killed_by":"3 Sentries","ascension_level":0}