{"gold_per_floor":[118,43,43,61,78,78,95,95,120,136,136,169,181,193,205,296,308,330,359,371,223,223,223,223,223,223,239,271,118,118,43,43,119,119,131,131,148,161,74,74,92,105,105,105,16,16,34,51,51,51],"floor_reached":50,"playtime":2847,"items_purged":["Strike_R","Writhe"],"score":922,"play_id":"7e2043cf-c823-4903-9442-0175346ea946","local_time":"20190126134704","is_ascension_mode":true,"campfire_choices":[{"data":"Armaments","floor":6.0,"key":"SMITH"},{"data":"Bash","floor":8.0,"key":"SMITH"},{"data":"Inflame","floor":11.0,"key":"SMITH"},{"data":"Uppercut","floor":15.0,"key":"SMITH"},{"data":"Bludgeon","floor":23.0,"key":"SMITH"},{"data":"True Grit","floor":25.0,"key":"SMITH"},{"data":"Flame Barrier","floor":30.0,"key":"SMITH"},{"floor":32.0,"key":"REST"},{"data":"Metallicize","floor":40,"key":"SMITH"},{"data":"Spot Weakness","floor":44,"key":"SMITH"},{"floor":49,"key":"REST"}],"neow_cost":"NONE","seed_source_timestamp":0,"circlet_count":0,"master_deck":["AscendersBane","Defend_R","Defend_R","Defend_R","Defend_R","Bash+1","Armaments+1","Clothesline","Inflame+1","Twin Strike","Uppercut+1","Bludgeon+1","True Grit+1","Flame Barrier+1","Seeing Red","Shockwave","Offering","Pummel+1","Shrug It Off+1","Metallicize+1","Spot Weakness+1","Inflame","Berserk","Combust","Heavy Blade","Inflame"],"special_seed":0,"relics":["Burning Blood","Lantern","Blood Vial","MawBank","Bag of Preparation","Velvet Choker","Meat on the Bone","Dream Catcher","Dodecahedron","Snecko Eye","Strawberry"],"potions_floor_usage":[33,33,41,41,50,50],"damage_taken":[{"damage":7.0,"enemies":"Small Slimes","floor":1.0,"turns":3.0},{"damage":1.0,"enemies":"Jaw Worm","floor":4.0,"turns":6.0},{"damage":0.0,"enemies":"Cultist","floor":5.0,"turns":3.0},{"damage":22.0,"enemies":"Large Slime","floor":7.0,"turns":8.0},{"damage":8.0,"enemies":"3 Louse","floor":10.0,"turns":4.0},{"damage":25.0,"enemies":"3 Sentries","floor":12.0,"turns":8.0},{"damage":25.0,"enemies":"The Guardian","floor":16.0,"turns":12.0},{"damage":15.0,"enemies":"2 Thieves","floor":18.0,"turns":3.0},{"damage":3.0,"enemies":"3 Byrds","floor":19.0,"turns":5.0},{"damage":6.0,"enemies":"Snake Plant","floor":27.0,"turns":3.0},{"damage":33.0,"enemies":"Slavers","floor":28.0,"turns":9.0},{"damage":12,"enemies":"Champ","floor":33,"turns":22},{"damage":8,"enemies":"3 Shapes","floor":35,"turns":3},{"damage":13,"enemies":"Orb Walker","floor":37,"turns":2},{"damage":3,"enemies":"Writhing Mass","floor":38,"turns":4},{"damage":0,"enemies":"Jaw Worm Horde","floor":41,"turns":4},{"damage":6,"enemies":"Sphere and 2 Shapes","floor":42,"turns":4},{"damage":6,"enemies":"Transient","floor":47,"turns":6},{"damage":30,"enemies":"Maw","floor":48,"turns":7},{"damage":92,"enemies":"Donu and Deca","floor":50,"turns":9}],"seed_played":"-1003702697442044516","potions_obtained":[{"floor":10.0,"key":"Fire Potion"},{"floor":12.0,"key":"Block Potion"},{"floor":19.0,"key":"PowerPotion"},{"floor":35,"key":"SkillPotion"},{"floor":38,"key":"EntropicBrew"},{"floor":41,"key":"Ancient Potion"}],"is_trial":false,"path_per_floor":["M","?","?","M","M","R","M","R","T","M","R","E","?","?","R","B",null,"M","M","?","$","?","R","?","R","T","M","E","$","R","?","R","B",null,"M","?","M","M","$","R","M","M","T","R","$","?","M","M","R","B"],"character_chosen":"IRONCLAD","items_purchased":["Flame Barrier","AttackPotion","Metallicize","Inflame"],"campfire_rested":2,"item_purchase_floors":[21,29,39,45],"current_hp_per_floor":[67,67,67,72,75,75,59,59,59,59,59,42,42,42,42,25,63,56,61,40,40,40,40,80,80,80,80,53,53,53,53,77,73,78,78,78,73,78,78,78,80,80,87,87,87,87,87,63,87,0],"gold":51,"neow_bonus":"RANDOM_COMMON_RELIC","is_prod":false,"is_daily":false,"chose_seed":false,"campfire_upgraded":9,"win_rate":0,"timestamp":1548463624,"path_taken":["M","?","?","M","?","R","M","R","T","M","R","E","?","?","R","BOSS","M","M","?","$","?","R","?","R","T","?","E","$","R","?","R","BOSS","M","?","?","?","$","R","M","M","T","R","$","?","M","M","R","BOSS"],"build_version":"2019-01-23","purchased_purges":2,"victory":false,"max_hp_per_floor":[75,75,75,75,75,75,75,75,75,75,75,75,75,75,75,75,75,75,75,80,80,80,80,80,80,80,80,80,80,80,80,80,80,80,80,80,80,80,80,80,80,80,87,87,87,87,87,87,87,87],"card_choices":[{"not_picked":["Wild Strike","Cleave"],"picked":"Armaments","floor":1.0},{"not_picked":["Sentinel","True Grit"],"picked":"Clothesline","floor":4.0},{"not_picked":["Dark Embrace","Havoc"],"picked":"Inflame","floor":5.0},{"not_picked":["Pommel Strike","Flex"],"picked":"Twin Strike","floor":7.0},{"not_picked":["Wild Strike","Armaments","Clothesline"],"picked":"SKIP","floor":10.0},{"not_picked":["Wild Strike","Perfected Strike"],"picked":"Uppercut","floor":12.0},{"not_picked":["Juggernaut","Fiend Fire"],"picked":"Bludgeon","floor":16.0},{"not_picked":["Heavy Blade","Body Slam","Dual Wield"],"picked":"SKIP","floor":18.0},{"not_picked":["Bloodletting","Ghostly Armor"],"picked":"True Grit","floor":19.0},{"not_picked":["Uppercut","Armaments","Entrench"],"picked":"SKIP","floor":27.0},{"not_picked":["Uppercut","Armaments","Entrench"],"picked":"SKIP","floor":27.0},{"not_picked":["Cleave","Clash"],"picked":"Seeing Red","floor":28.0},{"not_picked":["Cleave","Anger"],"picked":"Shockwave","floor":32.0},{"not_picked":["Impervious","Fiend Fire"],"picked":"Offering","floor":33},{"not_picked":["Heavy Blade","Perfected Strike+1"],"picked":"Pummel+1","floor":35},{"not_picked":["Warcry+1","Blood for Blood"],"picked":"Shrug It Off+1","floor":37},{"not_picked":["Rampage+1","Infernal Blade","Perfected Strike"],"picked":"SKIP","floor":38},{"not_picked":["Perfected Strike+1","Iron Wave"],"picked":"Spot Weakness","floor":41},{"not_picked":["Reckless Charge","Twin Strike","Clothesline"],"picked":"SKIP","floor":42},{"not_picked":["Dropkick","Power Through+1"],"picked":"Combust","floor":47},{"not_picked":["Immolate","Twin Strike+1"],"picked":"Heavy Blade","floor":48},{"not_picked":["Flex","Intimidate+1"],"picked":"Inflame","floor":49}],"player_experience":58814,"relics_obtained":[{"floor":9.0,"key":"Blood Vial"},{"floor":12.0,"key":"MawBank"},{"floor":26.0,"key":"Dream Catcher"},{"floor":28.0,"key":"Dodecahedron"},{"floor":43,"key":"Strawberry"}],"event_choices":[{"cards_removed":["Strike_R"],"damage_healed":0.0,"max_hp_gain":0.0,"max_hp_loss":0.0,"gold_gain":0.0,"event_name":"The Cleric","player_choice":"Card Removal","floor":2.0,"gold_loss":75.0,"damage_taken":0.0},{"cards_removed":["Strike_R"],"damage_healed":0.0,"max_hp_gain":0.0,"max_hp_loss":0.0,"gold_gain":0.0,"event_name":"Bonfire Elementals","player_choice":"Offered Basic","floor":3.0,"gold_loss":0.0,"damage_taken":0.0},{"damage_healed":0.0,"max_hp_gain":0.0,"max_hp_loss":0.0,"gold_gain":0.0,"event_name":"Dead Adventurer","player_choice":"Searched \u00271\u0027 times","floor":13.0,"gold_loss":0.0,"damage_taken":0.0,"relics_obtained":["Bag of Preparation"]},{"damage_healed":0.0,"max_hp_gain":0.0,"max_hp_loss":0.0,"gold_gain":0.0,"event_name":"Liars Game","player_choice":"Ignored","floor":14.0,"gold_loss":0.0,"damage_taken":0.0},{"damage_healed":0.0,"max_hp_gain":5.0,"max_hp_loss":0.0,"gold_gain":0.0,"event_name":"Forgotten Altar","player_choice":"Shed Blood","floor":20.0,"gold_loss":0.0,"damage_taken":26.0},{"damage_healed":0.0,"max_hp_gain":0.0,"max_hp_loss":0.0,"gold_gain":0.0,"event_name":"The Mausoleum","player_choice":"Opened","floor":22.0,"gold_loss":0.0,"damage_taken":0.0,"relics_obtained":["Meat on the Bone"],"cards_obtained":["Writhe"]},{"damage_healed":40.0,"max_hp_gain":0.0,"max_hp_loss":0.0,"gold_gain":0.0,"event_name":"Wheel of Change","player_choice":"Full Heal","floor":24.0,"gold_loss":0.0,"damage_taken":0.0},{"cards_removed":["Strike_R"],"damage_healed":0.0,"max_hp_gain":0.0,"max_hp_loss":0.0,"gold_gain":0.0,"event_name":"Beggar","player_choice":"Gave Gold","floor":31.0,"gold_loss":75.0,"damage_taken":0.0},{"damage_healed":0,"gold_gain":0,"player_choice":"0 cards matched","damage_taken":0,"max_hp_gain":0,"max_hp_loss":0,"event_name":"Match and Keep!","floor":36,"gold_loss":0,"cards_obtained":[]},{"damage_healed":0,"gold_gain":0,"cards_transformed":["Strike_R"],"player_choice":"Transformed","damage_taken":0,"max_hp_gain":0,"max_hp_loss":0,"event_name":"Transmorgrifier","floor":46,"gold_loss":0,"cards_obtained":["Berserk"]}],"is_beta":false,"boss_relics":[{"not_picked":["Fusion Hammer","Mark of Pain"],"picked":"Velvet Choker"},{"not_picked":["Black Blood","Runic Cube"],"picked":"Snecko Eye"}],"items_purged_floors":[21,29],"is_endless":false,"potions_floor_spawned":[10,12,16,19,35,38,41,47],"killed_by":"Donu and Deca","ascension_level":18}