{"gold_per_floor":[118,118,131,149,169,202,202,228,228,303,6,26,26,58,58,158,158,98,98,98],"floor_reached":20,"playtime":2694,"items_purged":["Strike_G"],"score":215,"play_id":"6b12f39c-0b8c-4f0a-9a29-43acd20590e0","local_time":"20180724010526","is_ascension_mode":false,"campfire_choices":[{"floor":13.0,"key":"REST"},{"data":"Secret Weapon","floor":15.0,"key":"SMITH"}],"neow_cost":"NONE","seed_source_timestamp":0,"circlet_count":0,"master_deck":["Defend_G","Defend_G","Defend_G","Defend_G","Defend_G","Strike_G","Strike_G","Strike_G","Survivor","Neutralize","Footwork","Blur","Slice","Backflip","Venomology","Flying Knee","Footwork","Secret Weapon+1","Purity","Dagger Spray","Night Terror","Storm of Steel","Slice"],"special_seed":0,"relics":["Ring of the Snake","The Courier","Kunai","Darkstone Periapt","Black Star","Nloth\u0027s Gift"],"potions_floor_usage":[18,18,20],"damage_taken":[{"damage":0.0,"enemies":"Jaw Worm","floor":1.0,"turns":9.0},{"damage":0.0,"enemies":"Small Slimes","floor":3.0,"turns":7.0},{"damage":0.0,"enemies":"Cultist","floor":4.0,"turns":6.0},{"damage":0.0,"enemies":"Blue Slaver","floor":5.0,"turns":6.0},{"damage":0.0,"enemies":"3 Sentries","floor":6.0,"turns":16.0},{"damage":29.0,"enemies":"Gremlin Nob","floor":8.0,"turns":5.0},{"damage":12.0,"enemies":"Large Slime","floor":12.0,"turns":12.0},{"damage":15.0,"enemies":"3 Sentries","floor":14.0,"turns":12.0},{"damage":20.0,"enemies":"The Guardian","floor":16.0,"turns":19.0},{"damage":25,"enemies":"2 Thieves","floor":18,"turns":4},{"damage":52,"floor":20,"turns":3}],"seed_played":"-2120768354180880876","potions_obtained":[{"floor":4.0,"key":"Ancient Potion"},{"floor":8.0,"key":"Regen Potion"},{"floor":12.0,"key":"LiquidBronze"},{"floor":16.0,"key":"Fire Potion"}],"is_trial":false,"path_per_floor":["M","?","M","M","M","E","$","E","T","?","$","M","R","E","R","B",null,"M","?"],"character_chosen":"THE_SILENT","items_purchased":["Secret Weapon","Purity"],"campfire_rested":1,"item_purchase_floors":[11,11],"current_hp_per_floor":[70,75,75,75,75,75,75,46,46,35,35,38,60,45,45,25,75,50,50,0],"gold":98,"neow_bonus":"TRANSFORM_CARD","is_prod":false,"is_daily":false,"chose_seed":false,"campfire_upgraded":1,"win_rate":0,"timestamp":1532408726,"path_taken":["M","?","M","M","M","E","$","E","T","?","?","M","R","E","R","BOSS","M","?","?"],"build_version":"2018-07-19v2","purchased_purges":1,"victory":false,"max_hp_per_floor":[70,75,75,75,75,75,75,75,75,75,75,75,75,75,75,75,75,75,75,75],"card_choices":[{"not_picked":["Poisoned Stab","Caltrops"],"picked":"Blur","floor":1.0},{"not_picked":["Bane","Quick Slash"],"picked":"Slice","floor":3.0},{"not_picked":["Poisoned Stab","PiercingWail"],"picked":"Backflip","floor":4.0},{"not_picked":["Acrobatics","Prepared"],"picked":"Venomology","floor":5.0},{"not_picked":["Bouncing Flask","Skewer"],"picked":"Flying Knee","floor":6.0},{"not_picked":["Eviscerate","Infinite Blades"],"picked":"Footwork","floor":8.0},{"not_picked":["Underhanded Strike","Dodge and Roll"],"picked":"Dagger Spray","floor":12.0},{"not_picked":["Dagger Spray","Leg Sweep"],"picked":"Night Terror","floor":14.0},{"not_picked":["Adrenaline","Venomology"],"picked":"Storm of Steel","floor":16.0},{"not_picked":["Poisoned Stab","Outmaneuver"],"picked":"Slice","floor":18}],"player_experience":249269,"relics_obtained":[{"floor":6.0,"key":"Sundial"},{"floor":8.0,"key":"The Courier"},{"floor":9.0,"key":"Kunai"},{"floor":14.0,"key":"Darkstone Periapt"}],"event_choices":[{"event_name":"Big Fish","player_choice":"Donut","floor":2.0,"damage_taken":0.0},{"event_name":"World of Goop","player_choice":"Gather Gold","floor":10.0,"damage_taken":0.0},{"event_name":"N\u0027loth","player_choice":"Traded a Sundial","floor":19,"damage_taken":0},{"event_name":"Masked Bandits","player_choice":"Fought over 98 gold","floor":20,"damage_taken":0}],"is_beta":false,"boss_relics":[{"not_picked":["Tiny House","Coffee Dripper"],"picked":"Black Star"}],"items_purged_floors":[11],"is_endless":false,"potions_floor_spawned":[4,8,12,16],"ascension_level":0}