{"gold_per_floor":[117,140,140,156,176,176,203,222,245,245,272,272,307,318,318,420,420,432,96,110,110,129,158,170,198,221,221,237,237,263,188,188,284,284,303,22,40,95,20,54,64,64,136,136,136,153,153,185,185,185,185,185,11,44,44],"floor_reached":56,"playtime":1962,"items_purged":["Strike_B","Pain"],"score":1829,"play_id":"efff57d8-892e-417b-a944-68af481bbd60","local_time":"20181125192057","is_ascension_mode":true,"campfire_choices":[{"data":"Defragment","floor":6,"key":"SMITH"},{"data":"Defragment","floor":10,"key":"SMITH"},{"data":"Redo","floor":12,"key":"SMITH"},{"data":"Loop","floor":15,"key":"SMITH"},{"data":"Coolheaded","floor":27,"key":"SMITH"},{"data":"Zap","floor":29,"key":"SMITH"},{"floor":32,"key":"REST"},{"floor":47,"key":"RECALL"},{"floor":49,"key":"REST"},{"floor":52,"key":"REST"}],"neow_cost":"NONE","seed_source_timestamp":9065762276745,"circlet_count":0,"master_deck":["Strike_B","Strike_B","Defend_B","Defend_B","Defend_B","Zap+1","Dualcast","Chill","Defragment+1","Defragment+1","Redo+1","Loop+1","Cold Snap","Compile Driver+1","Coolheaded+1","Biased Cognition","Capacitor+1","Steam","Redo+1","Consume+1","All For One+1","Compile Driver+1","Barrage+1","Tempest","Multi-Cast","Conserve Battery","Ball Lightning+1","Steam","Leap+1","Tempest+1","Defragment","Mayhem","Loop+1","Defragment","Compile Driver+1"],"relics":["Cracked Core","DataDisk","Oddly Smooth Stone","Ancient Tea Set","Pear","Molten Egg 2","Nuclear Battery","ClockworkSouvenir","Centennial Puzzle","Happy Flower","Bag of Preparation","Bag of Marbles","Fusion Hammer","War Paint","Thread and Needle","StoneCalendar","Meat on the Bone","WarpedTongs","Bottled Lightning","Singing Bowl"],"potions_floor_usage":[7,8,11,16,25,25,30,38,50,50,55,55],"damage_taken":[{"damage":1,"enemies":"Cultist","floor":1,"turns":3},{"damage":4,"enemies":"Small Slimes","floor":4,"turns":2},{"damage":0,"enemies":"Jaw Worm","floor":5,"turns":3},{"damage":4,"enemies":"Lagavulin","floor":7,"turns":7},{"damage":0,"enemies":"3 Louse","floor":8,"turns":1},{"damage":20,"enemies":"3 Sentries","floor":11,"turns":4},{"damage":17,"enemies":"Gremlin Nob","floor":13,"turns":4},{"damage":2,"enemies":"Blue Slaver","floor":14,"turns":2},{"damage":0,"enemies":"Hexaghost","floor":16,"turns":8},{"damage":9,"enemies":"3 Byrds","floor":18,"turns":5},{"damage":0,"enemies":"Spheric Guardian","floor":20,"turns":5},{"damage":0,"enemies":"Shelled Parasite and Fungi","floor":22,"turns":9},{"damage":0,"enemies":"Book of Stabbing","floor":23,"turns":6},{"damage":11,"enemies":"Snake Plant","floor":24,"turns":3},{"damage":8,"enemies":"Slavers","floor":25,"turns":3},{"damage":16,"enemies":"Centurion and Healer","floor":28,"turns":6},{"damage":2,"enemies":"Book of Stabbing","floor":30,"turns":3},{"damage":0,"enemies":"Collector","floor":33,"turns":8},{"damage":4,"enemies":"Orb Walker","floor":35,"turns":2},{"damage":15,"enemies":"3 Darklings","floor":37,"turns":3},{"damage":15,"enemies":"2 Orb Walkers","floor":38,"turns":3},{"damage":23,"enemies":"Reptomancer","floor":40,"turns":4},{"damage":0,"enemies":"Transient","floor":41,"turns":5},{"damage":7,"enemies":"Jaw Worm Horde","floor":46,"turns":2},{"damage":11,"enemies":"Giant Head","floor":48,"turns":5},{"damage":43,"enemies":"Donu and Deca","floor":50,"turns":5},{"damage":1,"enemies":"Shield and Spear","floor":54,"turns":4},{"damage":37,"enemies":"The Heart","floor":55,"turns":9}],"seed_played":"8560732440982677160","potions_obtained":[{"floor":4,"key":"Explosive Potion"},{"floor":5,"key":"FearPotion"},{"floor":8,"key":"Explosive Potion"},{"floor":13,"key":"Dexterity Potion"},{"floor":16,"key":"Strength Potion"},{"floor":18,"key":"SneckoOil"},{"floor":24,"key":"PowerPotion"},{"floor":25,"key":"Explosive Potion"},{"floor":33,"key":"LiquidBronze"},{"floor":37,"key":"Explosive Potion"},{"floor":40,"key":"FairyPotion"},{"floor":46,"key":"Swift Potion"},{"floor":54,"key":"GamblersBrew"}],"is_trial":false,"path_per_floor":["M","T","?","M","M","R","E","M","T","R","E","R","E","M","R","B",null,"M","$","M","?","M","E","M","E","T","R","M","R","E","?","R","B",null,"M","$","M","?","$","E","M","?","T","?","?","M","R","E","R","B",null,"R","$","E","B",null],"character_chosen":"DEFECT","items_purchased":["ClockworkSouvenir","Steam","Redo","Ball Lightning+1","War Paint","FocusPotion","FocusPotion","Defragment"],"campfire_rested":3,"item_purchase_floors":[19,19,19,36,36,36,39,53],"current_hp_per_floor":[67,67,67,63,63,63,59,59,59,59,49,49,32,30,30,30,71,62,62,62,62,62,62,51,43,43,43,27,27,25,25,50,50,76,72,72,57,42,42,19,19,19,19,74,74,67,67,56,74,43,66,74,74,73,48],"gold":44,"neow_bonus":"RANDOM_COMMON_RELIC","is_prod":false,"is_daily":false,"chose_seed":false,"campfire_upgraded":6,"win_rate":0,"timestamp":1543126857,"path_taken":["M","?","?","?","M","R","E","M","T","R","E","R","E","?","R","BOSS","M","$","M","?","M","E","M","E","T","R","M","R","E","?","R","BOSS","M","$","M","?","$","E","M","?","T","?","?","?","R","E","R","BOSS","R","$","E","BOSS"],"build_version":"2018-11-15","purchased_purges":2,"victory":true,"max_hp_per_floor":[75,75,75,75,75,75,75,75,75,75,85,85,85,85,85,85,85,85,85,85,85,85,85,85,85,85,85,85,85,85,85,85,85,85,85,85,85,85,85,85,85,85,85,74,74,74,74,74,74,74,74,74,74,74,74],"card_choices":[{"not_picked":["Compile Driver","Genetic Algorithm"],"picked":"Chill","floor":1},{"not_picked":["Cold Snap","Stack"],"picked":"Defragment","floor":4},{"not_picked":["Go for the Eyes","Lockon"],"picked":"Redo","floor":5},{"not_picked":["Turbo","Tempest"],"picked":"Loop","floor":7},{"not_picked":["Self Repair","Stack"],"picked":"Cold Snap","floor":8},{"not_picked":["Sunder","Barrage","Sweeping Beam"],"picked":"SKIP","floor":11},{"not_picked":["Blizzard","Recycle"],"picked":"Compile Driver","floor":13},{"not_picked":["Sweeping Beam+1","Gash+1"],"picked":"Coolheaded","floor":14},{"not_picked":["Meteor Strike+1","Creative AI"],"picked":"Biased Cognition","floor":16},{"not_picked":["Cold Snap+1","Go for the Eyes+1"],"picked":"Capacitor+1","floor":18},{"not_picked":["Go for the Eyes+1","Turbo+1","Redo"],"picked":"SKIP","floor":20},{"not_picked":["BootSequence","Cold Snap+1","Conserve Battery"],"picked":"SKIP","floor":22},{"not_picked":["Sweeping Beam+1","Streamline+1"],"picked":"All For One+1","floor":23},{"not_picked":["Reinforced Body+1","Gash+1"],"picked":"Compile Driver+1","floor":24},{"not_picked":["Hologram+1","Coolheaded"],"picked":"Barrage+1","floor":25},{"not_picked":["Compile Driver+1","Sweeping Beam+1","Redo"],"picked":"SKIP","floor":28},{"not_picked":["Biased Cognition","Redo"],"picked":"Tempest","floor":30},{"not_picked":["Rainbow","Biased Cognition"],"picked":"Multi-Cast","floor":33},{"not_picked":["Turbo","Leap"],"picked":"Conserve Battery","floor":35},{"not_picked":["Beam Cell+1","Hyperbeam+1"],"picked":"Steam","floor":37},{"not_picked":["Steam+1","Go for the Eyes+1"],"picked":"Leap+1","floor":38},{"not_picked":["Hello World+1","Melter+1"],"picked":"Tempest+1","floor":40},{"not_picked":["Storm+1","Leap"],"picked":"Defragment","floor":41},{"not_picked":["Enlightenment","Deep Breath"],"picked":"Mayhem","floor":42},{"not_picked":["Cold Snap+1","Go for the Eyes+1","Turbo"],"picked":"SKIP","floor":46},{"not_picked":["Steam","Ball Lightning+1"],"picked":"Loop+1","floor":48},{"not_picked":["Go for the Eyes+1","Conserve Battery"],"picked":"Compile Driver+1","floor":54}],"player_experience":389248,"relics_obtained":[{"floor":2,"key":"Oddly Smooth Stone"},{"floor":7,"key":"Ancient Tea Set"},{"floor":11,"key":"Pear"},{"floor":13,"key":"Molten Egg 2"},{"floor":23,"key":"Centennial Puzzle"},{"floor":25,"key":"Happy Flower"},{"floor":26,"key":"Bag of Preparation"},{"floor":30,"key":"Bag of Marbles"},{"floor":38,"key":"Thread and Needle"},{"floor":40,"key":"StoneCalendar"},{"floor":43,"key":"Meat on the Bone"},{"floor":48,"key":"Bottled Lightning"},{"floor":54,"key":"Singing Bowl"}],"event_choices":[{"damage_healed":0,"gold_gain":0,"cards_transformed":["Defend_B"],"player_choice":"Transformed","damage_taken":0,"max_hp_gain":0,"max_hp_loss":0,"event_name":"Transmorgrifier","floor":3,"gold_loss":0,"cards_obtained":["Defragment"]},{"damage_healed":0,"gold_gain":0,"player_choice":"Read","damage_taken":0,"max_hp_gain":0,"max_hp_loss":0,"event_name":"The Library","floor":21,"gold_loss":0,"cards_obtained":["Consume"]},{"cards_removed":["Strike_B"],"damage_healed":0,"gold_gain":0,"player_choice":"Gave Gold","damage_taken":0,"max_hp_gain":0,"max_hp_loss":0,"event_name":"Beggar","floor":31,"gold_loss":75},{"damage_healed":0,"gold_gain":0,"player_choice":"Fight","damage_taken":0,"max_hp_gain":0,"max_hp_loss":0,"event_name":"Mysterious Sphere","floor":38,"gold_loss":0},{"damage_healed":0,"gold_gain":0,"player_choice":"Memory 1","damage_taken":0,"max_hp_gain":0,"max_hp_loss":0,"event_name":"SensoryStone","floor":42,"gold_loss":0},{"damage_healed":74,"gold_gain":0,"player_choice":"Heal","damage_taken":0,"max_hp_gain":0,"max_hp_loss":11,"event_name":"The Moai Head","floor":44,"gold_loss":0},{"damage_healed":0,"gold_gain":0,"player_choice":"Rummage","damage_taken":0,"relics_obtained":["WarpedTongs"],"max_hp_gain":0,"max_hp_loss":0,"event_name":"Accursed Blacksmith","floor":45,"gold_loss":0,"cards_obtained":["Pain"]}],"is_beta":false,"boss_relics":[{"not_picked":["Snecko Eye","Eternal Feather"],"picked":"Nuclear Battery"},{"not_picked":["Coffee Dripper","Runic Dome"],"picked":"Fusion Hammer"}],"items_purged_floors":[19,53],"is_endless":false,"potions_floor_spawned":[4,5,8,13,16,18,24,25,33,37,40,46,48,54],"ascension_level":6}