{"gold_per_floor":[109,184,184,194,46,46,221,232,232,232,245,62,62,79,79,79],"floor_reached":16,"playtime":887,"items_purged":[],"score":90,"play_id":"e243a1e8-3d12-4071-a014-c1d4364eea3f","local_time":"20180709032449","is_ascension_mode":false,"campfire_choices":[{"data":"True Grit","floor":6,"key":"SMITH"},{"data":"Barricade","floor":10,"key":"SMITH"},{"data":"Inflame","floor":15,"key":"SMITH"}],"neow_cost":"NONE","seed_source_timestamp":56695701002521,"circlet_count":0,"master_deck":["Strike_R","Strike_R","Strike_R","Strike_R","Defend_R","Defend_R","Defend_R","Defend_R","Bash","Barricade+1","True Grit+1","Inflame+1","Shrug It Off","Panache"],"relics":["Burning Blood","Lantern","Darkstone Periapt"],"potions_floor_usage":[16],"damage_taken":[{"damage":5,"enemies":"2 Louse","floor":1,"turns":7},{"damage":8,"enemies":"Jaw Worm","floor":4,"turns":4},{"damage":12,"enemies":"Small Slimes","floor":8,"turns":4},{"damage":3,"enemies":"Red Slaver","floor":11,"turns":6},{"damage":1,"enemies":"Large Slime","floor":14,"turns":7},{"damage":64,"enemies":"Hexaghost","floor":16,"turns":15}],"seed_played":"3205085327896870713","potions_obtained":[{"floor":8,"key":"SkillPotion"}],"is_trial":false,"path_per_floor":["M","?","?","M","$","R","?","M","T","R","M","$","?","M","R"],"character_chosen":"IRONCLAD","items_purchased":["Lantern","Panache"],"campfire_rested":0,"item_purchase_floors":[5,12],"current_hp_per_floor":[80,69,69,67,67,67,67,61,61,61,64,64,57,62,62,0],"gold":79,"neow_bonus":"ONE_RANDOM_RARE_CARD","is_prod":false,"is_daily":false,"chose_seed":false,"campfire_upgraded":3,"win_rate":0.0,"timestamp":1531121089,"path_taken":["M","?","?","?","$","R","?","M","T","R","M","$","?","M","R","BOSS"],"build_version":"2018-07-05","purchased_purges":0,"victory":false,"max_hp_per_floor":[80,80,80,80,80,80,80,80,80,80,80,80,80,80,80,80],"card_choices":[{"not_picked":["Perfected Strike","Havoc"],"picked":"True Grit","floor":1},{"not_picked":["Clothesline","Flex"],"picked":"Inflame","floor":4},{"not_picked":["Twin Strike","Cleave"],"picked":"Shrug It Off","floor":8},{"not_picked":["Berserk","Wild Strike","Sword Boomerang"],"picked":"SKIP","floor":11},{"not_picked":["Sword Boomerang","Cleave","Heavy Blade"],"picked":"SKIP","floor":14}],"player_experience":115336,"relics_obtained":[{"floor":9,"key":"Darkstone Periapt"}],"event_choices":[{"event_name":"World of Goop","player_choice":"Gather Gold","floor":2,"damage_taken":0},{"event_name":"Purifier","player_choice":"One Purge","floor":3,"damage_taken":0},{"event_name":"Liars Game","player_choice":"agreed","floor":7,"damage_taken":0},{"event_name":"Golden Wing","player_choice":"Card Removal","floor":13,"damage_taken":0}],"boss_relics":[],"items_purged_floors":[],"is_endless":false,"potions_floor_spawned":[8],"killed_by":"Hexaghost","ascension_level":0}