{"path_per_floor":["M","?","M","?","M","E","T","M","T","M","M","R","T","M","R","B",null,"M","$","M","M","?"],"character_chosen":"DEFECT","items_purchased":["Mummified Hand","Loop","Steam"],"gold_per_floor":[116,116,135,310,323,356,356,368,392,404,423,423,423,434,434,539,539,559,107,119,137,137,137],"floor_reached":23,"campfire_rested":1,"playtime":692,"item_purchase_floors":[19,19,19],"current_hp_per_floor":[75,68,68,68,68,50,50,24,24,24,24,46,46,40,40,4,75,59,59,59,47,47,0],"items_purged":["Doubt"],"gold":137,"score":234,"play_id":"295eb1e5-be61-4196-af5c-2b071d41b00f","local_time":"20180529042944","is_prod":false,"is_daily":false,"chose_seed":false,"is_ascension_mode":true,"campfire_upgraded":1,"win_rate":0,"timestamp":1527524984,"campfire_choices":[{"floor":12,"key":"REST"},{"data":"Darkness","floor":15,"key":"SMITH"}],"path_taken":["M","?","M","?","M","E","?","?","T","M","M","R","?","M","R","BOSS","M","$","M","M","?","E"],"build_version":"2018-05-27","seed_source_timestamp":19600993046162,"purchased_purges":1,"victory":false,"master_deck":["Strike_B+1","Strike_B+1","Defend_B+1","Defend_B+1","Defend_B+1","Zap","Chill+1","Steam+1","Thunder Strike+1","Beam Cell","Go for the Eyes","Streamline","Darkness+1","Go for the Eyes","Streamline","Beam Cell","Beam Cell","Multi-Cast","Reinforced Body","Loop","Steam","Hologram","Rebound+1"],"max_hp_per_floor":[75,75,75,75,75,75,75,75,75,75,75,75,75,75,75,75,75,75,75,75,75,75,75],"relics":["Astrolabe","Cables","Lantern","DataDisk","Regal Pillow","Sozu","Mummified Hand"],"card_choices":[{"not_picked":["Reinforced Body","Undo"],"picked":"Beam Cell","floor":1},{"not_picked":["Turbo","Hologram"],"picked":"Go for the Eyes","floor":3},{"not_picked":["Recycle","Steam Power"],"picked":"Streamline","floor":5},{"not_picked":["Capacitor","Fission"],"picked":"Darkness","floor":6},{"not_picked":["Capacitor","Coolheaded"],"picked":"Go for the Eyes","floor":8},{"not_picked":["Steam Power","Hologram"],"picked":"Streamline","floor":10},{"not_picked":["Barrage","Streamline"],"picked":"Beam Cell","floor":11},{"not_picked":["Recycle","Steam"],"picked":"Beam Cell","floor":14},{"not_picked":["Reboot","Electrodynamics"],"picked":"Multi-Cast","floor":16},{"not_picked":["Cold Snap","Ball Lightning"],"picked":"Reinforced Body","floor":18},{"not_picked":["Ball Lightning","Sweeping Beam"],"picked":"Hologram","floor":20},{"not_picked":["Steam Power","Reinforced Body"],"picked":"Rebound+1","floor":21}],"player_experience":296869,"potions_floor_usage":[6,14,16,18],"damage_taken":[{"damage":0,"enemies":"2 Louse","floor":1,"turns":3},{"damage":0,"enemies":"Small Slimes","floor":3,"turns":3},{"damage":0,"enemies":"Cultist","floor":5,"turns":4},{"damage":18,"enemies":"Gremlin Nob","floor":6,"turns":4},{"damage":26,"enemies":"Gremlin Gang","floor":8,"turns":5},{"damage":0,"enemies":"Looter","floor":10,"turns":4},{"damage":0,"enemies":"Large Slime","floor":11,"turns":5},{"damage":6,"enemies":"Exordium Wildlife","floor":14,"turns":4},{"damage":36,"enemies":"The Guardian","floor":16,"turns":7},{"damage":16,"enemies":"2 Thieves","floor":18,"turns":5},{"damage":0,"enemies":"3 Byrds","floor":20,"turns":3},{"damage":12,"enemies":"3 Cultists","floor":21,"turns":6},{"damage":49,"enemies":"Slavers","floor":23,"turns":6}],"relics_obtained":[{"floor":6,"key":"Cables"},{"floor":7,"key":"Lantern"},{"floor":9,"key":"DataDisk"},{"floor":13,"key":"Regal Pillow"}],"event_choices":[{"event_name":"Golden Wing","player_choice":"Card Removal","floor":2,"damage_taken":0},{"event_name":"Liars Game","player_choice":"agreed","floor":4,"damage_taken":0},{"event_name":"Back to Basics","player_choice":"Simplicity","floor":22,"damage_taken":0}],"boss_relics":[{"not_picked":["Inserter","Eternal Feather"],"picked":"Sozu"}],"items_purged_floors":[19],"potions_floor_spawned":[1,8,14,16,20],"seed_played":"6045920112760627827","killed_by":"Slavers","ascension_level":4,"potions_obtained":[{"floor":1,"key":"AttackPotion"},{"floor":8,"key":"Swift Potion"},{"floor":14,"key":"SpeedPotion"},{"floor":16,"key":"LiquidBronze"}],"is_trial":false}