{"gold_per_floor":[111,31,46,56,76,105,105,138,188,188,238,313,330,330,330,401,401,414,82,82,32,44,44,73,92,115,140,150,150,7,36,48,60],"floor_reached":33,"playtime":1714,"items_purged":[],"score":626,"play_id":"ee02fe0c-a86e-4e2e-9840-51a40d083dbb","local_time":"20190226212617","is_ascension_mode":true,"campfire_choices":[{"data":"Perfected Strike","floor":7,"key":"SMITH"},{"floor":15,"key":"REST"},{"floor":23,"key":"REST"},{"floor":32,"key":"REST"}],"neow_cost":"NONE","seed_source_timestamp":0,"circlet_count":0,"master_deck":["AscendersBane","Strike_R","Strike_R","Strike_R","Strike_R","Strike_R","Defend_R","Defend_R","Defend_R","Defend_R","Bash","Pommel Strike","Hemokinesis","Iron Wave","Pommel Strike","Combust","Perfected Strike+1","Limit Break","Iron Wave+1","Armaments+1","Shrug It Off","Headbutt+1","Disarm","Clothesline","Blind","Double Tap"],"special_seed":0,"relics":["Burning Blood","Ancient Tea Set","Anchor","Self Forming Clay","Orichalcum","Fusion Hammer","Lantern","MutagenicStrength","Vajra","Red Skull","Boot","MawBank"],"potions_floor_usage":[6,16,18,24,25,33,33],"damage_taken":[{"damage":14,"enemies":"Jaw Worm","floor":1,"turns":5},{"damage":3,"enemies":"Small Slimes","floor":3,"turns":3},{"damage":5,"enemies":"2 Louse","floor":4,"turns":2},{"damage":16,"enemies":"2 Fungi Beasts","floor":5,"turns":3},{"damage":29,"enemies":"Lagavulin","floor":6,"turns":7},{"damage":14,"enemies":"3 Sentries","floor":8,"turns":4},{"damage":11,"enemies":"Exordium Wildlife","floor":13,"turns":6},{"damage":26,"enemies":"Slime Boss","floor":16,"turns":7},{"damage":16,"enemies":"Spheric Guardian","floor":18,"turns":4},{"damage":11,"enemies":"Shell Parasite","floor":22,"turns":4},{"damage":28,"enemies":"Book of Stabbing","floor":24,"turns":5},{"damage":1,"enemies":"Snake Plant","floor":25,"turns":2},{"damage":20,"enemies":"Gremlin Leader","floor":27,"turns":5},{"damage":15,"enemies":"Sentry and Sphere","floor":28,"turns":4},{"damage":15,"enemies":"Book of Stabbing","floor":31,"turns":4},{"damage":62,"enemies":"Champ","floor":33,"turns":8}],"seed_played":"-2454208682777739477","potions_obtained":[{"floor":3,"key":"SneckoOil"},{"floor":5,"key":"Fire Potion"},{"floor":13,"key":"FearPotion"},{"floor":18,"key":"GamblersBrew"},{"floor":27,"key":"EssenceOfSteel"}],"is_trial":false,"path_per_floor":["M","$","M","M","M","E","R","E","T","?","?","?","M","?","R","B",null,"M","$","?","?","M","R","E","M","T","E","M","?","$","E","R","B"],"character_chosen":"IRONCLAD","items_purchased":["Hemokinesis","Lantern","Armaments","Shrug It Off","Fire Potion","Blind","SpeedPotion"],"campfire_rested":3,"item_purchase_floors":[2,19,19,19,19,30,30],"current_hp_per_floor":[60,60,63,64,54,31,31,23,23,28,28,17,12,12,36,16,64,54,54,54,54,49,73,51,56,56,42,33,33,33,24,48,0],"gold":60,"neow_bonus":"RANDOM_COMMON_RELIC","is_prod":false,"is_daily":false,"chose_seed":false,"campfire_upgraded":1,"win_rate":0,"timestamp":1551169577,"path_taken":["M","$","M","M","M","E","R","E","T","?","?","?","M","?","R","BOSS","M","$","?","?","M","R","E","M","T","E","?","?","$","E","R","BOSS"],"build_version":"2019-01-23","purchased_purges":0,"victory":false,"max_hp_per_floor":[75,75,75,75,75,75,75,75,75,80,80,80,80,80,80,80,80,80,80,80,80,80,80,80,80,80,80,80,80,80,80,80,80],"card_choices":[{"not_picked":["True Grit","Reckless Charge"],"picked":"Pommel Strike","floor":1},{"not_picked":["Pommel Strike","Sword Boomerang"],"picked":"Iron Wave","floor":3},{"not_picked":["Entrench","Twin Strike"],"picked":"Pommel Strike","floor":4},{"not_picked":["Twin Strike","Rampage"],"picked":"Combust","floor":5},{"not_picked":["Barricade","Seeing Red"],"picked":"Perfected Strike","floor":6},{"not_picked":["Bloodletting","Flex","Havoc"],"picked":"SKIP","floor":8},{"not_picked":["Thunderclap","Seeing Red","Body Slam"],"picked":"SKIP","floor":13},{"not_picked":["Barricade","Brutality"],"picked":"Limit Break","floor":16},{"not_picked":["Sword Boomerang","Rage"],"picked":"Iron Wave+1","floor":18},{"not_picked":["Cleave","Shrug It Off"],"picked":"Headbutt+1","floor":22},{"not_picked":["Thunderclap","Pummel","Infernal Blade+1"],"picked":"SKIP","floor":24},{"not_picked":["Thunderclap","Pummel","Infernal Blade+1"],"picked":"SKIP","floor":24},{"not_picked":["Thunderclap","Pummel","Infernal Blade+1"],"picked":"SKIP","floor":24},{"not_picked":["Reckless Charge","Perfected Strike"],"picked":"Disarm","floor":25},{"not_picked":["Hemokinesis","Entrench"],"picked":"Clothesline","floor":27},{"not_picked":["Clothesline","Clash","Sever Soul"],"picked":"SKIP","floor":28},{"not_picked":["Fire Breathing","Clothesline"],"picked":"Double Tap","floor":31}],"player_experience":459202,"relics_obtained":[{"floor":6,"key":"Anchor"},{"floor":8,"key":"Self Forming Clay"},{"floor":9,"key":"Orichalcum"},{"floor":24,"key":"Vajra"},{"floor":26,"key":"Red Skull"},{"floor":27,"key":"Boot"},{"floor":31,"key":"MawBank"}],"event_choices":[{"damage_healed":0,"gold_gain":0,"player_choice":"Donut","damage_taken":0,"max_hp_gain":5,"max_hp_loss":0,"event_name":"Big Fish","floor":10,"gold_loss":0},{"damage_healed":0,"gold_gain":50,"player_choice":"Gained Gold","damage_taken":0,"max_hp_gain":0,"max_hp_loss":0,"event_name":"Golden Wing","floor":11,"gold_loss":0},{"damage_healed":0,"gold_gain":75,"player_choice":"Gather Gold","damage_taken":11,"max_hp_gain":0,"max_hp_loss":0,"event_name":"World of Goop","floor":12,"gold_loss":0},{"damage_healed":0,"gold_gain":0,"player_choice":"Fled","damage_taken":0,"max_hp_gain":0,"max_hp_loss":0,"event_name":"Scrap Ooze","floor":14,"gold_loss":0},{"damage_healed":0,"gold_gain":0,"player_choice":"Inject Mutagens","damage_taken":0,"relics_obtained":["MutagenicStrength"],"max_hp_gain":0,"max_hp_loss":0,"event_name":"Drug Dealer","floor":20,"gold_loss":0},{"damage_healed":0,"gold_gain":0,"player_choice":"Upgrade","damage_taken":0,"max_hp_gain":0,"max_hp_loss":0,"event_name":"Designer","floor":21,"gold_loss":50,"cards_upgraded":["Armaments"]},{"damage_healed":0,"gold_gain":0,"player_choice":"Ignored","damage_taken":0,"max_hp_gain":0,"max_hp_loss":0,"event_name":"The Mausoleum","floor":29,"gold_loss":0}],"is_beta":false,"boss_relics":[{"not_picked":["Black Star","Runic Dome"],"picked":"Fusion Hammer"}],"items_purged_floors":[],"is_endless":false,"potions_floor_spawned":[3,5,13,18,27,31],"killed_by":"Champ","ascension_level":20}