{"gold_per_floor":[213,33,46,46,58,58,84,103,149,149,74,74,74,99,99,173,173,186,81,92,17,67,96,96,112,112,128,145,145,45,45,45,45],"floor_reached":33,"playtime":2542,"items_purged":["Strike_R","Strike_R"],"score":546,"play_id":"64c28754-f1ad-4c67-9d89-0075405dd773","local_time":"20190126214226","is_ascension_mode":true,"campfire_choices":[{"data":"Apotheosis","floor":6,"key":"SMITH"},{"data":"Spot Weakness","floor":13,"key":"SMITH"},{"data":"Disarm","floor":15,"key":"SMITH"},{"data":"Limit Break","floor":24,"key":"SMITH"},{"data":"Exhume","floor":29,"key":"SMITH"},{"data":"Shrug It Off","floor":32,"key":"SMITH"}],"neow_cost":"NONE","seed_source_timestamp":43671514489011,"circlet_count":0,"master_deck":["AscendersBane","Strike_R","Defend_R","Defend_R","Defend_R","Defend_R","Bash+1","Metallicize+1","Apotheosis+1","Spot Weakness+1","Headbutt","Cleave","Disarm+1","Exhume+1","Limit Break+1","Sword Boomerang","Shrug It Off+1","Headbutt","Havoc+1"],"relics":["Burning Blood","Letter Opener","Potion Belt","Boot","Coffee Dripper","Vajra","Happy Flower"],"potions_floor_usage":[14,18,20,33,33],"damage_taken":[{"damage":1,"enemies":"2 Louse","floor":1,"turns":4},{"damage":1,"enemies":"Jaw Worm","floor":3,"turns":6},{"damage":3,"enemies":"Small Slimes","floor":5,"turns":4},{"damage":38,"enemies":"Lagavulin","floor":7,"turns":10},{"damage":2,"enemies":"3 Louse","floor":8,"turns":4},{"damage":6,"enemies":"3 Sentries","floor":14,"turns":6},{"damage":15,"enemies":"The Guardian","floor":16,"turns":12},{"damage":24,"enemies":"2 Thieves","floor":18,"turns":4},{"damage":8,"enemies":"Chosen","floor":20,"turns":5},{"damage":27,"enemies":"Gremlin Leader","floor":23,"turns":5},{"damage":18,"enemies":"3 Cultists","floor":25,"turns":4},{"damage":9,"enemies":"Centurion and Healer","floor":27,"turns":8},{"damage":7,"enemies":"Snecko","floor":28,"turns":7},{"damage":51,"enemies":"Automaton","floor":33,"turns":6}],"seed_played":"6690027499241257475","potions_obtained":[{"floor":5,"key":"SneckoOil"},{"floor":7,"key":"AttackPotion"},{"floor":16,"key":"SpeedPotion"},{"floor":18,"key":"Fire Potion"},{"floor":28,"key":"Fire Potion"}],"is_trial":false,"path_per_floor":["M","$","M","?","M","R","E","M","T","?","?","$","R","E","R","B",null,"M","$","M","?","?","E","R","M","T","M","M","R","$","$","R","B"],"character_chosen":"IRONCLAD","items_purchased":["Apotheosis","Shrug It Off"],"campfire_rested":0,"item_purchase_floors":[2,19],"current_hp_per_floor":[73,73,75,52,55,55,23,27,27,32,32,32,32,32,32,23,66,48,48,46,46,46,25,25,13,13,10,9,9,9,9,9,0],"gold":45,"neow_bonus":"HUNDRED_GOLD","is_prod":false,"is_daily":false,"chose_seed":false,"campfire_upgraded":6,"win_rate":0,"timestamp":1548492146,"path_taken":["M","$","M","?","M","R","E","M","T","?","?","$","R","E","R","BOSS","M","$","M","?","?","E","R","?","T","?","?","R","?","$","R","BOSS"],"build_version":"2019-01-23","purchased_purges":2,"victory":false,"max_hp_per_floor":[75,75,75,75,75,75,75,75,75,80,80,80,80,80,80,80,80,80,80,80,80,80,80,80,80,80,80,80,80,80,80,80,80],"card_choices":[{"not_picked":["Thunderclap","True Grit"],"picked":"Metallicize","floor":1},{"not_picked":["Pommel Strike","Intimidate"],"picked":"Spot Weakness","floor":3},{"not_picked":["Second Wind","Rupture"],"picked":"Headbutt","floor":5},{"not_picked":["Shockwave","Burning Pact"],"picked":"Cleave","floor":7},{"not_picked":["Searing Blow","Bloodletting"],"picked":"Disarm","floor":8},{"not_picked":["Searing Blow","Iron Wave"],"picked":"Exhume","floor":14},{"not_picked":["Double Tap","Demon Form"],"picked":"Limit Break","floor":16},{"not_picked":["Dual Wield","Fire Breathing+1"],"picked":"Sword Boomerang","floor":18},{"not_picked":["Perfected Strike+1","Uppercut"],"picked":"Headbutt","floor":20},{"not_picked":["Searing Blow","Flex"],"picked":"Havoc+1","floor":23},{"not_picked":["Body Slam","Armaments","Searing Blow"],"picked":"SKIP","floor":25},{"not_picked":["Bloodletting","Sentinel","Wild Strike"],"picked":"SKIP","floor":27},{"not_picked":["Body Slam","Infernal Blade","Corruption"],"picked":"SKIP","floor":28}],"player_experience":83061,"relics_obtained":[{"floor":7,"key":"Letter Opener"},{"floor":9,"key":"Potion Belt"},{"floor":14,"key":"Boot"},{"floor":23,"key":"Vajra"},{"floor":26,"key":"Happy Flower"}],"event_choices":[{"damage_healed":0,"gold_gain":0,"player_choice":"Entered Light","damage_taken":23,"max_hp_gain":0,"max_hp_loss":0,"event_name":"Shining Light","floor":4,"gold_loss":0,"cards_upgraded":["Bash","Metallicize"]},{"damage_healed":0,"gold_gain":0,"player_choice":"Donut","damage_taken":0,"max_hp_gain":5,"max_hp_loss":0,"event_name":"Big Fish","floor":10,"gold_loss":0},{"cards_removed":["Strike_R"],"damage_healed":0,"gold_gain":0,"player_choice":"Card Removal","damage_taken":0,"max_hp_gain":0,"max_hp_loss":0,"event_name":"The Cleric","floor":11,"gold_loss":75},{"cards_removed":["Strike_R"],"damage_healed":0,"gold_gain":0,"player_choice":"Gave Gold","damage_taken":0,"max_hp_gain":0,"max_hp_loss":0,"event_name":"Beggar","floor":21,"gold_loss":75},{"damage_healed":0,"gold_gain":50,"player_choice":"Stole From Cult","damage_taken":0,"max_hp_gain":0,"max_hp_loss":0,"event_name":"Nest","floor":22,"gold_loss":0}],"is_beta":false,"boss_relics":[{"not_picked":["Empty Cage","Astrolabe"],"picked":"Coffee Dripper"}],"items_purged_floors":[19,30],"is_endless":false,"potions_floor_spawned":[5,7,16,18,28],"killed_by":"Automaton","ascension_level":20}