{"gold_per_floor":[115,115,40,56,56,83,83,118,142,142,156,156,156,168,168,240,240,258,275,225,64,83,83,93,118,143,143,143,56,56,66,66,145,145,155,155,155,155,74,74,107,107,107,138,38,38,57,73,73,73,73],"floor_reached":52,"playtime":2599,"items_purged":["Strike_G","Strike_G"],"score":1943,"play_id":"70661c60-8363-48f8-a758-47a84bc9ff3b","local_time":"20190302123407","is_ascension_mode":true,"campfire_choices":[{"data":"Crippling Poison","floor":7.0,"key":"SMITH"},{"floor":10.0,"key":"REST"},{"floor":15.0,"key":"REST"},{"floor":23.0,"key":"REST"},{"floor":27.0,"key":"REST"},{"data":"Wraith Form v2","floor":30.0,"key":"SMITH"},{"data":"Catalyst","floor":32.0,"key":"SMITH"},{"floor":40,"key":"REST"},{"data":"Adrenaline","floor":42,"key":"SMITH"},{"floor":46,"key":"REST"},{"floor":49,"key":"REST"}],"neow_cost":"NONE","seed_source_timestamp":0,"circlet_count":0,"master_deck":["AscendersBane","Defend_G","Defend_G+1","Defend_G","Defend_G","Defend_G","Survivor","Neutralize","Crippling Poison+1","Deadly Poison","Well Laid Plans","Noxious Fumes","Dagger Spray","Corpse Explosion","Wraith Form v2+1","Adrenaline+1","Backflip","Catalyst+1","Escape Plan","After Image","Deadly Poison+1","Catalyst+1","Concentrate","Leg Sweep","Backflip","Deflect","Deflect+1","Dodge and Roll","Backflip+1"],"special_seed":0,"relics":["Ring of the Snake","NeowsBlessing","Snake Skull","Shuriken","Blood Vial","Runic Pyramid","Dream Catcher","Boot","Regal Pillow","Black Star","Ancient Tea Set","War Paint","Pear","Shovel","Pen Nib"],"potions_floor_usage":[50,51],"damage_taken":[{"damage":0.0,"enemies":"Cultist","floor":1.0,"turns":1.0},{"damage":0.0,"enemies":"2 Louse","floor":4.0,"turns":1.0},{"damage":0.0,"enemies":"Gremlin Nob","floor":6.0,"turns":1.0},{"damage":41.0,"enemies":"3 Sentries","floor":8.0,"turns":13.0},{"damage":0.0,"enemies":"Small Slimes","floor":11.0,"turns":2.0},{"damage":15.0,"enemies":"Gremlin Gang","floor":14.0,"turns":3.0},{"damage":27.0,"enemies":"The Guardian","floor":16.0,"turns":9.0},{"damage":4.0,"enemies":"3 Byrds","floor":18.0,"turns":3.0},{"damage":17.0,"enemies":"2 Thieves","floor":19.0,"turns":4.0},{"damage":7.0,"enemies":"3 Cultists","floor":22.0,"turns":3.0},{"damage":9.0,"enemies":"Snake Plant","floor":24.0,"turns":5.0},{"damage":17.0,"enemies":"Slavers","floor":25.0,"turns":3.0},{"damage":0.0,"enemies":"Snecko","floor":31.0,"turns":4.0},{"damage":44,"enemies":"Champ","floor":33,"turns":10},{"damage":11,"enemies":"3 Darklings","floor":35,"turns":4},{"damage":22,"enemies":"Nemesis","floor":41,"turns":5},{"damage":32,"enemies":"Reptomancer","floor":44,"turns":4},{"damage":0,"enemies":"3 Shapes","floor":47,"turns":3},{"damage":31,"enemies":"Spire Growth","floor":48,"turns":5},{"damage":42,"enemies":"Time Eater","floor":50,"turns":7},{"damage":23,"enemies":"Donu and Deca","floor":51,"turns":7}],"seed_played":"6275197239468650576","potions_obtained":[{"floor":1.0,"key":"Explosive Potion"},{"floor":4.0,"key":"Energy Potion"},{"floor":13.0,"key":"SteroidPotion"},{"floor":31.0,"key":"Ancient Potion"},{"floor":47,"key":"Block Potion"}],"is_trial":false,"path_per_floor":["M","$","?","M","$","E","R","E","T","R","M","?","?","M","R","B",null,"M","M","?","$","M","R","M","E","T","R","?","?","R","M","R","B",null,"M","?","?","?","$","R","E","R","T","E","$","R","M","M","R","B","B",null],"character_chosen":"THE_SILENT","items_purchased":["GhostInAJar","Catalyst"],"campfire_rested":7,"item_purchase_floors":[21,39],"current_hp_per_floor":[59,59,59,59,59,59,59,18,18,37,39,32,32,19,38,13,53,51,36,36,36,31,50,43,28,28,47,47,47,47,49,49,7,51,42,42,42,42,42,66,44,44,54,24,24,61,63,34,71,31,10],"gold":73,"neow_bonus":"THREE_ENEMY_KILL","is_prod":false,"is_daily":false,"chose_seed":false,"campfire_upgraded":4,"win_rate":0,"timestamp":1551558847,"path_taken":["M","?","?","M","$","E","R","E","T","R","M","?","?","?","R","BOSS","M","M","?","?","M","R","?","E","T","R","?","?","R","?","R","BOSS","M","?","?","?","$","R","E","R","T","E","$","R","?","M","R","BOSS","BOSS"],"build_version":"2019-01-23","purchased_purges":2,"victory":true,"max_hp_per_floor":[66,66,66,66,66,66,66,66,66,66,66,66,66,66,66,66,66,66,66,66,66,66,66,66,66,66,66,66,66,66,66,66,66,66,66,66,66,66,66,66,66,66,76,76,76,76,76,76,76,76,76],"card_choices":[{"not_picked":["Accuracy","Riddle With Holes","Masterful Stab"],"picked":"SKIP","floor":1.0},{"not_picked":["Sucker Punch","Underhanded Strike"],"picked":"Crippling Poison","floor":4.0},{"not_picked":["Outmaneuver","Prepared"],"picked":"Deadly Poison","floor":6.0},{"not_picked":["Prepared","Dagger Spray"],"picked":"Well Laid Plans","floor":8.0},{"not_picked":["Poisoned Stab","PiercingWail"],"picked":"Noxious Fumes","floor":11.0},{"not_picked":["Underhanded Strike","Dodge and Roll"],"picked":"Dagger Spray","floor":14.0},{"not_picked":["Venomology","Phantasmal Killer"],"picked":"Corpse Explosion","floor":16.0},{"not_picked":["Finisher","Sucker Punch","Quick Slash"],"picked":"SKIP","floor":18.0},{"not_picked":["Backflip","Dodge and Roll"],"picked":"Wraith Form v2","floor":19.0},{"not_picked":["Reflex","Acrobatics","Poisoned Stab"],"picked":"SKIP","floor":22.0},{"not_picked":["Blade Dance","Masterful Stab"],"picked":"Adrenaline","floor":24.0},{"not_picked":["Crippling Poison","Infinite Blades","Dodge and Roll"],"picked":"SKIP","floor":25.0},{"not_picked":["Dash+1","Flechettes"],"picked":"Backflip","floor":27.0},{"not_picked":["Infinite Blades","Quick Slash"],"picked":"Escape Plan","floor":31.0},{"not_picked":["Phantasmal Killer","Die Die Die"],"picked":"After Image","floor":33},{"not_picked":["Acrobatics","Underhanded Strike"],"picked":"Deadly Poison+1","floor":35},{"not_picked":["Poisoned Stab+1","Blade Dance+1"],"picked":"Concentrate","floor":40},{"not_picked":["Choke","Terror+1"],"picked":"Leg Sweep","floor":41},{"not_picked":["Catalyst","Distraction"],"picked":"Backflip","floor":44},{"not_picked":["Sucker Punch","Well Laid Plans"],"picked":"Deflect","floor":46},{"not_picked":["Blur","Night Terror"],"picked":"Deflect+1","floor":47},{"not_picked":["Backstab","Bane"],"picked":"Dodge and Roll","floor":48},{"not_picked":["Dagger Throw","Noxious Fumes"],"picked":"Backflip+1","floor":49}],"player_experience":321892,"relics_obtained":[{"floor":6.0,"key":"Snake Skull"},{"floor":8.0,"key":"Shuriken"},{"floor":9.0,"key":"Blood Vial"},{"floor":25.0,"key":"Dream Catcher"},{"floor":26.0,"key":"Boot"},{"floor":41,"key":"Ancient Tea Set"},{"floor":41,"key":"War Paint"},{"floor":43,"key":"Pear"},{"floor":44,"key":"Shovel"},{"floor":44,"key":"Pen Nib"}],"event_choices":[{"cards_removed":["Strike_G"],"damage_healed":0.0,"max_hp_gain":0.0,"max_hp_loss":0.0,"gold_gain":0.0,"event_name":"The Cleric","player_choice":"Card Removal","floor":3.0,"gold_loss":75.0,"damage_taken":0.0},{"cards_removed":["Strike_G"],"damage_healed":0.0,"max_hp_gain":0.0,"max_hp_loss":0.0,"gold_gain":0.0,"event_name":"Golden Wing","player_choice":"Card Removal","floor":12.0,"gold_loss":0.0,"damage_taken":7.0},{"damage_healed":0.0,"max_hp_gain":0.0,"max_hp_loss":0.0,"gold_gain":0.0,"event_name":"Lab","player_choice":"Got Potions","floor":13.0,"gold_loss":0.0,"damage_taken":0.0},{"damage_healed":0.0,"max_hp_gain":0.0,"max_hp_loss":0.0,"gold_gain":0.0,"event_name":"The Joust","player_choice":"Bet on Owner","floor":20.0,"gold_loss":50.0,"damage_taken":0.0},{"damage_healed":0.0,"max_hp_gain":0.0,"max_hp_loss":0.0,"gold_gain":0.0,"event_name":"The Library","player_choice":"Read","floor":28.0,"gold_loss":0.0,"damage_taken":0.0,"cards_obtained":["Catalyst"]},{"damage_healed":0.0,"max_hp_gain":0.0,"max_hp_loss":0.0,"gold_gain":0.0,"event_name":"WeMeetAgain","player_choice":"Paid Gold","floor":29.0,"gold_loss":87.0,"damage_taken":0.0,"relics_obtained":["Regal Pillow"]},{"damage_healed":0,"gold_gain":0,"player_choice":"Ignored","damage_taken":0,"max_hp_gain":0,"max_hp_loss":0,"event_name":"Tomb of Lord Red Mask","floor":36,"gold_loss":0},{"damage_healed":0,"gold_gain":0,"player_choice":"Ignored","damage_taken":0,"max_hp_gain":0,"max_hp_loss":0,"event_name":"Mysterious Sphere","floor":37,"gold_loss":0},{"cards_removed":["Strike_G"],"damage_healed":0,"gold_gain":0,"player_choice":"Purged","damage_taken":0,"max_hp_gain":0,"max_hp_loss":0,"event_name":"Purifier","floor":38,"gold_loss":0}],"is_beta":false,"boss_relics":[{"not_picked":["Astrolabe","Empty Cage"],"picked":"Runic Pyramid"},{"not_picked":["Snecko Eye","Tiny House"],"picked":"Black Star"}],"items_purged_floors":[21,45],"is_endless":false,"potions_floor_spawned":[1,4,6,24,31,33,44,47],"ascension_level":20}