{"gold_per_floor":[113,130,230,230,41,69,86,86,86,103,116,136,10,29,29,29],"floor_reached":16,"playtime":1296,"items_purged":["Strike_R"],"score":104,"play_id":"e8d07ba6-752b-4db5-a5f1-1a0ab21069da","local_time":"20180628015340","is_ascension_mode":false,"campfire_choices":[{"data":"True Grit","floor":8,"key":"SMITH"},{"floor":15,"key":"REST"}],"neow_cost":"NONE","seed_source_timestamp":46696482292623,"circlet_count":0,"master_deck":["Strike_R","Strike_R","Strike_R","Strike_R","Defend_R","Defend_R","Defend_R","Defend_R","Bash","True Grit+1","Armaments","Master of Strategy","Searing Blow","Spot Weakness","Burning Pact","Searing Blow","Havoc","Headbutt"],"relics":["Burning Blood","Potion Belt","Red Skull","Lantern","Letter Opener"],"potions_floor_usage":[12,16],"damage_taken":[{"damage":8,"enemies":"Jaw Worm","floor":1,"turns":4},{"damage":5,"enemies":"Cultist","floor":2,"turns":5},{"damage":32,"enemies":"Gremlin Nob","floor":6,"turns":5},{"damage":2,"enemies":"2 Louse","floor":7,"turns":2},{"damage":4,"enemies":"2 Fungi Beasts","floor":10,"turns":3},{"damage":18,"enemies":"Large Slime","floor":11,"turns":7},{"damage":18,"enemies":"Exordium Wildlife","floor":12,"turns":5},{"damage":8,"enemies":"Red Slaver","floor":14,"turns":4},{"damage":54,"enemies":"The Guardian","floor":16,"turns":11}],"seed_played":"-4975712112593259284","potions_obtained":[{"floor":6,"key":"BloodPotion"},{"floor":11,"key":"Ancient Potion"},{"floor":12,"key":"Explosive Potion"}],"is_trial":false,"path_per_floor":["M","M","?","?","$","E","M","R","T","M","M","M","$","M","R"],"character_chosen":"IRONCLAD","items_purchased":["Master of Strategy","Havoc"],"campfire_rested":1,"item_purchase_floors":[5,13],"current_hp_per_floor":[78,79,79,67,67,41,45,45,45,47,35,31,31,29,53,0],"gold":29,"neow_bonus":"RANDOM_COMMON_RELIC","is_prod":false,"is_daily":false,"chose_seed":false,"campfire_upgraded":1,"win_rate":0.0,"timestamp":1530165220,"path_taken":["M","M","?","?","?","E","M","R","T","?","M","M","$","M","R","BOSS"],"build_version":"2018-06-21v2","purchased_purges":1,"victory":false,"max_hp_per_floor":[80,80,80,80,80,80,80,80,80,80,80,80,80,80,80,80],"card_choices":[{"not_picked":["Flame Barrier","Uppercut"],"picked":"True Grit","floor":1},{"not_picked":["Cleave","Twin Strike"],"picked":"Armaments","floor":2},{"not_picked":["Reckless Charge","Second Wind"],"picked":"Searing Blow","floor":6},{"not_picked":["Shrug It Off","Wild Strike"],"picked":"Spot Weakness","floor":7},{"not_picked":["Cleave","Pommel Strike"],"picked":"Burning Pact","floor":10},{"not_picked":["Reaper","Perfected Strike"],"picked":"Searing Blow","floor":11},{"not_picked":["Second Wind","Dual Wield","Rampage"],"picked":"SKIP","floor":12},{"not_picked":["Cleave","Sentinel"],"picked":"Headbutt","floor":14}],"player_experience":63912,"relics_obtained":[{"floor":6,"key":"Lantern"},{"floor":9,"key":"Letter Opener"}],"event_choices":[{"event_name":"Wheel of Change","player_choice":"Gold","floor":3,"damage_taken":0},{"event_name":"Scrap Ooze","player_choice":"success","floor":4,"damage_taken":12}],"boss_relics":[],"items_purged_floors":[13],"is_endless":false,"potions_floor_spawned":[6,11,12],"killed_by":"The Guardian","ascension_level":0}