{"gold_per_floor":[117,131,55,68,68,68,93,93,116,116,136,161,6,6,6,108,108,121,36,36,51,68,68,88,88,166,41,41,41,18,50,50,146,146,162,162,176,192,192,226,226,237,237,237,248,32,32,49,49,49],"floor_reached":51,"playtime":3471,"items_purged":["Strike_G","Doubt"],"score":1120,"play_id":"b83dc7dd-ceb4-45de-9c88-1a4338746320","local_time":"20190203234916","is_ascension_mode":true,"campfire_choices":[{"data":"Predator","floor":6.0,"key":"SMITH"},{"data":"Neutralize","floor":8.0,"key":"SMITH"},{"data":"Crippling Poison","floor":10.0,"key":"SMITH"},{"data":"Well Laid Plans","floor":15.0,"key":"SMITH"},{"data":"Footwork","floor":23.0,"key":"SMITH"},{"data":"Ghostly","floor":28.0,"key":"SMITH"},{"data":"Ghostly","floor":32.0,"key":"SMITH"},{"data":"Noxious Fumes","floor":41,"key":"SMITH"},{"data":"Ghostly","floor":47,"key":"SMITH"},{"data":"Ghostly","floor":49,"key":"SMITH"}],"neow_cost":"NONE","seed_source_timestamp":0,"circlet_count":0,"master_deck":["AscendersBane","Survivor","Neutralize+1","Cloak And Dagger","Predator+1","Well Laid Plans+1","Crippling Poison+1","PiercingWail","Quick Slash","Dagger Spray","Adrenaline","Footwork+1","Ghostly+1","Ghostly+1","Ghostly","Ghostly+1","Ghostly+1","Deadly Poison","Poisoned Stab","PiercingWail","Tactician","Doppelganger","Crippling Poison","Endless Agony","Corpse Explosion","Tools of the Trade","Sucker Punch","Glass Knife","Noxious Fumes+1","Distraction+1","PiercingWail","Footwork","PiercingWail"],"special_seed":0,"relics":["Ring of the Snake","Bag of Marbles","PreservedInsect","Lantern","Pear","Snake Skull","Busted Crown","Calipers","Kunai","Blue Candle","Pandora\u0027s Box","Mercury Hourglass","Darkstone Periapt"],"potions_floor_usage":[50],"damage_taken":[{"damage":8.0,"enemies":"2 Louse","floor":1.0,"turns":5.0},{"damage":4.0,"enemies":"Small Slimes","floor":2.0,"turns":6.0},{"damage":0.0,"enemies":"Cultist","floor":4.0,"turns":3.0},{"damage":28.0,"enemies":"Lagavulin","floor":7.0,"turns":7.0},{"damage":0.0,"enemies":"Exordium Thugs","floor":11.0,"turns":4.0},{"damage":9.0,"enemies":"Gremlin Nob","floor":12.0,"turns":4.0},{"damage":17.0,"enemies":"Slime Boss","floor":16.0,"turns":10.0},{"damage":0.0,"enemies":"2 Thieves","floor":18.0,"turns":4.0},{"damage":1.0,"enemies":"Spheric Guardian","floor":21.0,"turns":4.0},{"damage":12.0,"enemies":"Snake Plant","floor":22.0,"turns":4.0},{"damage":0.0,"enemies":"Cultist and Chosen","floor":24.0,"turns":7.0},{"damage":3.0,"enemies":"Slavers","floor":31.0,"turns":2.0},{"damage":40.0,"enemies":"Champ","floor":33.0,"turns":17.0},{"damage":0,"enemies":"3 Darklings","floor":35,"turns":2},{"damage":2,"enemies":"Orb Walker","floor":37,"turns":4},{"damage":5,"enemies":"Spire Growth","floor":38,"turns":5},{"damage":5,"enemies":"Reptomancer","floor":40,"turns":5},{"damage":3,"enemies":"Transient","floor":42,"turns":5},{"damage":1,"enemies":"Maw","floor":45,"turns":7},{"damage":0,"enemies":"4 Shapes","floor":48,"turns":5},{"damage":30,"enemies":"Time Eater","floor":50,"turns":15}],"seed_played":"-1164225763984444799","potions_obtained":[{"floor":7.0,"key":"Regen Potion"},{"floor":11.0,"key":"Fruit Juice"},{"floor":12.0,"key":"SteroidPotion"},{"floor":18.0,"key":"SpeedPotion"},{"floor":33.0,"key":"SpeedPotion"},{"floor":48,"key":"EssenceOfSteel"}],"is_trial":false,"path_per_floor":["M","M","$","M","?","R","E","R","T","R","M","E","$","?","R","B",null,"M","?","$","M","M","R","M","?","T","$","R","?","$","E","R","B",null,"M","$","M","M","?","E","R","M","T","?","M","$","R","M","R","B",null],"character_chosen":"THE_SILENT","items_purchased":["Well Laid Plans","Snake Skull","Deadly Poison","Poisoned Stab","Footwork","PiercingWail"],"campfire_rested":0,"item_purchase_floors":[3,13,27,30,46,46],"current_hp_per_floor":[55,51,51,51,56,56,28,28,28,28,28,46,46,46,46,29,75,75,75,75,74,62,62,62,45,45,45,45,45,45,42,42,2,34,34,34,32,27,27,22,22,19,19,51,50,50,50,50,50,20],"gold":49,"neow_bonus":"RANDOM_COMMON_RELIC","is_prod":false,"is_daily":false,"chose_seed":false,"campfire_upgraded":10,"win_rate":0,"timestamp":1549190956,"path_taken":["M","M","$","M","?","R","E","R","T","R","M","E","$","?","R","BOSS","M","?","$","M","M","R","M","?","T","$","R","?","$","E","R","BOSS","M","$","M","M","?","E","R","?","T","?","M","$","R","M","R","BOSS"],"build_version":"2019-01-23","purchased_purges":2,"victory":true,"max_hp_per_floor":[70,70,70,70,75,75,75,75,75,75,75,90,90,90,90,90,90,90,90,90,90,90,90,90,45,45,45,45,45,45,45,45,45,45,45,45,45,45,45,45,45,45,45,51,51,51,51,51,51,51],"card_choices":[{"not_picked":["Slice","Prepared"],"picked":"Cloak And Dagger","floor":1.0},{"not_picked":["Deadly Poison","Backflip"],"picked":"Predator","floor":2.0},{"not_picked":["Noxious Fumes","Acrobatics"],"picked":"Crippling Poison","floor":4.0},{"not_picked":["Unload","Quick Slash"],"picked":"PiercingWail","floor":7.0},{"not_picked":["Underhanded Strike","Sucker Punch"],"picked":"Quick Slash","floor":11.0},{"not_picked":["Unload","Quick Slash"],"picked":"Dagger Spray","floor":12.0},{"not_picked":["Die Die Die","Doppelganger"],"picked":"Adrenaline","floor":16.0},{"not_picked":["Slice"],"picked":"SKIP","floor":18.0},{"not_picked":["Prepared"],"picked":"SKIP","floor":21.0},{"not_picked":[],"picked":"Footwork","floor":22.0},{"not_picked":["Underhanded Strike+1"],"picked":"SKIP","floor":24.0},{"not_picked":["Tactician"],"picked":"SKIP","floor":31.0},{"not_picked":[],"picked":"Noxious Fumes","floor":35},{"not_picked":["Sucker Punch"],"picked":"SKIP","floor":37},{"not_picked":["Endless Agony"],"picked":"SKIP","floor":38},{"not_picked":[],"picked":"Distraction+1","floor":40},{"not_picked":["Slice"],"picked":"SKIP","floor":42},{"not_picked":[],"picked":"PiercingWail","floor":45},{"not_picked":["Blade Dance"],"picked":"SKIP","floor":48}],"player_experience":175015,"relics_obtained":[{"floor":7.0,"key":"PreservedInsect"},{"floor":9.0,"key":"Lantern"},{"floor":12.0,"key":"Pear"},{"floor":26.0,"key":"Kunai"},{"floor":31.0,"key":"Blue Candle"},{"floor":40,"key":"Mercury Hourglass"},{"floor":43,"key":"Darkstone Periapt"}],"event_choices":[{"damage_healed":0.0,"max_hp_gain":5.0,"max_hp_loss":0.0,"gold_gain":0.0,"event_name":"Big Fish","player_choice":"Donut","floor":5.0,"gold_loss":0.0,"damage_taken":0.0},{"damage_healed":0.0,"max_hp_gain":0.0,"max_hp_loss":0.0,"gold_gain":0.0,"event_name":"The Cleric","player_choice":"Leave","floor":14.0,"gold_loss":0.0,"damage_taken":0.0},{"damage_healed":0.0,"max_hp_gain":0.0,"max_hp_loss":0.0,"gold_gain":0.0,"event_name":"Addict","player_choice":"Obtained Relic","floor":19.0,"gold_loss":85.0,"damage_taken":0.0,"relics_obtained":["Calipers"]},{"damage_healed":0.0,"max_hp_gain":0.0,"max_hp_loss":45.0,"gold_gain":0.0,"event_name":"Ghosts","player_choice":"Became a Ghost","floor":25.0,"gold_loss":0.0,"damage_taken":0.0,"cards_obtained":["Ghostly","Ghostly","Ghostly","Ghostly","Ghostly"]},{"damage_healed":0.0,"max_hp_gain":0.0,"max_hp_loss":0.0,"gold_gain":0.0,"event_name":"Vampires","player_choice":"Ignored","floor":29.0,"gold_loss":0.0,"damage_taken":0.0},{"damage_healed":0,"gold_gain":0,"player_choice":"Ignored","damage_taken":0,"max_hp_gain":0,"max_hp_loss":0,"event_name":"SecretPortal","floor":39,"gold_loss":0},{"damage_healed":26,"gold_gain":0,"player_choice":"Heal","damage_taken":0,"max_hp_gain":0,"max_hp_loss":0,"event_name":"MindBloom","floor":44,"gold_loss":0,"cards_obtained":["Doubt"]}],"is_beta":false,"boss_relics":[{"not_picked":["Runic Dome","Runic Pyramid"],"picked":"Busted Crown"},{"not_picked":["Lizard Tail","Calling Bell"],"picked":"Pandora\u0027s Box"}],"items_purged_floors":[27,46],"is_endless":false,"potions_floor_spawned":[7,11,12,18,33,40,42,48],"ascension_level":12}