{"gold_per_floor":[118,135,135,148,162,162,190,190,214,241,46,46,46,85,85,178,178,199,199,213,263,263,263,302,323,350,365,38,62,80,99,99,189,189,213,213,213,546,174,174,184,199,225,236,236,262,51,69,69,69],"floor_reached":51,"playtime":3559,"items_purged":["Strike_B","Strike_B","Strike_B"],"score":1507,"play_id":"f90bbe51-42a3-4c3c-99f9-0d46bf32d96f","local_time":"20190217003214","is_ascension_mode":true,"campfire_choices":[{"data":"Zap","floor":6,"key":"SMITH"},{"data":"Fission","floor":8,"key":"SMITH"},{"data":"Consume","floor":15,"key":"SMITH"},{"data":"Doom and Gloom","floor":23,"key":"SMITH"},{"floor":32,"key":"REST"},{"data":"Go for the Eyes","floor":40,"key":"SMITH"},{"data":"Hologram","floor":45,"key":"SMITH"},{"floor":49,"key":"REST"}],"neow_cost":"NONE","seed_source_timestamp":46282648031825,"circlet_count":0,"master_deck":["AscendersBane","Defend_B","Defend_B","Defend_B","Defend_B","Zap+1","Dualcast","Cold Snap","Conserve Battery","Glacier","Ball Lightning","Fission+1","Doom and Gloom+1","Consume+1","Electrodynamics+1","Defragment+1","Necronomicurse","Glacier","Go for the Eyes+1","Clumsy","BootSequence","Buffer+1","BootSequence","Compile Driver","Hologram+1","Clumsy","Capacitor+1","Echo Form+1"],"relics":["Cracked Core","Orichalcum","Boot","Art of War","Bag of Marbles","Frozen Egg 2","Cursed Key","Necronomicon","Vajra","Pen Nib","Gambling Chip","Inserter","Bronze Scales","Anchor","Pear"],"potions_floor_usage":[10,14,24,33,42,50,50],"damage_taken":[{"damage":3,"enemies":"2 Louse","floor":1,"turns":2},{"damage":0,"enemies":"Cultist","floor":2,"turns":3},{"damage":5,"enemies":"Small Slimes","floor":4,"turns":3},{"damage":6,"enemies":"3 Louse","floor":5,"turns":4},{"damage":17,"enemies":"3 Sentries","floor":7,"turns":8},{"damage":8,"enemies":"Lagavulin","floor":10,"turns":7},{"damage":3,"enemies":"3 Sentries","floor":14,"turns":4},{"damage":0,"enemies":"Slime Boss","floor":16,"turns":7},{"damage":0,"enemies":"Spheric Guardian","floor":18,"turns":4},{"damage":0,"enemies":"2 Thieves","floor":20,"turns":1},{"damage":0,"enemies":"Book of Stabbing","floor":24,"turns":4},{"damage":8,"enemies":"Snake Plant","floor":25,"turns":3},{"damage":0,"enemies":"Cultist and Chosen","floor":27,"turns":3},{"damage":0,"enemies":"3 Cultists","floor":29,"turns":2},{"damage":7,"enemies":"Centurion and Healer","floor":30,"turns":4},{"damage":5,"enemies":"Shelled Parasite and Fungi","floor":31,"turns":5},{"damage":5,"enemies":"Collector","floor":33,"turns":9},{"damage":0,"enemies":"Orb Walker","floor":35,"turns":3},{"damage":9,"enemies":"3 Darklings","floor":41,"turns":3},{"damage":0,"enemies":"4 Shapes","floor":42,"turns":3},{"damage":5,"enemies":"Jaw Worm Horde","floor":44,"turns":3},{"damage":0,"enemies":"Nemesis","floor":46,"turns":7},{"damage":0,"enemies":"Transient","floor":48,"turns":6},{"damage":29,"enemies":"Awakened One","floor":50,"turns":13}],"seed_played":"-5834960290745772374","potions_obtained":[{"floor":7,"key":"Strength Potion"},{"floor":10,"key":"Weak Potion"},{"floor":13,"key":"Block Potion"},{"floor":16,"key":"SpeedPotion"},{"floor":24,"key":"PowerPotion"},{"floor":33,"key":"Swift Potion"},{"floor":42,"key":"Regen Potion"}],"is_trial":false,"path_per_floor":["M","M","?","M","M","R","E","R","T","E","$","?","?","E","R","B",null,"M","?","M","?","?","R","E","M","T","M","$","M","M","M","R","B",null,"M","?","?","?","$","R","M","M","T","M","R","E","$","M","R","B",null],"character_chosen":"DEFECT","items_purchased":["Doom and Gloom","Consume","Gambling Chip","Bronze Scales","BootSequence","Compile Driver","FocusPotion"],"campfire_rested":2,"item_purchase_floors":[11,11,28,39,39,39,47],"current_hp_per_floor":[61,61,61,56,50,50,33,33,33,25,25,25,25,22,22,22,54,54,33,33,33,33,33,33,25,25,25,25,25,18,13,32,27,55,55,55,55,55,55,55,46,46,46,41,41,51,51,51,71,57],"gold":69,"neow_bonus":"RANDOM_COMMON_RELIC","is_prod":false,"is_daily":false,"chose_seed":false,"campfire_upgraded":6,"win_rate":0,"timestamp":1550316734,"path_taken":["M","M","?","?","M","R","E","R","T","E","$","?","?","E","R","BOSS","M","?","M","?","?","R","E","?","T","?","$","M","M","M","R","BOSS","M","?","?","?","$","R","M","M","T","M","R","E","$","M","R","BOSS"],"build_version":"2019-01-23","purchased_purges":3,"victory":true,"max_hp_per_floor":[71,71,71,71,71,71,71,71,71,71,71,64,64,64,64,64,64,64,64,64,64,64,64,64,64,64,64,64,64,64,64,64,64,64,64,61,61,61,61,61,61,61,61,61,61,71,71,71,71,71],"card_choices":[{"not_picked":["Coolheaded","Stack"],"picked":"Cold Snap","floor":1},{"not_picked":["Capacitor","Coolheaded"],"picked":"Conserve Battery","floor":2},{"not_picked":["Coolheaded","Fusion","Redo"],"picked":"SKIP","floor":4},{"not_picked":["Steam","Hello World"],"picked":"Ball Lightning","floor":5},{"not_picked":["Stack","Barrage"],"picked":"Fission","floor":7},{"not_picked":["Hello World","Static Discharge","Chaos"],"picked":"SKIP","floor":10},{"not_picked":["Steam","Amplify","Darkness"],"picked":"SKIP","floor":14},{"not_picked":["Thunder Strike","Echo Form+1"],"picked":"Electrodynamics+1","floor":16},{"not_picked":["Turbo","Steam"],"picked":"Defragment+1","floor":18},{"not_picked":["Steam","Coolheaded"],"picked":"Glacier","floor":20},{"not_picked":["Gash","Auto Shields","Amplify"],"picked":"SKIP","floor":24},{"not_picked":["Coolheaded","Stack"],"picked":"Go for the Eyes","floor":25},{"not_picked":["Steam","Lockon","Turbo+1"],"picked":"SKIP","floor":27},{"not_picked":["Leap","Coolheaded"],"picked":"BootSequence","floor":29},{"not_picked":["Turbo+1","Sweeping Beam","Recycle"],"picked":"SKIP","floor":30},{"not_picked":["Self Repair+1","Cold Snap","Redo+1"],"picked":"SKIP","floor":31},{"not_picked":["All For One","Hyperbeam"],"picked":"Buffer+1","floor":33},{"not_picked":["Turbo","Conserve Battery","Blizzard"],"picked":"SKIP","floor":35},{"not_picked":["Barrage","Beam Cell"],"picked":"Hologram","floor":41},{"not_picked":["Blizzard+1","Coolheaded","Chill"],"picked":"SKIP","floor":42},{"not_picked":["Barrage","Rebound"],"picked":"Capacitor+1","floor":44},{"not_picked":["Coolheaded","Go for the Eyes"],"picked":"Echo Form+1","floor":46},{"not_picked":["Lockon+1","Turbo+1","Blizzard"],"picked":"SKIP","floor":48}],"player_experience":277986,"relics_obtained":[{"floor":7,"key":"Boot"},{"floor":9,"key":"Art of War"},{"floor":10,"key":"Bag of Marbles"},{"floor":14,"key":"Frozen Egg 2"},{"floor":19,"key":"Necronomicon"},{"floor":24,"key":"Vajra"},{"floor":26,"key":"Pen Nib"},{"floor":43,"key":"Anchor"},{"floor":46,"key":"Pear"}],"event_choices":[{"damage_healed":0,"gold_gain":0,"player_choice":"1 cards matched","damage_taken":0,"max_hp_gain":0,"max_hp_loss":0,"event_name":"Match and Keep!","floor":3,"gold_loss":0,"cards_obtained":["Glacier"]},{"damage_healed":0,"gold_gain":0,"player_choice":"Lose Max HP","damage_taken":0,"relics_obtained":["Golden Idol"],"max_hp_gain":0,"max_hp_loss":7,"event_name":"Golden Idol","floor":12,"gold_loss":0},{"damage_healed":0,"gold_gain":0,"player_choice":"Got Potions","damage_taken":0,"max_hp_gain":0,"max_hp_loss":0,"event_name":"Lab","floor":13,"gold_loss":0},{"damage_healed":0,"gold_gain":0,"player_choice":"Obtained Book","damage_taken":21,"max_hp_gain":0,"max_hp_loss":0,"event_name":"Cursed Tome","floor":19,"gold_loss":0},{"damage_healed":0,"gold_gain":50,"player_choice":"Stole From Cult","damage_taken":0,"max_hp_gain":0,"max_hp_loss":0,"event_name":"Nest","floor":21,"gold_loss":0},{"cards_removed":["Strike_B"],"damage_healed":0,"gold_gain":0,"player_choice":"Purged","damage_taken":0,"max_hp_gain":0,"max_hp_loss":0,"event_name":"Purifier","floor":22,"gold_loss":0},{"damage_healed":0,"gold_gain":0,"player_choice":"Max HP","damage_taken":0,"max_hp_gain":0,"max_hp_loss":3,"event_name":"Winding Halls","floor":36,"gold_loss":0},{"damage_healed":0,"gold_gain":0,"player_choice":"Ignored","damage_taken":0,"max_hp_gain":0,"max_hp_loss":0,"event_name":"Mysterious Sphere","floor":37,"gold_loss":0},{"damage_healed":0,"gold_gain":333,"player_choice":"Gave Idol","damage_taken":0,"max_hp_gain":0,"max_hp_loss":0,"event_name":"The Moai Head","floor":38,"relics_lost":["Golden Idol"],"gold_loss":0}],"is_beta":false,"boss_relics":[{"not_picked":["Nuclear Battery","Orrery"],"picked":"Cursed Key"},{"not_picked":["Pandora\u0027s Box","Velvet Choker"],"picked":"Inserter"}],"items_purged_floors":[11,39,47],"is_endless":false,"potions_floor_spawned":[7,10,16,24,29,33,42,44,48],"ascension_level":18}