{"gold_per_floor":[116,128,128,128,147,147,178,178,223,250,250,262,262,278,278,278],"floor_reached":16,"playtime":550,"items_purged":[],"score":143,"play_id":"6f3ed9d0-c0ab-4ecf-9672-d2c31e349fd2","local_time":"20180712044211","is_ascension_mode":true,"campfire_choices":[{"data":"Malaise","floor":6,"key":"SMITH"},{"data":"Footwork","floor":8,"key":"SMITH"},{"data":"Cloak And Dagger","floor":11,"key":"SMITH"},{"floor":15,"key":"REST"}],"neow_cost":"TEN_PERCENT_HP_LOSS","seed_source_timestamp":10629422499398,"circlet_count":0,"master_deck":["Defend_G","Defend_G","Defend_G","Defend_G","Strike_G","Strike_G","Strike_G","Strike_G","Strike_G","Survivor","Neutralize","Terror","Malaise+1","Footwork+1","Cloak And Dagger+1","Cloak And Dagger","Cloak And Dagger","Caltrops","Blur"],"relics":["Ring of the Snake","Tingsha","Dream Catcher","Strawberry","Juzu Bracelet","Golden Idol"],"potions_floor_usage":[7,16,16],"damage_taken":[{"damage":7,"enemies":"Jaw Worm","floor":1,"turns":5},{"damage":0,"enemies":"Cultist","floor":2,"turns":3},{"damage":16,"enemies":"Small Slimes","floor":5,"turns":4},{"damage":10,"enemies":"3 Sentries","floor":7,"turns":11},{"damage":7,"enemies":"Lagavulin","floor":10,"turns":9},{"damage":6,"enemies":"Gremlin Gang","floor":12,"turns":6},{"damage":5,"enemies":"Lots of Slimes","floor":14,"turns":7},{"damage":46,"enemies":"Slime Boss","floor":16,"turns":12}],"seed_played":"2551952237083605374","potions_obtained":[{"floor":2,"key":"Dexterity Potion"},{"floor":3,"key":"FearPotion"},{"floor":3,"key":"Ancient Potion"},{"floor":5,"key":"Fire Potion"},{"floor":14,"key":"Dexterity Potion"}],"is_trial":false,"path_per_floor":["M","M","?","?","M","R","E","R","T","E","R","M","?","M","R"],"character_chosen":"THE_SILENT","items_purchased":[],"campfire_rested":1,"item_purchase_floors":[],"current_hp_per_floor":[56,56,56,56,40,40,30,30,37,30,30,24,24,19,38,0],"gold":278,"neow_bonus":"ONE_RARE_RELIC","is_prod":false,"is_daily":false,"chose_seed":false,"campfire_upgraded":3,"win_rate":0,"timestamp":1531327331,"path_taken":["M","M","?","?","?","R","E","R","T","E","R","M","?","M","R","BOSS"],"build_version":"2018-07-05","purchased_purges":0,"victory":false,"max_hp_per_floor":[63,63,63,63,63,63,63,63,70,70,70,70,65,65,65,65],"card_choices":[{"not_picked":["Cloak And Dagger","Deflect"],"picked":"Terror","floor":1},{"not_picked":["Poisoned Stab","Calculated Gamble"],"picked":"Malaise","floor":2},{"not_picked":["Infinite Blades","Dagger Throw"],"picked":"Footwork","floor":5},{"not_picked":["Catalyst","Bane"],"picked":"Cloak And Dagger","floor":7},{"not_picked":["Flying Knee","PiercingWail"],"picked":"Cloak And Dagger","floor":10},{"not_picked":["Dagger Throw","Dagger Spray"],"picked":"Cloak And Dagger","floor":12},{"not_picked":["Sucker Punch","Quick Slash"],"picked":"Caltrops","floor":14},{"not_picked":["Quick Slash","Endless Agony"],"picked":"Blur","floor":15}],"player_experience":292456,"relics_obtained":[{"floor":7,"key":"Dream Catcher"},{"floor":9,"key":"Strawberry"},{"floor":10,"key":"Juzu Bracelet"}],"event_choices":[{"event_name":"The Lab","player_choice":"Got Potions","floor":3,"damage_taken":0},{"event_name":"Bonfire Elementals","player_choice":"BASIC","floor":4,"damage_taken":0},{"event_name":"Golden Idol","player_choice":"Lose Max HP","floor":13,"damage_taken":0}],"boss_relics":[],"items_purged_floors":[],"is_endless":false,"potions_floor_spawned":[2,5,14],"killed_by":"Slime Boss","ascension_level":6}