{"gold_per_floor":[115,133,158,333,333,365,365,424,424,435,453,453,473,492,492,492],"floor_reached":16,"playtime":408,"items_purged":[],"score":185,"play_id":"2a839b88-a8b5-498a-bab4-191357285aec","local_time":"20190225231926","is_ascension_mode":true,"campfire_choices":[{"data":"Defragment","floor":7,"key":"SMITH"},{"data":"Coolheaded","floor":12,"key":"SMITH"},{"floor":15,"key":"REST"}],"neow_cost":"NONE","seed_source_timestamp":22230298102146,"circlet_count":0,"master_deck":["Strike_B","Strike_B","Strike_B","Strike_B","Defend_B","Defend_B","Defend_B","Defend_B","Zap","Dualcast","Defragment+1","Beam Cell","Doubt","Pain","Cold Snap","Ball Lightning","Hologram","Coolheaded+1","Auto Shields","Steam"],"relics":["Cracked Core","NeowsBlessing","WarpedTongs","Omamori","Tiny Chest","Sundial"],"potions_floor_usage":[8,8,10],"damage_taken":[{"damage":0,"enemies":"Cultist","floor":1,"turns":1},{"damage":0,"enemies":"Small Slimes","floor":2,"turns":1},{"damage":0,"enemies":"Lagavulin","floor":6,"turns":1},{"damage":34,"enemies":"Gremlin Nob","floor":8,"turns":4},{"damage":0,"enemies":"2 Louse","floor":10,"turns":2},{"damage":19,"enemies":"Exordium Wildlife","floor":11,"turns":4},{"damage":8,"enemies":"Large Slime","floor":13,"turns":6},{"damage":5,"enemies":"Blue Slaver","floor":14,"turns":3},{"damage":31,"enemies":"Hexaghost","floor":16,"turns":12}],"seed_played":"8626787880826321592","potions_obtained":[{"floor":1,"key":"Strength Potion"},{"floor":2,"key":"SteroidPotion"},{"floor":10,"key":"Fruit Juice"},{"floor":13,"key":"Block Potion"}],"is_trial":false,"path_per_floor":["M","M","T","?","?","E","R","E","T","M","M","R","M","M","R","B"],"character_chosen":"DEFECT","items_purchased":[],"campfire_rested":1,"item_purchase_floors":[],"current_hp_per_floor":[68,68,68,68,68,68,68,34,34,39,20,20,12,7,31,0],"gold":492,"neow_bonus":"THREE_ENEMY_KILL","is_prod":false,"is_daily":false,"chose_seed":false,"campfire_upgraded":2,"win_rate":0,"timestamp":1551089966,"path_taken":["M","M","?","?","?","E","R","E","T","M","?","R","M","M","R","BOSS"],"build_version":"2019-01-23","purchased_purges":0,"victory":false,"max_hp_per_floor":[75,75,75,75,75,75,75,75,75,80,80,80,80,80,80,80],"card_choices":[{"not_picked":["Glacier","Storm"],"picked":"Defragment","floor":1},{"not_picked":["Gash","Stack"],"picked":"Beam Cell","floor":2},{"not_picked":["Steam","Amplify"],"picked":"Cold Snap","floor":6},{"not_picked":["Scrape","Rip and Tear"],"picked":"Ball Lightning","floor":8},{"not_picked":["Streamline","Sweeping Beam"],"picked":"Hologram","floor":10},{"not_picked":["Barrage","Echo Form"],"picked":"Coolheaded","floor":11},{"not_picked":["Go for the Eyes","Static Discharge"],"picked":"Auto Shields","floor":13},{"not_picked":["Tempest","Gash"],"picked":"Steam","floor":14}],"player_experience":411783,"relics_obtained":[{"floor":6,"key":"Omamori"},{"floor":8,"key":"Tiny Chest"},{"floor":9,"key":"Sundial"}],"event_choices":[{"damage_healed":0,"gold_gain":175,"player_choice":"AGREE","damage_taken":0,"max_hp_gain":0,"max_hp_loss":0,"event_name":"Liars Game","floor":4,"gold_loss":0,"cards_obtained":["Doubt"]},{"damage_healed":0,"gold_gain":0,"player_choice":"Rummage","damage_taken":0,"relics_obtained":["WarpedTongs"],"max_hp_gain":0,"max_hp_loss":0,"event_name":"Accursed Blacksmith","floor":5,"gold_loss":0,"cards_obtained":["Pain"]}],"is_beta":false,"boss_relics":[],"items_purged_floors":[],"is_endless":false,"potions_floor_spawned":[1,2,10,13],"killed_by":"Hexaghost","ascension_level":7}