{"gold_per_floor":[18,18,31,51,51,51,67,102,126,147,165,189,222,222,222,320,320,340,365,406,406,356,356],"floor_reached":23,"playtime":1602,"items_purged":[],"score":406,"play_id":"ca7e1634-6bcd-4311-9f80-756b0d438869","local_time":"20190224201503","is_ascension_mode":true,"campfire_choices":[{"data":"Combust","floor":6,"key":"SMITH"},{"data":"Armaments","floor":15,"key":"SMITH"}],"neow_cost":"NO_GOLD","seed_source_timestamp":11228734363110,"circlet_count":0,"master_deck":["AscendersBane","Strike_R","Strike_R","Strike_R","Defend_R","Defend_R","Defend_R","Defend_R","Bash","True Grit","Corruption","Pommel Strike","Clothesline","Combust+1","Carnage","Metallicize","Disarm","Armaments+1","Inflame","Sword Boomerang","Feed","Havoc+1","Feel No Pain"],"relics":["Burning Blood","Golden Idol","Bottled Tornado","Vajra","Red Skull","Bag of Preparation","Sozu","Red Mask"],"potions_floor_usage":[8,20,20],"damage_taken":[{"damage":18,"enemies":"Small Slimes","floor":1,"turns":4},{"damage":2,"enemies":"Jaw Worm","floor":3,"turns":5},{"damage":1,"enemies":"Cultist","floor":4,"turns":4},{"damage":5,"enemies":"Large Slime","floor":7,"turns":5},{"damage":23,"enemies":"Lagavulin","floor":8,"turns":6},{"damage":0,"enemies":"Looter","floor":10,"turns":4},{"damage":38,"enemies":"Exordium Thugs","floor":11,"turns":5},{"damage":0,"enemies":"Exordium Wildlife","floor":12,"turns":3},{"damage":6,"enemies":"Gremlin Nob","floor":13,"turns":3},{"damage":22,"enemies":"Hexaghost","floor":16,"turns":9},{"damage":12,"enemies":"Shell Parasite","floor":18,"turns":4},{"damage":5,"enemies":"Spheric Guardian","floor":19,"turns":4},{"damage":22,"enemies":"Masked Bandits","floor":20,"turns":4},{"damage":43,"enemies":"Slavers","floor":23,"turns":4}],"seed_played":"-5240210012620622915","potions_obtained":[{"floor":4,"key":"Poison Potion"},{"floor":7,"key":"Energy Potion"},{"floor":12,"key":"Block Potion"}],"is_trial":false,"path_per_floor":["M","?","M","M","T","R","M","E","T","M","M","M","E","?","R","B",null,"M","M","?","?","?","E"],"character_chosen":"IRONCLAD","items_purchased":[],"campfire_rested":0,"item_purchase_floors":[],"current_hp_per_floor":[56,56,60,65,65,65,66,49,49,55,23,29,29,29,29,13,54,51,52,36,36,36,0],"gold":356,"neow_bonus":"TRANSFORM_TWO_CARDS","is_prod":false,"is_daily":false,"chose_seed":false,"campfire_upgraded":2,"win_rate":0,"timestamp":1550992503,"path_taken":["M","?","M","M","?","R","M","E","T","M","M","M","E","?","R","BOSS","M","M","?","?","?","E"],"build_version":"2019-01-23","purchased_purges":0,"victory":false,"max_hp_per_floor":[75,68,68,68,68,68,68,68,68,68,68,68,68,68,68,68,68,71,71,71,71,71,71],"card_choices":[{"not_picked":["Body Slam","Clash"],"picked":"Pommel Strike","floor":1},{"not_picked":["Headbutt","Iron Wave"],"picked":"Clothesline","floor":3},{"not_picked":["Body Slam","Pummel"],"picked":"Combust","floor":4},{"not_picked":["Twin Strike","Rampage"],"picked":"Carnage","floor":7},{"not_picked":["Blood for Blood","Havoc"],"picked":"Metallicize","floor":8},{"not_picked":["Anger","Dark Embrace"],"picked":"Disarm","floor":10},{"not_picked":["Wild Strike","Warcry"],"picked":"Armaments","floor":11},{"not_picked":["Power Through","Perfected Strike"],"picked":"Inflame","floor":12},{"not_picked":["Clash","Pommel Strike"],"picked":"Sword Boomerang","floor":13},{"not_picked":["Bludgeon","Double Tap"],"picked":"Feed","floor":16},{"not_picked":["Heavy Blade","Clash"],"picked":"Havoc+1","floor":18},{"not_picked":["Hemokinesis","Dual Wield"],"picked":"Feel No Pain","floor":19}],"player_experience":438880,"relics_obtained":[{"floor":5,"key":"Bottled Tornado"},{"floor":8,"key":"Vajra"},{"floor":9,"key":"Red Skull"},{"floor":13,"key":"Bag of Preparation"},{"floor":20,"key":"Red Mask"}],"event_choices":[{"damage_healed":0,"gold_gain":0,"player_choice":"Lose Max HP","damage_taken":0,"relics_obtained":["Golden Idol"],"max_hp_gain":0,"max_hp_loss":7,"event_name":"Golden Idol","floor":2,"gold_loss":0},{"damage_healed":0,"gold_gain":0,"player_choice":"Searched \u00270\u0027 times","damage_taken":0,"max_hp_gain":0,"max_hp_loss":0,"event_name":"Dead Adventurer","floor":14,"gold_loss":0},{"damage_healed":0,"gold_gain":0,"player_choice":"Fought Bandits","damage_taken":0,"max_hp_gain":0,"max_hp_loss":0,"event_name":"Masked Bandits","floor":20,"gold_loss":0},{"damage_healed":0,"gold_gain":0,"player_choice":"Ignored","damage_taken":0,"max_hp_gain":0,"max_hp_loss":0,"event_name":"The Mausoleum","floor":21,"gold_loss":0},{"damage_healed":0,"gold_gain":0,"player_choice":"Bet on Murderer","damage_taken":0,"max_hp_gain":0,"max_hp_loss":0,"event_name":"The Joust","floor":22,"gold_loss":50}],"is_beta":false,"boss_relics":[{"not_picked":["Philosopher\u0027s Stone","Black Star"],"picked":"Sozu"}],"items_purged_floors":[],"is_endless":false,"potions_floor_spawned":[4,7,12,16,20],"killed_by":"Slavers","ascension_level":20}