{"gold_per_floor":[119,294,305,85,85,85,100,131,131,162,178,196,226,226],"floor_reached":14,"playtime":426,"items_purged":["Doubt"],"score":165,"play_id":"c7918bba-be44-432d-980f-cbea6992681d","local_time":"20181126050116","is_ascension_mode":true,"campfire_choices":[{"data":"Footwork","floor":6,"key":"SMITH"}],"neow_cost":"NONE","seed_source_timestamp":45805911421588,"circlet_count":0,"master_deck":["AscendersBane","Defend_G","Defend_G","Defend_G","Defend_G","Defend_G","Strike_G","Strike_G","Strike_G","Strike_G","Strike_G","Survivor","Neutralize","Poisoned Stab","Dagger Spray","Footwork+1","Blur","Pain","Escape Plan","Well Laid Plans","Catalyst","Dagger Throw+1","Deadly Poison","Backstab+1"],"relics":["Ring of the Snake","NeowsBlessing","WarpedTongs","Matryoshka","Snake Skull","Molten Egg 2","Sundial"],"potions_floor_usage":[8,10,13],"damage_taken":[{"damage":0,"enemies":"2 Louse","floor":1,"turns":1},{"damage":0,"enemies":"Small Slimes","floor":3,"turns":1},{"damage":0,"enemies":"Cultist","floor":7,"turns":1},{"damage":29,"enemies":"3 Sentries","floor":8,"turns":9},{"damage":6,"enemies":"Lagavulin","floor":10,"turns":8},{"damage":0,"enemies":"3 Louse","floor":11,"turns":2},{"damage":0,"enemies":"Looter","floor":12,"turns":2},{"damage":26,"enemies":"Gremlin Nob","floor":13,"turns":4},{"damage":2,"enemies":"Large Slime","floor":14,"turns":1}],"seed_played":"-5481633015914524444","potions_obtained":[{"floor":1,"key":"LiquidBronze"},{"floor":3,"key":"FearPotion"},{"floor":11,"key":"Fire Potion"}],"is_trial":false,"path_per_floor":["M","?","M","$","?","R","M","E","T","E","M","M","E","M"],"character_chosen":"THE_SILENT","items_purchased":["Footwork","Blur"],"campfire_rested":0,"item_purchase_floors":[4,4],"current_hp_per_floor":[63,63,63,63,63,63,63,34,34,28,28,28,2,0],"gold":226,"neow_bonus":"THREE_ENEMY_KILL","is_prod":false,"is_daily":false,"chose_seed":false,"campfire_upgraded":1,"win_rate":0,"timestamp":1543161676,"path_taken":["M","?","M","$","?","R","M","E","T","E","M","?","E","M"],"build_version":"2018-11-15","purchased_purges":1,"victory":false,"max_hp_per_floor":[70,70,70,70,70,70,70,70,70,70,70,70,70,70],"card_choices":[{"not_picked":["Leg Sweep","Accuracy"],"picked":"Poisoned Stab","floor":1},{"not_picked":["Sucker Punch","Underhanded Strike"],"picked":"Dagger Spray","floor":3},{"not_picked":["Calculated Gamble","Quick Slash"],"picked":"Escape Plan","floor":7},{"not_picked":["Prepared","Dagger Throw"],"picked":"Well Laid Plans","floor":8},{"not_picked":["Dodge and Roll","Acrobatics"],"picked":"Catalyst","floor":10},{"not_picked":["Blade Dance","Eviscerate+1"],"picked":"Dagger Throw+1","floor":11},{"not_picked":["Outmaneuver","Dodge and Roll"],"picked":"Deadly Poison","floor":12},{"not_picked":["Masterful Stab+1","Calculated Gamble"],"picked":"Backstab+1","floor":13}],"player_experience":397518,"relics_obtained":[{"floor":8,"key":"Matryoshka"},{"floor":9,"key":"Snake Skull"},{"floor":10,"key":"Molten Egg 2"},{"floor":13,"key":"Sundial"}],"event_choices":[{"damage_healed":0,"gold_gain":175,"player_choice":"AGREE","damage_taken":0,"max_hp_gain":0,"max_hp_loss":0,"event_name":"Liars Game","floor":2,"gold_loss":0,"cards_obtained":["Doubt"]},{"damage_healed":0,"gold_gain":0,"player_choice":"Rummage","damage_taken":0,"relics_obtained":["WarpedTongs"],"max_hp_gain":0,"max_hp_loss":0,"event_name":"Accursed Blacksmith","floor":5,"gold_loss":0,"cards_obtained":["Pain"]}],"is_beta":false,"boss_relics":[],"items_purged_floors":[4],"is_endless":false,"potions_floor_spawned":[1,3,11],"killed_by":"Large Slime","ascension_level":10}