{"gold_per_floor":[113,129,139,153,169,200,200,235,262,281,281,281,281,302,302,425,425,444,460,475,66,79,79,99,99,99,118,118],"floor_reached":28,"playtime":2645,"items_purged":["Regret"],"score":261,"play_id":"999001f9-e228-4630-bcc7-dd0837118a23","local_time":"20180627022715","is_ascension_mode":false,"campfire_choices":[{"floor":12.0,"key":"REST"},{"floor":15.0,"key":"REST"},{"floor":23,"key":"REST"}],"neow_cost":"","seed_source_timestamp":0,"circlet_count":0,"master_deck":["Strike_R","Strike_R","Strike_R","Strike_R","Strike_R","Defend_R","Defend_R","Defend_R","Defend_R","Bash","Twin Strike","Wild Strike","Disarm","Wild Strike","Exhume","Sentinel","Seeing Red","Sever Soul+1","Perfected Strike+1","Pommel Strike+1","Reaper+1","Warcry+1","Apotheosis","Pommel Strike+1","Bloodletting","Flame Barrier+1","Perfected Strike+1","Wild Strike+1","Ghostly","Ghostly","Ghostly","Ghostly","Ghostly"],"special_seed":0,"relics":["Burning Blood","Molten Egg 2","Mango","Boot","Dream Catcher","Calipers","Golden Idol","White Beast Statue","Bag of Preparation"],"potions_floor_usage":[27,27,28],"damage_taken":[{"damage":6.0,"enemies":"Jaw Worm","floor":1.0,"turns":3.0},{"damage":7.0,"enemies":"Small Slimes","floor":2.0,"turns":3.0},{"damage":1.0,"enemies":"2 Louse","floor":3.0,"turns":2.0},{"damage":0.0,"enemies":"Large Slime","floor":4.0,"turns":5.0},{"damage":7.0,"enemies":"2 Fungi Beasts","floor":5.0,"turns":2.0},{"damage":16.0,"enemies":"Gremlin Nob","floor":6.0,"turns":5.0},{"damage":30.0,"enemies":"3 Sentries","floor":8.0,"turns":10.0},{"damage":24.0,"enemies":"Exordium Wildlife","floor":10.0,"turns":5.0},{"damage":11.0,"enemies":"3 Louse","floor":14.0,"turns":3.0},{"damage":64.0,"enemies":"The Guardian","floor":16.0,"turns":11.0},{"damage":10.0,"enemies":"Spheric Guardian","floor":18.0,"turns":3.0},{"damage":38.0,"enemies":"Shell Parasite","floor":19.0,"turns":6.0},{"damage":43.0,"enemies":"Centurion and Healer","floor":20.0,"turns":6.0},{"damage":24.0,"enemies":"Snake Plant","floor":22.0,"turns":6.0},{"damage":0,"enemies":"Snecko","floor":24,"turns":4},{"damage":40,"enemies":"3 Cultists","floor":27,"turns":8},{"damage":23,"enemies":"Gremlin Leader","floor":28,"turns":8}],"seed_played":"-8863537548480372716","potions_obtained":[{"floor":1.0,"key":"Ancient Potion"},{"floor":4.0,"key":"Strength Potion"},{"floor":5.0,"key":"Weak Potion"},{"floor":8.0,"key":"BloodPotion"},{"floor":14.0,"key":"Explosive Potion"},{"floor":16.0,"key":"PowerPotion"},{"floor":18.0,"key":"AttackPotion"},{"floor":20.0,"key":"Ancient Potion"},{"floor":22,"key":"Explosive Potion"},{"floor":24,"key":"AttackPotion"},{"floor":27,"key":"AttackPotion"}],"is_trial":false,"path_per_floor":["M","M","M","M","M","E","?","E","T","M","T","R","?","M","R","B",null,"M","M","M","$","M","R","M","?","T","M"],"character_chosen":"IRONCLAD","items_purchased":["Apotheosis","Pommel Strike+1","Bloodletting"],"campfire_rested":3,"item_purchase_floors":[],"current_hp_per_floor":[80,79,80,80,79,69,83,59,59,41,41,69,46,41,69,20,94,90,58,31,31,13,41,47,47,47,13,0],"gold":118,"neow_bonus":"","is_prod":false,"is_daily":false,"chose_seed":false,"campfire_upgraded":0,"win_rate":0.0,"timestamp":1530080835,"path_taken":["M","M","M","M","M","E","?","E","T","M","?","R","?","M","R","BOSS","M","M","M","$","M","R","M","?","T","M","E"],"build_version":"2018-06-21v2","purchased_purges":1,"victory":false,"max_hp_per_floor":[80,80,80,80,80,80,94,94,94,94,94,94,94,94,94,94,94,94,94,94,94,94,94,94,47,47,47,47],"card_choices":[{"not_picked":["Battle Trance","Cleave"],"picked":"Twin Strike","floor":1.0},{"not_picked":["Havoc","Metallicize"],"picked":"Wild Strike","floor":2.0},{"not_picked":["Intimidate","Clothesline"],"picked":"Disarm","floor":3.0},{"not_picked":["Thunderclap","Shrug It Off"],"picked":"Wild Strike","floor":4.0},{"not_picked":["Feel No Pain","Combust","Pommel Strike"],"picked":"SKIP","floor":5.0},{"not_picked":["Ghostly Armor","Warcry"],"picked":"Exhume","floor":6.0},{"not_picked":["Clothesline+1","Headbutt+1"],"picked":"Sentinel","floor":8.0},{"not_picked":["Uppercut+1","Intimidate"],"picked":"Seeing Red","floor":10.0},{"not_picked":["Headbutt+1","Disarm"],"picked":"Sever Soul+1","floor":12.0},{"not_picked":["True Grit","Wild Strike+1"],"picked":"Perfected Strike+1","floor":14.0},{"not_picked":["Seeing Red","Carnage+1"],"picked":"Pommel Strike+1","floor":15.0},{"not_picked":["Feed+1","Exhume"],"picked":"Reaper+1","floor":16.0},{"not_picked":["Perfected Strike+1","Headbutt+1"],"picked":"Warcry+1","floor":18.0},{"not_picked":["Sword Boomerang+1","Dual Wield","Corruption"],"picked":"SKIP","floor":19.0},{"not_picked":["Perfected Strike+1","Anger+1","Headbutt+1"],"picked":"SKIP","floor":20.0},{"not_picked":["Warcry","Flex"],"picked":"Flame Barrier+1","floor":22},{"not_picked":["Thunderclap+1","Shrug It Off"],"picked":"Perfected Strike+1","floor":23},{"not_picked":["Uppercut+1","Perfected Strike+1"],"picked":"Wild Strike+1","floor":24},{"not_picked":["Blood for Blood+1","Feel No Pain","Reckless Charge+1"],"picked":"SKIP","floor":27}],"player_experience":57451,"relics_obtained":[{"floor":6.0,"key":"Molten Egg 2"},{"floor":8.0,"key":"Boot"},{"floor":9.0,"key":"Dream Catcher"},{"floor":11.0,"key":"Calipers"},{"floor":26,"key":"Bag of Preparation"}],"event_choices":[{"event_name":"Big Fish","player_choice":"Box","floor":7.0,"damage_taken":0.0},{"event_name":"Golden Idol","player_choice":"Take Damage","floor":13.0,"damage_taken":0.0},{"event_name":"Ghosts","player_choice":"Became a Ghost","floor":25,"damage_taken":0}],"boss_relics":[{"not_picked":["Runic Cube","Runic Dome"],"picked":"White Beast Statue"}],"items_purged_floors":[],"is_endless":false,"potions_floor_spawned":[1,4,5,8,14,16,18,19,20,22,24,27],"killed_by":"Gremlin Leader","ascension_level":0}