{"gold_per_floor":[359,378,30,48,48,81,81,113,139,160,160,160,173,193,193,298,298,312,294,24,24,36,61,61,93,93,93,12,12,32,45,45,142,142,161,161,161,161,171,198,198,225,225,259,259,359,23,123,123,123,123,123,86,115,115],"floor_reached":55,"playtime":2290,"items_purged":["Defend_G","Clumsy"],"score":1211,"play_id":"5dae526c-9e02-4e66-951d-e3180eebfacf","local_time":"20181125000419","is_ascension_mode":true,"campfire_choices":[{"floor":7,"key":"REST"},{"floor":12,"key":"REST"},{"data":"Cloak And Dagger","floor":15,"key":"SMITH"},{"data":"Envenom","floor":24,"key":"SMITH"},{"floor":27,"key":"REST"},{"data":"Noxious Fumes","floor":29,"key":"SMITH"},{"floor":32,"key":"REST"},{"floor":45,"key":"REST"},{"floor":49,"key":"RECALL"},{"data":"Burst","floor":52,"key":"SMITH"}],"neow_cost":"PERCENT_DAMAGE","seed_source_timestamp":427567454611,"circlet_count":0,"master_deck":["Defend_G","Defend_G","Defend_G","Defend_G","Strike_G","Strike_G","Strike_G","Strike_G","Survivor","Neutralize","Cloak And Dagger+1","Footwork","Glass Knife","Sucker Punch","Crippling Poison","Blade Dance","Envenom+1","Heel Hook+1","Dash+1","Dagger Spray","Acrobatics","Noxious Fumes+1","Escape Plan","Adrenaline","Catalyst+1","Madness","Madness","Master of Strategy","Metamorphosis","PiercingWail+1","Night Terror","Burst+1","Infinite Blades+1","Sadistic Nature","Accuracy","Blade Dance+1","Concentrate","Sucker Punch+1"],"relics":["Ring of the Snake","Bag of Preparation","Orichalcum","Boot","Odd Mushroom","Cursed Key","Lee\u0027s Waffle","Strawberry","Juzu Bracelet","Dead Branch","Letter Opener","Sozu","Dream Catcher","Regal Pillow","Darkstone Periapt","Gambling Chip","Ginger","Mercury Hourglass"],"potions_floor_usage":[6,8,16,16,33,54],"damage_taken":[{"damage":1,"enemies":"Small Slimes","floor":1,"turns":4},{"damage":8,"enemies":"2 Louse","floor":2,"turns":3},{"damage":0,"enemies":"Cultist","floor":4,"turns":3},{"damage":15,"enemies":"3 Sentries","floor":6,"turns":9},{"damage":17,"enemies":"Lagavulin","floor":8,"turns":9},{"damage":7,"enemies":"The Mushroom Lair","floor":10,"turns":6},{"damage":0,"enemies":"Blue Slaver","floor":13,"turns":3},{"damage":1,"enemies":"3 Louse","floor":14,"turns":2},{"damage":11,"enemies":"The Guardian","floor":16,"turns":15},{"damage":25,"enemies":"Spheric Guardian","floor":18,"turns":6},{"damage":8,"enemies":"2 Thieves","floor":19,"turns":4},{"damage":9,"enemies":"Shelled Parasite and Fungi","floor":22,"turns":7},{"damage":31,"enemies":"Gremlin Leader","floor":23,"turns":7},{"damage":17,"enemies":"Book of Stabbing","floor":25,"turns":6},{"damage":30,"enemies":"Sentry and Sphere","floor":30,"turns":6},{"damage":0,"enemies":"Snecko","floor":31,"turns":4},{"damage":41,"enemies":"Automaton","floor":33,"turns":8},{"damage":13,"enemies":"3 Shapes","floor":35,"turns":4},{"damage":16,"enemies":"3 Darklings","floor":39,"turns":3},{"damage":0,"enemies":"Nemesis","floor":40,"turns":5},{"damage":7,"enemies":"Giant Head","floor":42,"turns":5},{"damage":10,"enemies":"Reptomancer","floor":44,"turns":4},{"damage":22,"enemies":"Mind Bloom Boss Battle","floor":48,"turns":5},{"damage":19,"enemies":"Donu and Deca","floor":50,"turns":3},{"damage":56,"enemies":"Shield and Spear","floor":54,"turns":5},{"damage":6,"enemies":"The Heart","floor":55,"turns":2}],"seed_played":"4092191345209854676","potions_obtained":[{"floor":2,"key":"PowerPotion"},{"floor":6,"key":"Strength Potion"},{"floor":10,"key":"Dexterity Potion"},{"floor":14,"key":"SteroidPotion"},{"floor":22,"key":"FairyPotion"},{"floor":23,"key":"GamblersBrew"},{"floor":30,"key":"PowerPotion"},{"floor":31,"key":"Energy Potion"}],"is_trial":false,"path_per_floor":["M","M","$","M","$","E","R","E","T","?","?","R","M","M","R","B",null,"M","M","$","?","M","E","R","E","T","R","$","R","M","M","R","B",null,"M","?","?","?","M","E","?","E","T","E","R","?","$","?","R","B",null,"R","$","E","B"],"character_chosen":"THE_SILENT","items_purchased":["Bag of Preparation","Footwork","Glass Knife","Lee\u0027s Waffle","Noxious Fumes","Sadistic Nature","Accuracy","Concentrate"],"campfire_rested":5,"item_purchase_floors":[3,3,3,20,28,47,47,53],"current_hp_per_floor":[44,36,36,36,36,21,42,25,25,18,11,32,32,31,31,20,58,33,25,77,84,75,44,44,27,27,52,52,52,22,22,47,6,65,52,41,31,31,15,15,15,8,8,8,47,47,47,25,25,6,62,62,62,6,0],"gold":115,"neow_bonus":"TWO_FIFTY_GOLD","is_prod":false,"is_daily":false,"chose_seed":false,"campfire_upgraded":4,"win_rate":0,"timestamp":1543057459,"path_taken":["M","M","$","M","$","E","R","E","T","?","?","R","M","M","R","BOSS","M","M","$","?","M","E","R","E","T","R","$","R","M","M","R","BOSS","M","?","?","?","M","E","?","E","T","E","R","?","$","?","R","BOSS","R","$","E","BOSS"],"build_version":"2018-11-15","purchased_purges":2,"victory":false,"max_hp_per_floor":[70,70,70,70,70,70,70,70,70,70,70,70,70,70,70,70,70,70,70,77,84,84,84,84,84,84,84,84,84,84,84,84,84,84,84,84,84,81,81,81,81,81,81,81,81,81,81,81,81,81,81,81,81,81,81],"card_choices":[{"not_picked":["PiercingWail","Reflex"],"picked":"Cloak And Dagger","floor":1},{"not_picked":["Deflect","Catalyst","Prepared"],"picked":"SKIP","floor":2},{"not_picked":["Escape Plan","Noxious Fumes"],"picked":"Sucker Punch","floor":4},{"not_picked":["Skewer","Sucker Punch"],"picked":"Crippling Poison","floor":6},{"not_picked":["Skewer","Flechettes","Outmaneuver"],"picked":"SKIP","floor":8},{"not_picked":["Deadly Poison","Sucker Punch"],"picked":"Blade Dance","floor":10},{"not_picked":["Sucker Punch","Flying Knee","Slice"],"picked":"SKIP","floor":13},{"not_picked":["Riddle With Holes","Bane"],"picked":"Dash","floor":14},{"not_picked":["Phantasmal Killer","Venomology"],"picked":"Envenom","floor":16},{"not_picked":["Skewer","PiercingWail+1"],"picked":"Footwork","floor":18},{"not_picked":["Dagger Spray","Poisoned Stab"],"picked":"Heel Hook+1","floor":19},{"not_picked":["Dagger Throw","Dagger Spray"],"picked":"Dash+1","floor":22},{"not_picked":["Deadly Poison","Slice"],"picked":"Dagger Spray","floor":23},{"not_picked":["Prepared+1","Skewer+1"],"picked":"Acrobatics","floor":25},{"not_picked":["PiercingWail","Acrobatics","Grand Finale"],"picked":"SKIP","floor":30},{"not_picked":["Acrobatics","Deadly Poison"],"picked":"Escape Plan","floor":31},{"not_picked":["Die Die Die","Doppelganger"],"picked":"Adrenaline","floor":33},{"not_picked":["Acrobatics+1","Poisoned Stab+1"],"picked":"Catalyst+1","floor":35},{"not_picked":["Trip","Metamorphosis"],"picked":"Master of Strategy","floor":37},{"not_picked":["Purity","Secret Weapon"],"picked":"Metamorphosis","floor":37},{"not_picked":["Dodge and Roll","Slice+1","Crippling Poison"],"picked":"SKIP","floor":39},{"not_picked":["Slice","Acrobatics+1"],"picked":"PiercingWail+1","floor":40},{"not_picked":["Cloak And Dagger","Poisoned Stab+1"],"picked":"Night Terror","floor":42},{"not_picked":["Endless Agony","Cloak And Dagger"],"picked":"Burst","floor":44},{"not_picked":["Deadly Poison","Eviscerate"],"picked":"Infinite Blades+1","floor":45},{"not_picked":["Underhanded Strike+1","Flechettes"],"picked":"Blade Dance+1","floor":48},{"not_picked":["Bane","Crippling Poison"],"picked":"Sucker Punch+1","floor":54}],"player_experience":378992,"relics_obtained":[{"floor":6,"key":"Orichalcum"},{"floor":8,"key":"Boot"},{"floor":10,"key":"Odd Mushroom"},{"floor":23,"key":"Juzu Bracelet"},{"floor":25,"key":"Dead Branch"},{"floor":26,"key":"Letter Opener"},{"floor":40,"key":"Dream Catcher"},{"floor":42,"key":"Regal Pillow"},{"floor":43,"key":"Darkstone Periapt"},{"floor":44,"key":"Gambling Chip"},{"floor":48,"key":"Ginger"},{"floor":54,"key":"Mercury Hourglass"}],"event_choices":[{"damage_healed":0,"gold_gain":0,"player_choice":"Fought Mushrooms","damage_taken":0,"max_hp_gain":0,"max_hp_loss":0,"event_name":"Mushrooms","floor":10,"gold_loss":0},{"cards_removed":["Strike_G"],"damage_healed":0,"gold_gain":0,"player_choice":"Card Removal","damage_taken":7,"max_hp_gain":0,"max_hp_loss":0,"event_name":"Golden Wing","floor":11,"gold_loss":0},{"cards_removed":["Dash"],"damage_healed":0,"gold_gain":0,"player_choice":"Gave Card","damage_taken":0,"relics_obtained":["Strawberry"],"max_hp_gain":0,"max_hp_loss":0,"event_name":"WeMeetAgain","floor":21,"gold_loss":0},{"damage_healed":0,"gold_gain":0,"player_choice":"Embrace Madness","damage_taken":11,"max_hp_gain":0,"max_hp_loss":0,"event_name":"Winding Halls","floor":36,"gold_loss":0,"cards_obtained":["Madness","Madness"]},{"damage_healed":0,"gold_gain":0,"player_choice":"Memory 3","damage_taken":10,"max_hp_gain":0,"max_hp_loss":0,"event_name":"SensoryStone","floor":37,"gold_loss":0},{"cards_removed":["Parasite"],"damage_healed":0,"gold_gain":0,"player_choice":"Purged","damage_taken":0,"max_hp_gain":0,"max_hp_loss":0,"event_name":"Purifier","floor":38,"gold_loss":0},{"cards_removed":["Footwork"],"damage_healed":0,"gold_gain":0,"player_choice":"Removed Power","damage_taken":0,"max_hp_gain":0,"max_hp_loss":0,"event_name":"Falling","floor":41,"gold_loss":0},{"damage_healed":0,"gold_gain":100,"player_choice":"Pray","damage_taken":0,"max_hp_gain":0,"max_hp_loss":0,"event_name":"Golden Shrine","floor":46,"gold_loss":0},{"damage_healed":0,"gold_gain":0,"player_choice":"Fight","damage_taken":0,"max_hp_gain":0,"max_hp_loss":0,"event_name":"MindBloom","floor":48,"gold_loss":0}],"is_beta":false,"boss_relics":[{"not_picked":["Busted Crown","Coffee Dripper"],"picked":"Cursed Key"},{"not_picked":["Velvet Choker","Eternal Feather"],"picked":"Sozu"}],"items_purged_floors":[20,47],"is_endless":false,"potions_floor_spawned":[2,6,10,14,22,23,30,31,42,48,54],"killed_by":"The Heart","ascension_level":8}