{"gold_per_floor":[110,125,135,147,121,136,171,171,171,171,187,187,187,207,207,207],"floor_reached":16,"playtime":1695,"items_purged":[],"score":111,"play_id":"eb56cb15-4208-4ad3-b60a-913dc2022f31","local_time":"20180911002708","is_ascension_mode":true,"campfire_choices":[{"data":"Setup","floor":10,"key":"SMITH"},{"data":"Dash","floor":13,"key":"SMITH"},{"data":"Quick Slash","floor":15,"key":"SMITH"}],"neow_cost":"","seed_source_timestamp":28231643448224,"circlet_count":0,"master_deck":["Defend_G","Defend_G","Defend_G","Defend_G","Defend_G","Strike_G","Strike_G","Strike_G","Strike_G","Strike_G","Survivor","Neutralize","Sucker Punch","Deflect","Quick Slash+1","Slice","Setup+1","PiercingWail","Sucker Punch","Regret","Dash+1","Dagger Throw"],"relics":["Ring of the Snake","Thread and Needle","Meat on the Bone","Dream Catcher"],"potions_floor_usage":[3,7,16,16],"damage_taken":[{"damage":4,"enemies":"Cultist","floor":1,"turns":5},{"damage":3,"enemies":"Jaw Worm","floor":2,"turns":4},{"damage":0,"enemies":"2 Louse","floor":3,"turns":3},{"damage":4,"enemies":"Red Slaver","floor":4,"turns":4},{"damage":13,"enemies":"Exordium Thugs","floor":5,"turns":5},{"damage":11,"enemies":"Blue Slaver","floor":6,"turns":5},{"damage":14,"enemies":"3 Sentries","floor":7,"turns":9},{"damage":15,"enemies":"Exordium Wildlife","floor":11,"turns":8},{"damage":3,"enemies":"3 Louse","floor":14,"turns":5},{"damage":46,"enemies":"Slime Boss","floor":16,"turns":10}],"seed_played":"4034487431433213025","potions_obtained":[{"floor":2,"key":"Fruit Juice"},{"floor":3,"key":"LiquidBronze"},{"floor":7,"key":"GamblersBrew"},{"floor":14,"key":"GhostInAJar"}],"is_trial":false,"path_per_floor":["M","M","M","M","M","M","E","?","T","R","M","?","R","M","R"],"character_chosen":"THE_SILENT","items_purchased":[],"campfire_rested":0,"item_purchase_floors":[],"current_hp_per_floor":[66,63,68,64,51,40,26,26,26,26,23,23,23,32,32,0],"gold":207,"neow_bonus":"","is_prod":false,"is_daily":false,"chose_seed":false,"campfire_upgraded":3,"win_rate":0,"timestamp":1536640028,"path_taken":["M","M","M","M","M","M","E","?","T","R","M","?","R","?","R","BOSS"],"build_version":"2018-09-06","purchased_purges":0,"victory":false,"max_hp_per_floor":[70,70,75,75,75,75,75,75,75,75,75,75,75,75,75,75],"card_choices":[{"not_picked":["PiercingWail","Poisoned Stab"],"picked":"Sucker Punch","floor":1},{"not_picked":["Bane","Cloak And Dagger"],"picked":"Deflect","floor":2},{"not_picked":["Slice","Outmaneuver"],"picked":"Quick Slash","floor":3},{"not_picked":["Dodge and Roll","Concentrate"],"picked":"Slice","floor":4},{"not_picked":["Deadly Poison","Slice"],"picked":"Setup","floor":5},{"not_picked":["Dagger Throw","Sucker Punch"],"picked":"PiercingWail","floor":6},{"not_picked":["Concentrate","Endless Agony"],"picked":"Sucker Punch","floor":7},{"not_picked":["Leg Sweep","A Thousand Cuts"],"picked":"Dash","floor":11},{"not_picked":["Sucker Punch","Bane"],"picked":"Dagger Throw","floor":14}],"player_experience":578884,"relics_obtained":[{"floor":7,"key":"Thread and Needle"},{"floor":9,"key":"Dream Catcher"}],"event_choices":[{"event_name":"Big Fish","player_choice":"Box","floor":8,"damage_taken":0},{"event_name":"Liars Game","player_choice":"disagreed","floor":12,"damage_taken":0}],"is_beta":false,"boss_relics":[],"items_purged_floors":[],"is_endless":false,"potions_floor_spawned":[2,3,7,14],"killed_by":"Slime Boss","ascension_level":1}