{"gold_per_floor":[117,127,138,150,225,225,239,239,239,9,184,201,212,227,227,326,326,296,308,326,7,25,25],"floor_reached":23,"playtime":2017,"items_purged":["Strike_R"],"score":239,"play_id":"61c0aa12-d2e1-4389-8bb6-dc9f9c1316ae","local_time":"20180711012450","is_ascension_mode":false,"campfire_choices":[{"data":"Armaments","floor":6,"key":"SMITH"},{"data":"Warcry","floor":8,"key":"SMITH"},{"floor":15,"key":"REST"}],"neow_cost":"NONE","seed_source_timestamp":44766803545053,"circlet_count":0,"master_deck":["Strike_R","Strike_R","Strike_R","Strike_R","Defend_R","Defend_R","Defend_R","Defend_R","Bash","Feed","Anger","Armaments+1","Warcry+1","Anger","Doubt","Clothesline","Anger","Evolve","Feed","Flame Barrier","Iron Wave+1","Flash of Steel","Master of Strategy","Warcry"],"relics":["Burning Blood","Sundial","Boot","Runic Cube"],"potions_floor_usage":[4,16,16,16,19,20],"damage_taken":[{"damage":6,"enemies":"Cultist","floor":1,"turns":4},{"damage":2,"enemies":"2 Louse","floor":2,"turns":2},{"damage":8,"enemies":"Jaw Worm","floor":3,"turns":3},{"damage":15,"enemies":"Red Slaver","floor":4,"turns":5},{"damage":17,"enemies":"3 Louse","floor":7,"turns":4},{"damage":30,"enemies":"Large Slime","floor":12,"turns":9},{"damage":9,"enemies":"Exordium Thugs","floor":13,"turns":7},{"damage":3,"enemies":"3 Louse","floor":14,"turns":4},{"damage":45,"enemies":"Hexaghost","floor":16,"turns":8},{"damage":42,"enemies":"2 Thieves","floor":18,"turns":5},{"damage":9,"enemies":"3 Byrds","floor":19,"turns":5},{"damage":32,"enemies":"Centurion and Healer","floor":20,"turns":7},{"damage":12,"enemies":"Snake Plant","floor":22,"turns":4},{"damage":47,"enemies":"Slavers","floor":23,"turns":3}],"seed_played":"4731725692665488396","potions_obtained":[{"floor":3,"key":"FearPotion"},{"floor":12,"key":"Ancient Potion"},{"floor":13,"key":"Swift Potion"},{"floor":14,"key":"PowerPotion"},{"floor":18,"key":"Fire Potion"},{"floor":19,"key":"Block Potion"}],"is_trial":false,"path_per_floor":["M","M","M","M","?","R","M","R","T","$","?","M","M","M","R","B",null,"M","M","M","$","M"],"character_chosen":"IRONCLAD","items_purchased":["Boot","Flash of Steel","Master of Strategy","Warcry"],"campfire_rested":1,"item_purchase_floors":[10,21,21,21],"current_hp_per_floor":[83,86,87,82,71,71,63,63,63,63,63,43,43,49,80,41,106,70,71,48,48,42,0],"gold":25,"neow_bonus":"ONE_RANDOM_RARE_CARD","is_prod":false,"is_daily":false,"chose_seed":false,"campfire_upgraded":2,"win_rate":0.0,"timestamp":1531286690,"path_taken":["M","M","M","?","?","R","M","R","T","$","?","M","M","M","R","BOSS","M","M","M","$","M","E"],"build_version":"2018-07-05","purchased_purges":1,"victory":false,"max_hp_per_floor":[83,86,89,93,93,93,96,96,96,96,96,100,103,106,106,106,106,106,110,113,113,113,113],"card_choices":[{"not_picked":["Heavy Blade","Rage","Clothesline"],"picked":"SKIP","floor":1},{"not_picked":["Wild Strike","Sever Soul"],"picked":"Anger","floor":2},{"not_picked":["Inflame","Body Slam"],"picked":"Armaments","floor":3},{"not_picked":["Infernal Blade","Intimidate"],"picked":"Warcry","floor":4},{"not_picked":["Ghostly Armor","Entrench"],"picked":"Anger","floor":7},{"not_picked":["Immolate","Searing Blow"],"picked":"Clothesline","floor":12},{"not_picked":["Perfected Strike","Heavy Blade"],"picked":"Anger","floor":13},{"not_picked":["True Grit","Rupture"],"picked":"Evolve","floor":14},{"not_picked":["Berserk","Double Tap"],"picked":"Feed","floor":16},{"not_picked":["Twin Strike","Iron Wave","Blood for Blood+1"],"picked":"SKIP","floor":18},{"not_picked":["Disarm+1","Dual Wield"],"picked":"Flame Barrier","floor":19},{"not_picked":["Dual Wield","Body Slam"],"picked":"Iron Wave+1","floor":20},{"not_picked":["Dual Wield","Heavy Blade","Pommel Strike+1"],"picked":"SKIP","floor":22}],"player_experience":122813,"relics_obtained":[{"floor":9,"key":"Sundial"}],"event_choices":[{"event_name":"World of Goop","player_choice":"Gather Gold","floor":5,"damage_taken":0},{"event_name":"Liars Game","player_choice":"agreed","floor":11,"damage_taken":0}],"boss_relics":[{"not_picked":["Calling Bell","Tiny House"],"picked":"Runic Cube"}],"items_purged_floors":[10],"is_endless":false,"potions_floor_spawned":[3,12,13,14,18,19],"killed_by":"Slavers","ascension_level":0}