{"gold_per_floor":[119,137,137,23,42,42,368,368,368,400,400,400,91,110,110,214,214,229,18,35,35,35,35,35],"floor_reached":24,"playtime":2358,"items_purged":["Defend_G"],"score":222,"play_id":"37965a74-d41a-4788-be55-f7bfd02191b4","local_time":"20180930015951","is_ascension_mode":true,"campfire_choices":[{"data":"Expertise","floor":6,"key":"SMITH"},{"data":"Accuracy","floor":8,"key":"SMITH"},{"floor":15,"key":"REST"},{"data":"Prepared","floor":23,"key":"SMITH"}],"neow_cost":"NONE","seed_source_timestamp":25993470063834,"circlet_count":0,"master_deck":["Defend_G+1","Defend_G","Defend_G","Defend_G","Strike_G","Strike_G+1","Strike_G","Survivor","Neutralize","Expertise+1","Accuracy+1","Tactician","Infinite Blades","Envenom","Deadly Poison","Tactician","Poisoned Stab","Deflect","Prepared+1","Reflex","Night Terror","PiercingWail","Finesse","Well Laid Plans+1","Setup","Acrobatics"],"special_seed":0,"relics":["Ring of the Serpent","Smiling Mask","Old Coin","Frozen Egg 2","PreservedInsect","Snake Skull","Darkstone Periapt"],"potions_floor_usage":[14,16,24],"damage_taken":[{"damage":14.0,"enemies":"Jaw Worm","floor":1.0,"turns":8.0},{"damage":1.0,"enemies":"Small Slimes","floor":2.0,"turns":4.0},{"damage":4,"enemies":"Cultist","floor":5,"turns":5},{"damage":13,"enemies":"Lagavulin","floor":7,"turns":8},{"damage":15,"enemies":"3 Sentries","floor":10,"turns":9},{"damage":0,"enemies":"Large Slime","floor":14,"turns":5},{"damage":8,"enemies":"Hexaghost","floor":16,"turns":7},{"damage":18,"enemies":"Shell Parasite","floor":18,"turns":11},{"damage":29,"enemies":"2 Thieves","floor":20,"turns":5},{"damage":37,"enemies":"Cultist and Chosen","floor":24,"turns":6}],"seed_played":"-564362862325390603","potions_obtained":[{"floor":5,"key":"Explosive Potion"},{"floor":10,"key":"Block Potion"},{"floor":14,"key":"GamblersBrew"},{"floor":20,"key":"Fire Potion"}],"is_trial":false,"path_per_floor":["M","M","?","$","M","R","E","R","T","E","?","?","$","M","R","B",null,"M","$","M","?","?","R"],"character_chosen":"THE_SILENT","items_purchased":["Tactician","Infinite Blades","Snake Skull","Deflect","Prepared","Finesse","Well Laid Plans+1","Setup"],"campfire_rested":1,"item_purchase_floors":[4,4,13,13,13,19,19,19],"current_hp_per_floor":[56,55,41,41,37,37,24,24,24,9,9,9,9,9,30,22,70,52,52,23,23,23,23,0],"gold":35,"neow_bonus":"RANDOM_COMMON_RELIC","is_prod":false,"is_daily":false,"chose_seed":false,"campfire_upgraded":3,"win_rate":0,"timestamp":1538287191,"path_taken":["M","M","?","$","M","R","E","R","T","E","?","?","$","?","R","BOSS","M","$","M","?","?","R","M"],"build_version":"2018-09-27","purchased_purges":1,"victory":false,"max_hp_per_floor":[70,70,70,70,70,70,70,70,70,70,70,70,70,70,70,70,70,70,70,70,70,70,70,70],"card_choices":[{"not_picked":["Bane","Calculated Gamble"],"picked":"Expertise","floor":1.0},{"not_picked":["Caltrops","Cloak And Dagger"],"picked":"Accuracy","floor":2.0},{"not_picked":["Riddle With Holes","Deflect"],"picked":"Envenom","floor":5},{"not_picked":["Underhanded Strike","Dodge and Roll"],"picked":"Deadly Poison","floor":7},{"not_picked":["All Out Attack","Dagger Spray"],"picked":"Tactician","floor":10},{"not_picked":["Poisoned Stab","Flying Knee"],"picked":"Reflex","floor":14},{"not_picked":["Venomology","Doppelganger"],"picked":"Night Terror","floor":16},{"not_picked":["Distraction+1","Bane"],"picked":"PiercingWail","floor":18},{"not_picked":["Underhanded Strike","Outmaneuver"],"picked":"Acrobatics","floor":20}],"player_experience":698810,"relics_obtained":[{"floor":7,"key":"Old Coin"},{"floor":9,"key":"Frozen Egg 2"},{"floor":10,"key":"PreservedInsect"}],"event_choices":[{"event_name":"Shining Light","player_choice":"Entered Light","floor":3.0,"damage_taken":0.0},{"event_name":"Golden Idol","player_choice":"Ignored","floor":11,"damage_taken":0},{"event_name":"Living Wall","player_choice":"Change","floor":12,"damage_taken":0},{"event_name":"Purifier","player_choice":"One Purge","floor":21,"damage_taken":0},{"event_name":"The Mausoleum","player_choice":"Yes","floor":22,"damage_taken":0}],"is_beta":false,"boss_relics":[{"not_picked":["Fusion Hammer","Cursed Key"],"picked":"Ring of the Serpent"}],"items_purged_floors":[13],"is_endless":false,"potions_floor_spawned":[5,10,14,20],"killed_by":"Cultist and Chosen","ascension_level":2}