{"gold_per_floor":[112,127,127,147,32,50,50,65,114,141,141,141,168,185,185,185],"floor_reached":16,"playtime":613,"items_purged":[],"score":157,"play_id":"f8d4c883-a684-44d0-8f21-5dec90353938","local_time":"20181124164834","is_ascension_mode":true,"campfire_choices":[{"floor":7,"key":"RECALL"},{"floor":12,"key":"REST"},{"floor":15,"key":"REST"}],"neow_cost":"NONE","seed_source_timestamp":6245676299959,"circlet_count":0,"master_deck":["Defend_G","Defend_G","Defend_G","Defend_G","Defend_G","Strike_G","Strike_G","Strike_G","Strike_G","Survivor","Neutralize","Poisoned Stab","Noxious Fumes","Poisoned Stab","Footwork","Acrobatics","Backflip","Backflip","Dagger Throw","Malaise","Leg Sweep"],"relics":["Ring of the Snake","Darkstone Periapt","NlothsMask","Juzu Bracelet"],"potions_floor_usage":[10,10,10],"damage_taken":[{"damage":15,"enemies":"Jaw Worm","floor":1,"turns":5},{"damage":5,"enemies":"Cultist","floor":2,"turns":4},{"damage":11,"enemies":"Small Slimes","floor":4,"turns":4},{"damage":9,"enemies":"Red Slaver","floor":6,"turns":4},{"damage":3,"enemies":"Exordium Wildlife","floor":8,"turns":4},{"damage":11,"enemies":"3 Sentries","floor":10,"turns":8},{"damage":16,"enemies":"Lagavulin","floor":13,"turns":6},{"damage":16,"enemies":"Exordium Thugs","floor":14,"turns":5},{"damage":32,"enemies":"Hexaghost","floor":16,"turns":9}],"seed_played":"-5523323100583715405","potions_obtained":[{"floor":1,"key":"Explosive Potion"},{"floor":4,"key":"Explosive Potion"},{"floor":6,"key":"SkillPotion"},{"floor":13,"key":"Fire Potion"},{"floor":14,"key":"LiquidBronze"}],"is_trial":false,"path_per_floor":["M","M","?","M","$","M","R","M","T","E","?","R","E","M","R","B"],"character_chosen":"THE_SILENT","items_purchased":["Footwork","Acrobatics"],"campfire_rested":2,"item_purchase_floors":[5,5],"current_hp_per_floor":[55,50,50,39,39,30,30,27,27,16,16,39,23,7,30,0],"gold":185,"neow_bonus":"TEN_PERCENT_HP_BONUS","is_prod":false,"is_daily":false,"chose_seed":false,"campfire_upgraded":0,"win_rate":0,"timestamp":1543031314,"path_taken":["M","M","?","?","?","M","R","M","T","E","?","R","E","M","R","BOSS"],"build_version":"2018-11-15","purchased_purges":0,"victory":false,"max_hp_per_floor":[77,77,77,77,77,77,77,77,77,77,77,77,77,77,77,77],"card_choices":[{"not_picked":["Choke","Infinite Blades"],"picked":"Poisoned Stab","floor":1},{"not_picked":["Deadly Poison","Eviscerate"],"picked":"Noxious Fumes","floor":2},{"not_picked":["Flying Knee","Setup"],"picked":"Poisoned Stab","floor":4},{"not_picked":["Quick Slash","Night Terror"],"picked":"Backflip","floor":6},{"not_picked":["Bouncing Flask","Blur"],"picked":"Backflip","floor":8},{"not_picked":["Deadly Poison","Dagger Spray"],"picked":"Dagger Throw","floor":10},{"not_picked":["Predator","Slice"],"picked":"Malaise","floor":13},{"not_picked":["Distraction","PiercingWail"],"picked":"Leg Sweep","floor":14}],"player_experience":378379,"relics_obtained":[{"floor":10,"key":"Darkstone Periapt"},{"floor":13,"key":"Juzu Bracelet"}],"event_choices":[{"cards_removed":["Strike_G"],"damage_healed":0,"gold_gain":0,"player_choice":"Offered Basic","damage_taken":0,"max_hp_gain":0,"max_hp_loss":0,"event_name":"Bonfire Elementals","floor":3,"gold_loss":0},{"damage_healed":0,"gold_gain":0,"player_choice":"Trade","damage_taken":0,"relics_obtained":["NlothsMask"],"max_hp_gain":0,"max_hp_loss":0,"event_name":"FaceTrader","floor":11,"gold_loss":0}],"is_beta":false,"boss_relics":[],"items_purged_floors":[],"is_endless":false,"potions_floor_spawned":[1,4,6,13,14],"killed_by":"Hexaghost","ascension_level":8}