{"path_per_floor":["M","M","M","?","M","R","M","M","T","?","E","M","?","M","R","B",null,"M","$","M","?","?","R","E","R","T","R","E","M","?","M","R","B",null,"M","?","M","?","M","R","?","R","T","?","$","M","M","M","R"],"character_chosen":"IRONCLAD","items_purchased":["Evolve","Magnetism","Fire Potion"],"gold_per_floor":[117,133,152,152,169,169,184,199,199,274,309,325,325,338,338,442,442,397,20,20,20,20,20,20,20,20,20,20,20,20,20,20,20,20,20,20,20,20,20,20,20,20,20,20,20,20,20,20,20,20],"floor_reached":50,"campfire_rested":4,"playtime":3817,"item_purchase_floors":[],"current_hp_per_floor":[80,80,80,80,78,78,80,80,80,69,72,78,78,80,80,42,80,66,66,70,70,70,70,50,50,50,74,62,55,55,44,68,49,80,48,48,35,35,41,65,65,65,65,55,55,25,31,29,53,0],"items_purged":["Regret"],"gold":20,"score":511,"play_id":"5230e85f-1db2-46c8-9c78-81c21bb2723e","local_time":"20180619195819","is_prod":false,"is_daily":false,"chose_seed":false,"is_ascension_mode":false,"campfire_upgraded":5,"win_rate":0.0,"timestamp":1529452699,"campfire_choices":[{"data":"Body Slam","floor":6.0,"key":"SMITH"},{"data":"Flex","floor":15.0,"key":"SMITH"},{"data":"Magnetism","floor":23.0,"key":"SMITH"},{"data":"Evolve","floor":25.0,"key":"SMITH"},{"floor":27.0,"key":"REST"},{"floor":32.0,"key":"REST"},{"floor":40,"key":"REST"},{"data":"Secret Weapon","floor":42,"key":"SMITH"},{"floor":49,"key":"REST"}],"path_taken":["BOSS","M","M","M","?","M","R","M","M","T","?","E","?","?","M","R","BOSS","M","$","?","?","?","R","E","R","T","R","E","?","?","?","R","BOSS","M","?","M","?","M","R","?","R","T","?","?","?","?","M","R","BOSS"],"build_version":"2018-06-14v2","seed_source_timestamp":0,"purchased_purges":1,"victory":false,"master_deck":["Strike_R+1","Strike_R+1","Defend_R+1","Defend_R+1","Defend_R+1","Bash+1","Armaments","Power Through+1","Flex+1","Body Slam+1","Metallicize","Headbutt","Battle Trance","Limit Break","Pummel","Evolve+1","Magnetism+1","True Grit+1","Power Through","Sentinel+1","Barricade","Burning Pact+1","Warcry","Secret Weapon+1","Madness","Madness","Rampage+1","Reaper","Battle Trance"],"max_hp_per_floor":[80,80,80,80,80,80,80,80,80,80,80,80,80,80,80,80,80,80,80,80,80,80,80,80,80,80,80,80,80,80,80,80,80,80,80,80,80,80,80,80,80,80,80,80,80,80,80,80,80,80],"special_seed":0,"relics":["Burning Blood","Shuriken","Bronze Scales","Bag of Preparation","Ectoplasm","Prayer Wheel","Bag of Marbles","War Paint","Empty Cage","Happy Flower"],"card_choices":[{"not_picked":["Wild Strike","Headbutt"],"picked":"Armaments","floor":1.0},{"not_picked":["Heavy Blade","Barricade","Dropkick"],"picked":"SKIP","floor":2.0},{"not_picked":["Havoc","Body Slam"],"picked":"Power Through","floor":3.0},{"not_picked":["Havoc","Flex"],"picked":"Body Slam","floor":5.0},{"not_picked":["Headbutt","Heavy Blade","Wild Strike"],"picked":"SKIP","floor":7.0},{"not_picked":["Clash","Fire Breathing"],"picked":"Inflame","floor":8.0},{"not_picked":["Spot Weakness","Searing Blow"],"picked":"Metallicize","floor":11.0},{"not_picked":["Iron Wave","True Grit"],"picked":"Headbutt","floor":12.0},{"not_picked":["Sword Boomerang","Armaments"],"picked":"Battle Trance","floor":14.0},{"not_picked":["Offering","Demon Form"],"picked":"Limit Break","floor":16.0},{"not_picked":["Clothesline","Iron Wave"],"picked":"Pummel","floor":18.0},{"not_picked":["Sentinel","Twin Strike"],"picked":"True Grit+1","floor":20.0},{"not_picked":["Thunderclap+1","Perfected Strike+1"],"picked":"Power Through","floor":24.0},{"not_picked":["Searing Blow+1","Demon Form"],"picked":"Sentinel","floor":28.0},{"not_picked":["Flex","Body Slam+1","Flame Barrier"],"picked":"SKIP","floor":29.0},{"not_picked":["Clothesline","Twin Strike","Anger"],"picked":"SKIP","floor":29.0},{"not_picked":["Shrug It Off+1","Shockwave","Havoc"],"picked":"SKIP","floor":31.0},{"not_picked":["Sword Boomerang","Bludgeon","True Grit+1"],"picked":"SKIP","floor":31.0},{"not_picked":["Reaper","Immolate"],"picked":"Barricade","floor":33.0},{"not_picked":["Heavy Blade+1","Uppercut"],"picked":"Burning Pact+1","floor":35.0},{"not_picked":["Warcry","Cleave+1","Wild Strike"],"picked":"SKIP","floor":35.0},{"not_picked":["Cleave+1","Wild Strike"],"picked":"Warcry","floor":35.0},{"not_picked":["Panache","Trip"],"picked":"Secret Weapon","floor":36.0},{"not_picked":["Iron Wave+1","Clash+1","Evolve+1"],"picked":"SKIP","floor":37.0},{"not_picked":["Clothesline+1","Rupture+1","Disarm+1"],"picked":"SKIP","floor":37.0},{"not_picked":["Twin Strike+1","True Grit+1"],"picked":"Rampage+1","floor":46},{"not_picked":["Warcry","Armaments"],"picked":"Reaper","floor":46},{"not_picked":["Perfected Strike+1","Sword Boomerang+1"],"picked":"Battle Trance","floor":47},{"not_picked":["Clothesline","Iron Wave","Cleave+1"],"picked":"SKIP","floor":47}],"player_experience":47535,"potions_floor_usage":[39,47,48],"damage_taken":[{"damage":3.0,"enemies":"Jaw Worm","floor":1.0,"turns":4.0},{"damage":5.0,"enemies":"Cultist","floor":2.0,"turns":4.0},{"damage":0.0,"enemies":"2 Louse","floor":3.0,"turns":2.0},{"damage":8.0,"enemies":"2 Fungi Beasts","floor":5.0,"turns":4.0},{"damage":4.0,"enemies":"Gremlin Gang","floor":7.0,"turns":4.0},{"damage":1.0,"enemies":"3 Louse","floor":8.0,"turns":4.0},{"damage":3.0,"enemies":"Lagavulin","floor":11.0,"turns":3.0},{"damage":0.0,"enemies":"Large Slime","floor":12.0,"turns":4.0},{"damage":3.0,"enemies":"Exordium Thugs","floor":14.0,"turns":5.0},{"damage":44.0,"enemies":"Hexaghost","floor":16.0,"turns":8.0},{"damage":20.0,"enemies":"2 Thieves","floor":18.0,"turns":3.0},{"damage":2.0,"enemies":"Shell Parasite","floor":20.0,"turns":4.0},{"damage":26.0,"enemies":"Gremlin Leader","floor":24.0,"turns":5.0},{"damage":18.0,"enemies":"Slavers","floor":28.0,"turns":5.0},{"damage":13.0,"enemies":"Snake Plant","floor":29.0,"turns":3.0},{"damage":17.0,"enemies":"Snecko","floor":31.0,"turns":4.0},{"damage":40.0,"enemies":"Automaton","floor":33.0,"turns":8.0},{"damage":38.0,"enemies":"3 Shapes","floor":35.0,"turns":7.0},{"damage":19.0,"enemies":"3 Darklings","floor":37.0,"turns":6.0},{"damage":0,"enemies":"4 Shapes","floor":39,"turns":2},{"damage":36,"enemies":"Sphere and 2 Shapes","floor":46,"turns":7},{"damage":5,"enemies":"Maw","floor":47,"turns":7},{"damage":8,"enemies":"3 Darklings","floor":48,"turns":3},{"damage":72,"enemies":"Awakened One","floor":50,"turns":5}],"relics_obtained":[{"floor":9.0,"key":"Shuriken"},{"floor":11.0,"key":"Bronze Scales"},{"floor":24.0,"key":"Prayer Wheel"},{"floor":26.0,"key":"Bag of Marbles"},{"floor":28.0,"key":"War Paint"},{"floor":43,"key":"Happy Flower"}],"event_choices":[{"event_name":"Living Wall","player_choice":"Change","floor":4.0,"damage_taken":0.0},{"event_name":"World of Goop","player_choice":"Gather Gold","floor":10.0,"damage_taken":0.0},{"event_name":"Big Fish","player_choice":"Box","floor":13.0,"damage_taken":0.0},{"event_name":"Golden Shrine","player_choice":"Skipped","floor":21.0,"damage_taken":0.0},{"event_name":"Back to Basics","player_choice":"Simplicity","floor":22.0,"damage_taken":0.0},{"event_name":"Beggar","player_choice":"Ignored","floor":30.0,"damage_taken":0.0},{"event_name":"SensoryStone","player_choice":"Memory 1","floor":36.0,"damage_taken":0.0},{"event_name":"Bonfire Elementals","player_choice":"BASIC","floor":38,"damage_taken":0},{"event_name":"Falling","player_choice":"Removed Power","floor":41,"damage_taken":0},{"event_name":"Winding Halls","player_choice":"Embrace Madness","floor":44,"damage_taken":0}],"boss_relics":[{"not_picked":["Runic Cube","Velvet Choker"],"picked":"Ectoplasm"},{"not_picked":["Fusion Hammer","Runic Dome"],"picked":"Empty Cage"}],"items_purged_floors":[],"is_endless":false,"potions_floor_spawned":[3,7,8,11,16,24,28,31,35,46,47],"seed_played":"-5339070230479857079","killed_by":"Awakened One","ascension_level":0,"potions_obtained":[{"floor":3.0,"key":"Fire Potion"},{"floor":7.0,"key":"SteroidPotion"},{"floor":8.0,"key":"Fire Potion"},{"floor":11.0,"key":"LiquidBronze"},{"floor":16.0,"key":"Explosive Potion"},{"floor":24.0,"key":"SmokeBomb"},{"floor":28.0,"key":"Fruit Juice"},{"floor":31.0,"key":"Regen Potion"},{"floor":35.0,"key":"PowerPotion"},{"floor":46,"key":"Explosive Potion"},{"floor":47,"key":"SmokeBomb"}],"is_trial":false}