{"gold_per_floor":[112,112,122,122,122,122,150,150,150,169,187,187,206,224,224,321,321,335,335,260,260,260,292,302,233,233,233,264,276],"floor_reached":29,"playtime":978,"items_purged":[],"score":365,"play_id":"6f2e509c-1604-403e-9f08-abdbaff26802","local_time":"20190221152415","is_ascension_mode":true,"campfire_choices":[{"data":"Perfected Strike","floor":6,"key":"SMITH"},{"data":"Iron Wave","floor":8,"key":"SMITH"},{"floor":12,"key":"RECALL"},{"data":"Pommel Strike","floor":15,"key":"SMITH"},{"floor":27,"key":"REST"}],"neow_cost":"NONE","seed_source_timestamp":4884983361429,"circlet_count":0,"master_deck":["Strike_R","Strike_R","Strike_R","Strike_R","Strike_R","Defend_R","Defend_R","Defend_R","Defend_R","Bash","Infernal Blade","Perfected Strike+1","Iron Wave+1","Headbutt","Pommel Strike+1","Double Tap","Shockwave","Metallicize+1","Metallicize","Thunderclap+1"],"relics":["Burning Blood","Letter Opener","WarpedTongs","Magic Flower","Philosopher\u0027s Stone","Nilry\u0027s Codex","Paper Frog","Ornamental Fan","Pen Nib","Kunai","MawBank"],"potions_floor_usage":[7,16,16,23,28],"damage_taken":[{"damage":13,"enemies":"Jaw Worm","floor":1,"turns":4},{"damage":11,"enemies":"Cultist","floor":3,"turns":4},{"damage":18,"enemies":"Lagavulin","floor":7,"turns":5},{"damage":2,"enemies":"Small Slimes","floor":10,"turns":3},{"damage":15,"enemies":"3 Louse","floor":11,"turns":3},{"damage":5,"enemies":"2 Fungi Beasts","floor":13,"turns":3},{"damage":8,"enemies":"Looter","floor":14,"turns":3},{"damage":44,"enemies":"Slime Boss","floor":16,"turns":9},{"damage":17,"enemies":"Chosen","floor":18,"turns":3},{"damage":25,"enemies":"Book of Stabbing","floor":23,"turns":4},{"damage":21,"enemies":"3 Byrds","floor":24,"turns":5},{"damage":32,"enemies":"Gremlin Leader","floor":28,"turns":6},{"damage":31,"enemies":"Snecko","floor":29,"turns":4}],"seed_played":"630877036620111658","potions_obtained":[{"floor":3,"key":"AttackPotion"},{"floor":11,"key":"Weak Potion"},{"floor":14,"key":"Dexterity Potion"},{"floor":18,"key":"Block Potion"},{"floor":23,"key":"SteroidPotion"}],"is_trial":false,"path_per_floor":["M","?","M","T","?","R","E","R","T","M","M","R","M","M","R","B",null,"M","?","?","?","T","E","M","$","T","R","E","M"],"character_chosen":"IRONCLAD","items_purchased":["Metallicize"],"campfire_rested":1,"item_purchase_floors":[25],"current_hp_per_floor":[65,90,85,85,85,85,73,73,73,80,74,74,78,79,79,44,79,71,55,55,55,55,39,27,27,27,54,31,0],"gold":276,"neow_bonus":"ONE_RANDOM_RARE_CARD","is_prod":false,"is_daily":false,"chose_seed":false,"campfire_upgraded":3,"win_rate":0,"timestamp":1550715855,"path_taken":["M","?","?","?","?","R","E","R","T","M","M","R","?","M","R","BOSS","M","?","?","?","?","E","M","$","T","R","E","?"],"build_version":"2019-01-23","purchased_purges":0,"victory":false,"max_hp_per_floor":[80,90,90,90,90,90,90,90,90,90,90,90,90,90,90,90,90,90,90,90,90,90,90,90,90,90,90,90,90],"card_choices":[{"not_picked":["True Grit","Feel No Pain"],"picked":"Infernal Blade","floor":1},{"not_picked":["Heavy Blade","Thunderclap"],"picked":"Perfected Strike","floor":3},{"not_picked":["Havoc","Cleave"],"picked":"Iron Wave","floor":7},{"not_picked":["Sentinel","Combust","Fire Breathing"],"picked":"SKIP","floor":10},{"not_picked":["True Grit","Sword Boomerang","Fire Breathing"],"picked":"SKIP","floor":11},{"not_picked":["Heavy Blade","True Grit"],"picked":"Headbutt","floor":13},{"not_picked":["Second Wind","Bloodletting"],"picked":"Pommel Strike","floor":14},{"not_picked":["Berserk","Juggernaut"],"picked":"Double Tap","floor":16},{"not_picked":["Iron Wave","Thunderclap"],"picked":"Shockwave","floor":18},{"not_picked":["Perfected Strike","Warcry"],"picked":"Metallicize+1","floor":23},{"not_picked":["Rupture","Reckless Charge+1","Iron Wave"],"picked":"SKIP","floor":24},{"not_picked":["Iron Wave","Clash"],"picked":"Thunderclap+1","floor":28}],"player_experience":402636,"relics_obtained":[{"floor":4,"key":"Letter Opener"},{"floor":7,"key":"Magic Flower"},{"floor":19,"key":"Nilry\u0027s Codex"},{"floor":22,"key":"Ornamental Fan"},{"floor":23,"key":"Pen Nib"},{"floor":26,"key":"Kunai"},{"floor":28,"key":"MawBank"}],"event_choices":[{"cards_removed":["Dark Embrace"],"damage_healed":15,"gold_gain":0,"player_choice":"Offered Rare","damage_taken":0,"max_hp_gain":10,"max_hp_loss":0,"event_name":"Bonfire Elementals","floor":2,"gold_loss":0},{"damage_healed":0,"gold_gain":0,"player_choice":"Rummage","damage_taken":0,"relics_obtained":["WarpedTongs"],"max_hp_gain":0,"max_hp_loss":0,"event_name":"Accursed Blacksmith","floor":5,"gold_loss":0,"cards_obtained":["Pain"]},{"damage_healed":0,"gold_gain":0,"player_choice":"Obtained Book","damage_taken":16,"max_hp_gain":0,"max_hp_loss":0,"event_name":"Cursed Tome","floor":19,"gold_loss":0},{"cards_removed":["Pain"],"damage_healed":0,"gold_gain":0,"player_choice":"Gave Gold","damage_taken":0,"max_hp_gain":0,"max_hp_loss":0,"event_name":"Beggar","floor":20,"gold_loss":75},{"damage_healed":0,"gold_gain":0,"player_choice":"Opened","damage_taken":0,"relics_obtained":["Paper Frog"],"max_hp_gain":0,"max_hp_loss":0,"event_name":"The Mausoleum","floor":21,"gold_loss":0}],"is_beta":false,"boss_relics":[{"not_picked":["Orrery","Runic Dome"],"picked":"Philosopher\u0027s Stone"}],"items_purged_floors":[],"is_endless":false,"potions_floor_spawned":[3,11,14,18,23],"killed_by":"Snecko","ascension_level":8}