{"gold_per_floor":[114,114,128,78,95,123,123,134,160,177,177],"floor_reached":11,"playtime":332,"items_purged":[],"score":109,"play_id":"0db4d96d-2b91-47ef-a78e-31b2261b7de3","local_time":"20181125170015","is_ascension_mode":true,"campfire_choices":[],"neow_cost":"PERCENT_DAMAGE","seed_source_timestamp":2643746315206,"circlet_count":0,"master_deck":["Defend_G","Defend_G","Defend_G","Strike_G","Strike_G","Strike_G","Strike_G","Survivor+1","Neutralize","Heel Hook","Catalyst+1","Dash","Distraction","Distraction","Dodge and Roll"],"relics":["Ring of the Snake","War Paint"],"potions_floor_usage":[8,10,11],"damage_taken":[{"damage":0,"enemies":"Jaw Worm","floor":1,"turns":5},{"damage":3,"enemies":"2 Louse","floor":3,"turns":3},{"damage":2,"enemies":"Small Slimes","floor":5,"turns":4},{"damage":20,"enemies":"3 Sentries","floor":6,"turns":5},{"damage":4,"enemies":"Exordium Thugs","floor":8,"turns":5},{"damage":0,"enemies":"Lots of Slimes","floor":10,"turns":2},{"damage":22,"enemies":"Lagavulin","floor":11,"turns":3}],"seed_played":"-2648756993158854349","potions_obtained":[{"floor":3,"key":"Poison Potion"},{"floor":6,"key":"Explosive Potion"},{"floor":8,"key":"FearPotion"}],"is_trial":false,"path_per_floor":["M","?","M","?","M","E","?","M","T","M","E"],"character_chosen":"THE_SILENT","items_purchased":[],"campfire_rested":0,"item_purchase_floors":[],"current_hp_per_floor":[45,50,47,47,45,25,18,14,14,14,0],"gold":177,"neow_bonus":"TRANSFORM_TWO_CARDS","is_prod":false,"is_daily":false,"chose_seed":false,"campfire_upgraded":0,"win_rate":0,"timestamp":1543118415,"path_taken":["M","?","M","?","M","E","?","?","T","?","E"],"build_version":"2018-11-15","purchased_purges":0,"victory":false,"max_hp_per_floor":[70,75,75,75,75,75,75,75,75,75,75],"card_choices":[{"not_picked":["Underhanded Strike","Concentrate","Prepared"],"picked":"SKIP","floor":1},{"not_picked":["Dagger Throw","Slice"],"picked":"Dash","floor":3},{"not_picked":["Accuracy","Caltrops"],"picked":"Distraction","floor":5},{"not_picked":["PiercingWail","Underhanded Strike"],"picked":"Distraction","floor":6},{"not_picked":["Crippling Poison","Riddle With Holes","All Out Attack"],"picked":"SKIP","floor":8},{"not_picked":["Choke","Flechettes"],"picked":"Dodge and Roll","floor":10}],"player_experience":383304,"relics_obtained":[{"floor":6,"key":"War Paint"}],"event_choices":[{"damage_healed":0,"gold_gain":0,"player_choice":"Donut","damage_taken":0,"max_hp_gain":5,"max_hp_loss":0,"event_name":"Big Fish","floor":2,"gold_loss":0},{"cards_removed":["Defend_G"],"damage_healed":0,"gold_gain":0,"player_choice":"Card Removal","damage_taken":0,"max_hp_gain":0,"max_hp_loss":0,"event_name":"The Cleric","floor":4,"gold_loss":50},{"damage_healed":0,"gold_gain":0,"player_choice":"Damaged","damage_taken":7,"max_hp_gain":0,"max_hp_loss":0,"event_name":"Wheel of Change","floor":7,"gold_loss":0}],"is_beta":false,"boss_relics":[],"items_purged_floors":[],"is_endless":false,"potions_floor_spawned":[3,6,8],"killed_by":"Lagavulin","ascension_level":9}