{"gold_per_floor":[116,127,87,87,87,87,112,112,112,146,159,193,207,220,220,321,321,341,341,89,89,89,117,117,127,150,179,196,271,303,317,317,422,422,436,451,468,482,83,117,117,144,144,144,163,163,174,209,209,209],"floor_reached":51,"playtime":3822,"items_purged":["Pain","Strike_R"],"score":958,"play_id":"2151569a-6459-474f-8595-30a016d95d81","local_time":"20190123180157","is_ascension_mode":true,"campfire_choices":[{"data":"Bash","floor":6,"key":"SMITH"},{"data":"Intimidate","floor":8,"key":"SMITH"},{"data":"Bludgeon","floor":15,"key":"SMITH"},{"data":"Double Tap","floor":24,"key":"SMITH"},{"data":"True Grit","floor":32,"key":"SMITH"},{"data":"Dual Wield","floor":41,"key":"SMITH"},{"data":"Burning Pact","floor":44,"key":"SMITH"},{"data":"Spot Weakness","floor":49,"key":"SMITH"}],"neow_cost":"NONE","seed_source_timestamp":5824889682336,"circlet_count":0,"master_deck":["Strike_R","Defend_R","Defend_R","Defend_R","Defend_R","Bash+1","Sword Boomerang","Clothesline","Intimidate+1","Anger","Disarm","Bludgeon+1","Iron Wave","Double Tap+1","Metallicize","Feed","True Grit+1","Feed","Inflame+1","Juggernaut","Burning Pact+1","Offering","Double Tap+1","Thunderclap+1","Feel No Pain+1","True Grit+1","Metallicize+1","Dual Wield+1","Headbutt+1","Spot Weakness+1","Pommel Strike+1","Master of Strategy","Offering"],"relics":["Burning Blood","NeowsBlessing","Bird Faced Urn","Ancient Tea Set","PreservedInsect","Mercury Hourglass","Pear","Sozu","WarpedTongs","Boot","Blood Vial","Letter Opener","Frozen Egg 2","Astrolabe","Pen Nib","Anchor","Bag of Marbles","Bag of Preparation","Paper Frog","Mummified Hand"],"potions_floor_usage":[10,12,16,23,25],"damage_taken":[{"damage":0,"enemies":"Cultist","floor":1,"turns":1},{"damage":0,"enemies":"Jaw Worm","floor":2,"turns":1},{"damage":0,"enemies":"3 Sentries","floor":7,"turns":1},{"damage":7,"enemies":"Gremlin Nob","floor":10,"turns":3},{"damage":5,"enemies":"2 Louse","floor":11,"turns":2},{"damage":7,"enemies":"3 Sentries","floor":12,"turns":4},{"damage":10,"enemies":"Exordium Thugs","floor":13,"turns":5},{"damage":7,"enemies":"Looter","floor":14,"turns":3},{"damage":0,"enemies":"Slime Boss","floor":16,"turns":8},{"damage":0,"enemies":"Spheric Guardian","floor":18,"turns":2},{"damage":2,"enemies":"Book of Stabbing","floor":23,"turns":4},{"damage":1,"enemies":"2 Thieves","floor":25,"turns":4},{"damage":15,"enemies":"Gremlin Leader","floor":27,"turns":5},{"damage":10,"enemies":"Chosen and Byrds","floor":28,"turns":4},{"damage":10,"enemies":"Book of Stabbing","floor":30,"turns":4},{"damage":7,"enemies":"Shelled Parasite and Fungi","floor":31,"turns":5},{"damage":52,"enemies":"Automaton","floor":33,"turns":10},{"damage":0,"enemies":"Orb Walker","floor":35,"turns":2},{"damage":2,"enemies":"3 Shapes","floor":36,"turns":5},{"damage":20,"enemies":"Jaw Worm Horde","floor":37,"turns":5},{"damage":14,"enemies":"4 Shapes","floor":38,"turns":4},{"damage":15,"enemies":"Giant Head","floor":40,"turns":6},{"damage":0,"enemies":"Reptomancer","floor":42,"turns":2},{"damage":6,"enemies":"3 Darklings","floor":45,"turns":13},{"damage":28,"enemies":"Spire Growth","floor":47,"turns":3},{"damage":10,"enemies":"Nemesis","floor":48,"turns":3},{"damage":42,"enemies":"Donu and Deca","floor":50,"turns":6}],"seed_played":"-760987834269202910","potions_obtained":[{"floor":3,"key":"FearPotion"},{"floor":3,"key":"Block Potion"},{"floor":3,"key":"Energy Potion"},{"floor":11,"key":"SteroidPotion"},{"floor":12,"key":"Block Potion"},{"floor":16,"key":"BloodPotion"}],"is_trial":false,"path_per_floor":["M","M","?","$","T","R","E","R","T","E","M","E","M","M","R","B",null,"M","?","$","?","?","E","R","M","T","E","M","?","E","M","R","B",null,"M","M","M","M","$","E","R","E","T","R","M","?","M","E","R","B",null],"character_chosen":"IRONCLAD","items_purchased":["Feed","True Grit","Pen Nib","Anchor"],"campfire_rested":0,"item_purchase_floors":[20,20,39,39],"current_hp_per_floor":[80,80,80,80,80,80,80,80,80,79,80,89,85,84,84,90,90,90,90,90,90,90,90,90,90,90,89,95,85,92,100,100,62,106,106,109,110,114,114,115,115,120,120,120,124,114,96,103,103,79],"gold":209,"neow_bonus":"THREE_ENEMY_KILL","is_prod":false,"is_daily":false,"chose_seed":false,"campfire_upgraded":8,"win_rate":0,"timestamp":1548219717,"path_taken":["M","?","?","$","?","R","E","R","T","E","M","E","M","?","R","BOSS","M","?","$","?","?","E","R","M","T","E","?","?","E","M","R","BOSS","M","M","M","M","$","E","R","E","T","R","M","?","M","E","R","BOSS"],"build_version":"2019-01-17v2","purchased_purges":2,"victory":true,"max_hp_per_floor":[80,80,80,80,80,80,80,80,80,80,80,90,90,90,90,90,90,90,90,90,90,90,90,90,90,90,94,100,100,103,106,106,106,106,106,109,116,120,120,120,120,120,120,120,124,124,124,127,127,127],"card_choices":[{"not_picked":["Perfected Strike","Thunderclap"],"picked":"Sword Boomerang","floor":1},{"not_picked":["Infernal Blade","Heavy Blade"],"picked":"Clothesline","floor":2},{"not_picked":["Sword Boomerang","Heavy Blade"],"picked":"Intimidate","floor":7},{"not_picked":["Heavy Blade","Infernal Blade"],"picked":"Anger","floor":10},{"not_picked":["Sever Soul","Entrench"],"picked":"Disarm","floor":11},{"not_picked":["Power Through","Searing Blow"],"picked":"Bludgeon","floor":12},{"not_picked":["Flex","Bloodletting"],"picked":"Iron Wave","floor":13},{"not_picked":["Clothesline","Warcry","Thunderclap"],"picked":"SKIP","floor":14},{"not_picked":["Berserk","Brutality"],"picked":"Double Tap","floor":16},{"not_picked":["Cleave","Heavy Blade"],"picked":"Metallicize","floor":18},{"not_picked":["Clash+1","Anger","Clothesline"],"picked":"SKIP","floor":23},{"not_picked":["Anger","Combust+1"],"picked":"Inflame+1","floor":25},{"not_picked":["Headbutt","Iron Wave"],"picked":"Juggernaut","floor":27},{"not_picked":["Power Through","Clothesline+1","Sword Boomerang"],"picked":"SKIP","floor":28},{"not_picked":["Fiend Fire","Reckless Charge","Intimidate"],"picked":"SKIP","floor":30},{"not_picked":["Clothesline","Pummel"],"picked":"Burning Pact","floor":31},{"not_picked":["Double Tap","Juggernaut+1"],"picked":"Offering","floor":33},{"not_picked":["Fire Breathing+1","Power Through+1"],"picked":"True Grit+1","floor":35},{"not_picked":["Thunderclap","Perfected Strike"],"picked":"Metallicize+1","floor":36},{"not_picked":["Ghostly Armor+1","Clothesline+1"],"picked":"Dual Wield","floor":37},{"not_picked":["Bloodletting","Clash+1"],"picked":"Headbutt+1","floor":38},{"not_picked":["Pummel","Berserk+1","Cleave"],"picked":"SKIP","floor":40},{"not_picked":["Bloodletting+1","Metallicize+1"],"picked":"Spot Weakness","floor":42},{"not_picked":["True Grit","Clash"],"picked":"Pommel Strike+1","floor":45},{"not_picked":["Finesse","Sadistic Nature+1"],"picked":"Master of Strategy","floor":46},{"not_picked":["Rampage","Clash","Heavy Blade"],"picked":"SKIP","floor":47},{"not_picked":["Pummel+1","Rampage"],"picked":"Offering","floor":48}],"player_experience":4244,"relics_obtained":[{"floor":5,"key":"Bird Faced Urn"},{"floor":7,"key":"Ancient Tea Set"},{"floor":9,"key":"PreservedInsect"},{"floor":10,"key":"Mercury Hourglass"},{"floor":12,"key":"Pear"},{"floor":23,"key":"Boot"},{"floor":26,"key":"Blood Vial"},{"floor":27,"key":"Letter Opener"},{"floor":30,"key":"Frozen Egg 2"},{"floor":40,"key":"Bag of Marbles"},{"floor":42,"key":"Bag of Preparation"},{"floor":43,"key":"Paper Frog"},{"floor":48,"key":"Mummified Hand"}],"event_choices":[{"damage_healed":0,"gold_gain":0,"player_choice":"Bought 3 Potions","damage_taken":0,"max_hp_gain":0,"max_hp_loss":0,"event_name":"The Woman in Blue","floor":3,"gold_loss":0},{"damage_healed":0,"gold_gain":0,"player_choice":"Rummage","damage_taken":0,"relics_obtained":["WarpedTongs"],"max_hp_gain":0,"max_hp_loss":0,"event_name":"Accursed Blacksmith","floor":19,"gold_loss":0,"cards_obtained":["Pain"]},{"damage_healed":0,"gold_gain":0,"player_choice":"Ignored","damage_taken":0,"max_hp_gain":0,"max_hp_loss":0,"event_name":"Ghosts","floor":21,"gold_loss":0},{"damage_healed":0,"gold_gain":0,"player_choice":"Copied","damage_taken":0,"max_hp_gain":0,"max_hp_loss":0,"event_name":"Duplicator","floor":22,"gold_loss":0,"cards_obtained":["Feed"]},{"damage_healed":0,"gold_gain":75,"player_choice":"Touch","damage_taken":10,"max_hp_gain":0,"max_hp_loss":0,"event_name":"FaceTrader","floor":29,"gold_loss":0},{"damage_healed":0,"gold_gain":0,"player_choice":"Memory 3","damage_taken":10,"max_hp_gain":0,"max_hp_loss":0,"event_name":"SensoryStone","floor":46,"gold_loss":0}],"is_beta":false,"boss_relics":[{"not_picked":["Black Blood","Runic Pyramid"],"picked":"Sozu"},{"not_picked":["Calling Bell","Black Star"],"picked":"Astrolabe"}],"items_purged_floors":[20,39],"is_endless":false,"potions_floor_spawned":[7,11,12,14,16,25,27,28,31,33,35,38,40,48],"ascension_level":1}