{"gold_per_floor":[214,214,229,7,26,26,37,37,37,68,68,84,84,103,103,174,174,191,52,52,2,0,0,31,31,31,31,31,31,51,101,101,176,176,190,140,140,190,209,209,243,243,243,260,274,2,15,33,33,33],"floor_reached":51,"playtime":3244,"items_purged":["Strike_G","Strike_G","Strike_G+1","Defend_G"],"score":1407,"play_id":"6bd85220-7378-4496-9c29-69d3150c0a65","local_time":"20190210125804","is_ascension_mode":true,"campfire_choices":[{"data":"Bouncing Flask","floor":6,"key":"SMITH"},{"data":"Neutralize","floor":8,"key":"SMITH"},{"data":"All Out Attack","floor":11,"key":"SMITH"},{"data":"Backflip","floor":15,"key":"SMITH"},{"data":"Malaise","floor":23,"key":"SMITH"},{"data":"Leg Sweep","floor":27,"key":"SMITH"},{"data":"PiercingWail","floor":29,"key":"SMITH"},{"data":"Survivor","floor":32,"key":"SMITH"},{"data":"Defend_G","floor":40,"key":"SMITH"},{"floor":42,"key":"REST"},{"data":"Deadly Poison","floor":49,"key":"SMITH"}],"neow_cost":"NONE","seed_source_timestamp":1204083853112,"circlet_count":0,"master_deck":["AscendersBane","Defend_G","Defend_G","Defend_G","Defend_G+1","Survivor+1","Neutralize+1","Backstab+1","Bouncing Flask+1","All Out Attack+1","Cloak And Dagger","Backflip+1","Footwork+1","PiercingWail+1","After Image+1","Cloak And Dagger+1","Malaise+1","Leg Sweep+1","Crippling Poison+1","Footwork+1","Die Die Die","Well Laid Plans+1","After Image+1","Deadly Poison+1"],"relics":["Ring of the Snake","Frozen Egg 2","TwistedFunnel","Smiling Mask","Blood Vial","Velvet Choker","Whetstone","Lantern","Question Card","Empty Cage","Potion Belt","Gremlin Horn","Strawberry"],"potions_floor_usage":[16,33,50,50,50,50],"damage_taken":[{"damage":20,"enemies":"Jaw Worm","floor":1,"turns":10},{"damage":0,"enemies":"Cultist","floor":3,"turns":4},{"damage":0,"enemies":"Small Slimes","floor":5,"turns":2},{"damage":0,"enemies":"2 Fungi Beasts","floor":7,"turns":2},{"damage":4,"enemies":"3 Sentries","floor":10,"turns":10},{"damage":0,"enemies":"Exordium Thugs","floor":12,"turns":2},{"damage":0,"enemies":"Large Slime","floor":14,"turns":3},{"damage":0,"enemies":"The Guardian","floor":16,"turns":9},{"damage":0,"enemies":"Spheric Guardian","floor":18,"turns":4},{"damage":0,"enemies":"Book of Stabbing","floor":24,"turns":6},{"damage":4,"enemies":"2 Thieves","floor":30,"turns":4},{"damage":11,"enemies":"Automaton","floor":33,"turns":14},{"damage":0,"enemies":"3 Shapes","floor":35,"turns":3},{"damage":0,"enemies":"3 Darklings","floor":39,"turns":3},{"damage":9,"enemies":"Giant Head","floor":41,"turns":14},{"damage":0,"enemies":"Sphere and 2 Shapes","floor":44,"turns":4},{"damage":2,"enemies":"Maw","floor":45,"turns":9},{"damage":1,"enemies":"3 Darklings","floor":47,"turns":4},{"damage":4,"enemies":"Jaw Worm Horde","floor":48,"turns":4},{"damage":0,"enemies":"Awakened One","floor":50,"turns":19}],"seed_played":"-3661987872450448823","potions_obtained":[{"floor":1,"key":"AttackPotion"},{"floor":3,"key":"Strength Potion"},{"floor":12,"key":"SteroidPotion"},{"floor":16,"key":"LiquidBronze"},{"floor":18,"key":"GhostInAJar"},{"floor":44,"key":"PowerPotion"},{"floor":48,"key":"Strength Potion"}],"is_trial":false,"path_per_floor":["M","?","M","$","M","R","M","R","T","E","R","M","?","M","R","B",null,"M","$","?","$","?","R","E","$","T","R","?","R","M","?","R","B",null,"M","$","?","?","M","R","E","R","T","M","M","$","M","M","R","B",null],"character_chosen":"THE_SILENT","items_purchased":["TwistedFunnel","Malaise","Strawberry","Block Potion"],"campfire_rested":1,"item_purchase_floors":[4,19,46,46],"current_hp_per_floor":[39,39,39,39,39,39,39,39,39,35,35,37,37,39,39,41,60,62,62,62,62,62,62,64,64,64,64,64,64,62,62,62,53,63,65,65,65,59,61,61,54,66,66,66,64,71,72,69,69,71],"gold":33,"neow_bonus":"HUNDRED_GOLD","is_prod":false,"is_daily":false,"chose_seed":false,"campfire_upgraded":10,"win_rate":0,"timestamp":1549756684,"path_taken":["M","?","M","$","M","R","?","R","T","E","R","M","?","M","R","BOSS","M","$","?","$","?","R","E","?","T","R","?","R","M","?","R","BOSS","M","$","?","?","M","R","E","R","T","M","?","$","M","M","R","BOSS"],"build_version":"2019-01-23","purchased_purges":4,"victory":true,"max_hp_per_floor":[66,66,66,66,66,66,66,66,66,66,66,66,66,66,66,66,66,66,66,66,66,66,66,66,66,66,66,66,66,66,66,66,66,66,66,66,66,66,66,66,66,66,66,66,66,73,73,73,73,73],"card_choices":[{"not_picked":["Dodge and Roll","Heel Hook"],"picked":"Backstab","floor":1},{"not_picked":["Dagger Throw","Flechettes"],"picked":"Bouncing Flask","floor":3},{"not_picked":["Acrobatics","Poisoned Stab"],"picked":"All Out Attack","floor":5},{"not_picked":["Dagger Spray","Dagger Throw"],"picked":"Cloak And Dagger","floor":7},{"not_picked":["Terror","Underhanded Strike"],"picked":"Backflip","floor":10},{"not_picked":["Bouncing Flask","Poisoned Stab"],"picked":"Footwork+1","floor":12},{"not_picked":["Deflect","Blade Dance"],"picked":"PiercingWail","floor":14},{"not_picked":["Envenom+1","Adrenaline"],"picked":"After Image+1","floor":16},{"not_picked":["Bouncing Flask+1","PiercingWail"],"picked":"Cloak And Dagger+1","floor":18},{"not_picked":["Underhanded Strike","Dash"],"picked":"Crippling Poison+1","floor":24},{"not_picked":["Backflip","Setup","Terror"],"picked":"Footwork+1","floor":30},{"not_picked":["Grand Finale","Night Terror","Phantasmal Killer"],"picked":"Die Die Die","floor":33},{"not_picked":["Setup","Dagger Throw","Bane+1"],"picked":"Well Laid Plans+1","floor":35},{"not_picked":["Prepared","Poisoned Stab","Distraction","Cloak And Dagger+1"],"picked":"SKIP","floor":39},{"not_picked":["Masterful Stab","Dodge and Roll","Riddle With Holes","Terror+1"],"picked":"SKIP","floor":41},{"not_picked":["Blade Dance","Slice","Flying Knee","Underhanded Strike"],"picked":"SKIP","floor":44},{"not_picked":["Terror","Underhanded Strike","Leg Sweep","Dagger Spray"],"picked":"SKIP","floor":45},{"not_picked":["Eviscerate+1","Cloak And Dagger","Bane"],"picked":"After Image+1","floor":47},{"not_picked":["Bouncing Flask","Poisoned Stab+1","Dagger Throw+1"],"picked":"Deadly Poison","floor":48}],"player_experience":205393,"relics_obtained":[{"floor":9,"key":"Smiling Mask"},{"floor":10,"key":"Blood Vial"},{"floor":24,"key":"Whetstone"},{"floor":26,"key":"Lantern"},{"floor":41,"key":"Potion Belt"},{"floor":43,"key":"Gremlin Horn"}],"event_choices":[{"damage_healed":0,"gold_gain":0,"player_choice":"Gave Potion","damage_taken":0,"relics_obtained":["Frozen Egg 2"],"max_hp_gain":0,"max_hp_loss":0,"event_name":"WeMeetAgain","floor":2,"gold_loss":0},{"cards_removed":["Strike_G"],"damage_healed":0,"gold_gain":0,"player_choice":"Forget","damage_taken":0,"max_hp_gain":0,"max_hp_loss":0,"event_name":"Living Wall","floor":13,"gold_loss":0},{"damage_healed":0,"gold_gain":0,"player_choice":"Read","damage_taken":0,"max_hp_gain":0,"max_hp_loss":0,"event_name":"The Library","floor":20,"gold_loss":0,"cards_obtained":["Leg Sweep"]},{"damage_healed":0,"gold_gain":0,"player_choice":"Paid Fearfully","damage_taken":0,"max_hp_gain":0,"max_hp_loss":0,"event_name":"Masked Bandits","floor":22,"gold_loss":2},{"damage_healed":0,"gold_gain":0,"player_choice":"Opened","damage_taken":0,"relics_obtained":["Question Card"],"max_hp_gain":0,"max_hp_loss":0,"event_name":"The Mausoleum","floor":28,"gold_loss":0,"cards_obtained":["Writhe"]},{"damage_healed":0,"gold_gain":50,"player_choice":"Stole From Cult","damage_taken":0,"max_hp_gain":0,"max_hp_loss":0,"event_name":"Nest","floor":31,"gold_loss":0},{"damage_healed":0,"gold_gain":0,"player_choice":"Ignored","damage_taken":0,"max_hp_gain":0,"max_hp_loss":0,"event_name":"Tomb of Lord Red Mask","floor":37,"gold_loss":0},{"damage_healed":0,"gold_gain":50,"player_choice":"Touch","damage_taken":6,"max_hp_gain":0,"max_hp_loss":0,"event_name":"FaceTrader","floor":38,"gold_loss":0}],"is_beta":false,"boss_relics":[{"not_picked":["Coffee Dripper","Orrery"],"picked":"Velvet Choker"},{"not_picked":["Lizard Tail","Eternal Feather"],"picked":"Empty Cage"}],"items_purged_floors":[19,21,36,46],"is_endless":false,"potions_floor_spawned":[1,3,12,16,18,44,48],"ascension_level":16}