{"path_per_floor":["M","?","M","$","M","R","E","R","T","R","T","M","M","?","R","B",null,"M","$","M","?","?","R","E","M","T","M"],"character_chosen":"IRONCLAD","items_purchased":["Blood for Blood","Anchor"],"gold_per_floor":[114,114,131,18,33,33,62,62,87,87,112,95,107,57,57,159,159,169,13,32,32,32,32,64,84,109,128,128],"floor_reached":28,"campfire_rested":1,"playtime":2299,"item_purchase_floors":[4,19],"current_hp_per_floor":[82,82,86,86,89,89,77,77,77,77,77,71,73,73,73,27,100,66,66,64,42,49,85,39,25,25,14,0],"items_purged":["Writhe"],"gold":128,"score":288,"play_id":"00994159-d2b3-4a04-9f13-a0891f8abb9f","local_time":"20180611154850","is_prod":false,"is_daily":false,"chose_seed":false,"is_ascension_mode":false,"campfire_upgraded":4,"win_rate":0.0,"timestamp":1528746530,"campfire_choices":[{"data":"Shockwave","floor":6,"key":"SMITH"},{"data":"Warcry","floor":8,"key":"SMITH"},{"data":"Feed","floor":10,"key":"SMITH"},{"data":"Pommel Strike","floor":15,"key":"SMITH"},{"floor":23,"key":"REST"}],"path_taken":["M","?","M","$","?","R","E","R","T","R","?","M","M","?","R","BOSS","M","$","M","?","?","R","E","?","T","M","?"],"build_version":"2018-06-07v3","seed_source_timestamp":9901227909594,"purchased_purges":1,"victory":false,"master_deck":["Strike_R","Strike_R","Strike_R","Strike_R","Defend_R","Defend_R","Defend_R","Defend_R","Bash","Feed+1","Corruption+1","Shockwave+1","Blood for Blood","Warcry+1","Pommel Strike+1","Impervious","Flame Barrier","Writhe","Headbutt"],"max_hp_per_floor":[83,83,86,86,89,89,92,92,92,92,92,96,100,100,100,100,100,104,104,108,113,120,120,124,128,128,132,132],"relics":["Burning Blood","Pen Nib","Potion Belt","Blood Vial","Runic Cube","Anchor","Strawberry","Boot","Regal Pillow"],"card_choices":[{"not_picked":["Bludgeon","Impervious"],"picked":"Feed","floor":0},{"not_picked":["Fire Breathing","Searing Blow"],"picked":"Corruption","floor":1},{"not_picked":["True Grit","Sword Boomerang"],"picked":"Shockwave","floor":3},{"not_picked":["Armaments","Sword Boomerang","Flex"],"picked":"SKIP","floor":5},{"not_picked":["Armaments","Sword Boomerang","Flex"],"picked":"SKIP","floor":5},{"not_picked":["Rupture","Sword Boomerang"],"picked":"Warcry","floor":7},{"not_picked":["Rage","Seeing Red"],"picked":"Pommel Strike","floor":12},{"not_picked":["Armaments","Perfected Strike","Dropkick"],"picked":"SKIP","floor":13},{"not_picked":["Double Tap","Juggernaut"],"picked":"Impervious","floor":16},{"not_picked":["True Grit","Warcry"],"picked":"Flame Barrier","floor":18},{"not_picked":["Clothesline","Combust","Sword Boomerang"],"picked":"SKIP","floor":20},{"not_picked":["Inflame","Reckless Charge"],"picked":"Headbutt","floor":24},{"not_picked":["Rampage+1","Whirlwind","Cleave"],"picked":"SKIP","floor":25},{"not_picked":["Dropkick","Flex","Perfected Strike"],"picked":"SKIP","floor":27}],"player_experience":21660,"potions_floor_usage":[12,16,16,16,27,27],"damage_taken":[{"damage":7,"enemies":"Small Slimes","floor":1,"turns":4},{"damage":5,"enemies":"2 Louse","floor":3,"turns":3},{"damage":3,"enemies":"Cultist","floor":5,"turns":5},{"damage":21,"enemies":"Lagavulin","floor":7,"turns":7},{"damage":18,"enemies":"Exordium Thugs","floor":12,"turns":4},{"damage":10,"enemies":"2 Fungi Beasts","floor":13,"turns":4},{"damage":54,"enemies":"Slime Boss","floor":16,"turns":14},{"damage":44,"enemies":"Chosen","floor":18,"turns":9},{"damage":14,"enemies":"3 Byrds","floor":20,"turns":7},{"damage":58,"enemies":"Slavers","floor":24,"turns":10},{"damage":26,"enemies":"Centurion and Healer","floor":25,"turns":8},{"damage":23,"enemies":"Chosen and Byrds","floor":27,"turns":7}],"relics_obtained":[{"floor":7,"key":"Pen Nib"},{"floor":9,"key":"Potion Belt"},{"floor":11,"key":"Blood Vial"},{"floor":24,"key":"Boot"},{"floor":26,"key":"Regal Pillow"}],"event_choices":[{"event_name":"Living Wall","player_choice":"Grow","floor":2,"damage_taken":0},{"event_name":"The Cleric","player_choice":"Card Removal","floor":14,"damage_taken":0},{"event_name":"Forgotten Altar","player_choice":"Shed Blood","floor":21,"damage_taken":0},{"event_name":"The Mausoleum","player_choice":"Yes","floor":22,"damage_taken":0}],"boss_relics":[{"not_picked":["Astrolabe","Philosopher\u0027s Stone"],"picked":"Runic Cube"}],"items_purged_floors":[4],"potions_floor_spawned":[1,3,7,13,24,25,27],"seed_played":"7161023809232401580","ascension_level":0,"potions_obtained":[{"floor":1,"key":"SpeedPotion"},{"floor":3,"key":"Weak Potion"},{"floor":7,"key":"Strength Potion"},{"floor":13,"key":"FearPotion"},{"floor":24,"key":"SteroidPotion"},{"floor":25,"key":"EssenceOfSteel"},{"floor":27,"key":"Strength Potion"}],"is_trial":false}