{"gold_per_floor":[115,40,40,56,67,67,80,112,112,112,139,149,169,188,188,292,292,280,123,142,142,142,176,20,38,38,38,70,70,80,106,106,207,207,225,0,0,14,114,114,144,144,170,170,185,35,35,61,61,61],"floor_reached":50,"playtime":3426,"items_purged":["Writhe","Strike_G"],"score":711,"play_id":"cf25fb1a-765d-4395-9142-6a5e5e1f48c3","local_time":"20190224163758","is_ascension_mode":true,"campfire_choices":[{"data":"Neutralize","floor":6,"key":"SMITH"},{"data":"Noxious Fumes","floor":15,"key":"SMITH"},{"floor":27,"key":"REST"},{"floor":29,"key":"REST"},{"floor":32,"key":"REST"},{"floor":40,"key":"DIG"},{"floor":42,"key":"RECALL"},{"floor":44,"key":"DIG"},{"floor":49,"key":"DIG"}],"neow_cost":"CURSE","seed_source_timestamp":55545702307210,"circlet_count":0,"master_deck":["Defend_G","Defend_G","Defend_G","Defend_G","Defend_G","Strike_G","Strike_G","Strike_G","Survivor","Neutralize+1","Noxious Fumes+1","Heel Hook","Leg Sweep","Flying Knee","Catalyst","Iron Wave","Leg Sweep","Predator","Bane","Malaise","After Image","Leg Sweep","Choke+1","Tools of the Trade","Caltrops+1","Dash","Skewer+1","Glass Knife","Flechettes+1","Bullet Time","Caltrops+1","Acrobatics+1","Envenom+1","Poisoned Stab+1"],"relics":["Ring of the Snake","The Specimen","Potion Belt","WingedGreaves","Snecko Eye","Bag of Preparation","Happy Flower","PreservedInsect","Frozen Egg 2","Orichalcum","Darkstone Periapt","Coffee Dripper","Red Mask","Shovel","Calipers","Bag of Marbles","Juzu Bracelet","Molten Egg 2","Pear","Pen Nib","Shuriken"],"potions_floor_usage":[16,16,16,16,28,33,39,41,50],"damage_taken":[{"damage":0,"enemies":"2 Louse","floor":1,"turns":5},{"damage":0,"enemies":"Cultist","floor":4,"turns":4},{"damage":1,"enemies":"Small Slimes","floor":5,"turns":4},{"damage":0,"enemies":"2 Fungi Beasts","floor":7,"turns":5},{"damage":16,"enemies":"3 Sentries","floor":8,"turns":8},{"damage":7,"enemies":"Lagavulin","floor":11,"turns":8},{"damage":1,"enemies":"Exordium Thugs","floor":12,"turns":5},{"damage":0,"enemies":"Looter","floor":13,"turns":4},{"damage":5,"enemies":"Exordium Wildlife","floor":14,"turns":5},{"damage":0,"enemies":"Slime Boss","floor":16,"turns":9},{"damage":3,"enemies":"2 Thieves","floor":18,"turns":5},{"damage":0,"enemies":"Spheric Guardian","floor":20,"turns":5},{"damage":44,"enemies":"Gremlin Leader","floor":23,"turns":8},{"damage":13,"enemies":"Snake Plant","floor":25,"turns":6},{"damage":9,"enemies":"Book of Stabbing","floor":28,"turns":6},{"damage":6,"enemies":"Sentry and Sphere","floor":30,"turns":5},{"damage":10,"enemies":"Gremlin Leader","floor":31,"turns":7},{"damage":35,"enemies":"Collector","floor":33,"turns":9},{"damage":0,"enemies":"3 Shapes","floor":35,"turns":5},{"damage":9,"enemies":"3 Darklings","floor":38,"turns":4},{"damage":25,"enemies":"Mind Bloom Boss Battle","floor":39,"turns":5},{"damage":24,"enemies":"Nemesis","floor":41,"turns":7},{"damage":1,"enemies":"Writhing Mass","floor":45,"turns":6},{"damage":14,"enemies":"Giant Head","floor":48,"turns":7},{"damage":9,"enemies":"Time Eater","floor":50,"turns":3}],"seed_played":"5601729857106008313","potions_obtained":[{"floor":4,"key":"SpeedPotion"},{"floor":8,"key":"FearPotion"},{"floor":11,"key":"Explosive Potion"},{"floor":14,"key":"Fire Potion"},{"floor":16,"key":"Dexterity Potion"},{"floor":25,"key":"Weak Potion"},{"floor":30,"key":"SneckoOil"},{"floor":33,"key":"Dexterity Potion"},{"floor":35,"key":"PowerPotion"},{"floor":45,"key":"SteroidPotion"}],"is_trial":false,"path_per_floor":["M","$","?","M","M","R","M","E","T","?","E","M","M","M","R","B",null,"M","$","M","$","?","E","$","M","T","R","E","R","M","E","R","B",null,"M","$","?","M","?","R","E","R","T","R","M","$","?","E","R","B"],"character_chosen":"THE_SILENT","items_purchased":["Bag of Preparation","PreservedInsect","Bullet Time","Caltrops+1","PowerPotion"],"campfire_rested":3,"item_purchase_floors":[19,24,36,36,46],"current_hp_per_floor":[70,70,70,70,69,69,69,53,53,53,46,45,45,40,40,40,70,67,67,67,67,60,16,16,3,3,24,15,36,30,20,41,6,70,70,70,70,61,36,36,12,12,12,12,11,11,21,7,7,0],"gold":61,"neow_bonus":"ONE_RARE_RELIC","is_prod":false,"is_daily":false,"chose_seed":false,"campfire_upgraded":2,"win_rate":0,"timestamp":1551022678,"path_taken":["M","$","?","M","M","R","?","E","T","?","E","M","M","M","R","BOSS","M","?","M","$","?","E","$","M","T","R","E","R","M","E","R","BOSS","M","$","?","M","?","R","E","R","T","R","M","?","?","E","R","BOSS"],"build_version":"2019-01-23","purchased_purges":2,"victory":false,"max_hp_per_floor":[70,70,70,70,70,70,70,70,70,70,70,70,70,70,70,70,70,70,70,70,70,70,70,70,70,70,70,70,70,70,70,70,70,70,70,70,70,70,70,70,70,70,70,70,70,70,80,80,80,80],"card_choices":[{"not_picked":["Slice","Heel Hook"],"picked":"Noxious Fumes","floor":1},{"not_picked":["Caltrops","PiercingWail"],"picked":"Blade Dance","floor":4},{"not_picked":["Riddle With Holes","Flechettes"],"picked":"Leg Sweep","floor":5},{"not_picked":["Deflect","Eviscerate"],"picked":"Flying Knee","floor":7},{"not_picked":["Poisoned Stab","Cloak And Dagger"],"picked":"Catalyst","floor":8},{"not_picked":["Eviscerate","Outmaneuver"],"picked":"Leg Sweep","floor":11},{"not_picked":["Crippling Poison","Eviscerate"],"picked":"Predator","floor":12},{"not_picked":["Blade Dance","Quick Slash"],"picked":"Bane","floor":13},{"not_picked":["Endless Agony","Crippling Poison"],"picked":"Malaise","floor":14},{"not_picked":["Grand Finale","Wraith Form v2"],"picked":"After Image","floor":16},{"not_picked":["Underhanded Strike","Deflect"],"picked":"Leg Sweep","floor":18},{"not_picked":["Leg Sweep","Flying Knee+1"],"picked":"Choke+1","floor":20},{"not_picked":["Caltrops+1","Flying Knee"],"picked":"Tools of the Trade","floor":23},{"not_picked":["Concentrate","Prepared","Outmaneuver+1"],"picked":"SKIP","floor":25},{"not_picked":["Backflip","Sucker Punch"],"picked":"Caltrops+1","floor":28},{"not_picked":["Endless Agony+1","Poisoned Stab"],"picked":"Dash","floor":30},{"not_picked":["Choke","Leg Sweep+1"],"picked":"Skewer+1","floor":31},{"not_picked":["Envenom+1","Grand Finale"],"picked":"Glass Knife","floor":33},{"not_picked":["Infinite Blades+1","Outmaneuver"],"picked":"Flechettes+1","floor":35},{"not_picked":["PiercingWail+1","Prepared+1","Quick Slash"],"picked":"SKIP","floor":38},{"not_picked":["Deadly Poison","PiercingWail"],"picked":"Acrobatics+1","floor":39},{"not_picked":["Prepared+1","Sucker Punch"],"picked":"Envenom+1","floor":41},{"not_picked":["Setup+1","Well Laid Plans+1"],"picked":"Poisoned Stab+1","floor":45},{"not_picked":["Dagger Throw+1","Prepared","PiercingWail+1"],"picked":"SKIP","floor":48}],"player_experience":1001642,"relics_obtained":[{"floor":8,"key":"Potion Belt"},{"floor":11,"key":"WingedGreaves"},{"floor":23,"key":"Happy Flower"},{"floor":26,"key":"Frozen Egg 2"},{"floor":28,"key":"Orichalcum"},{"floor":31,"key":"Darkstone Periapt"},{"floor":39,"key":"Shovel"},{"floor":40,"key":"Calipers"},{"floor":41,"key":"Bag of Marbles"},{"floor":43,"key":"Juzu Bracelet"},{"floor":44,"key":"Molten Egg 2"},{"floor":48,"key":"Pen Nib"},{"floor":49,"key":"Shuriken"}],"event_choices":[{"damage_healed":0,"gold_gain":0,"cards_transformed":["Strike_G"],"player_choice":"Transformed","damage_taken":0,"max_hp_gain":0,"max_hp_loss":0,"event_name":"Transmorgrifier","floor":3,"gold_loss":0,"cards_obtained":["Heel Hook"]},{"cards_removed":["Blade Dance"],"damage_healed":0,"gold_gain":0,"player_choice":"Took Card","damage_taken":0,"max_hp_gain":0,"max_hp_loss":0,"event_name":"NoteForYourself","floor":10,"gold_loss":0,"cards_obtained":["Iron Wave"]},{"damage_healed":0,"gold_gain":0,"player_choice":"","damage_taken":7,"max_hp_gain":0,"max_hp_loss":0,"event_name":"Knowing Skull","floor":22,"potions_obtained":[],"gold_loss":0,"cards_obtained":[]},{"damage_healed":0,"gold_gain":0,"player_choice":"Paid","damage_taken":0,"relics_obtained":["Red Mask"],"max_hp_gain":0,"max_hp_loss":0,"event_name":"Tomb of Lord Red Mask","floor":37,"gold_loss":0},{"damage_healed":0,"gold_gain":0,"player_choice":"Fight","damage_taken":0,"max_hp_gain":0,"max_hp_loss":0,"event_name":"MindBloom","floor":39,"gold_loss":0},{"damage_healed":0,"gold_gain":0,"player_choice":"Gave Potion","damage_taken":0,"relics_obtained":["Pear"],"max_hp_gain":0,"max_hp_loss":0,"event_name":"WeMeetAgain","floor":47,"gold_loss":0}],"is_beta":false,"boss_relics":[{"not_picked":["Orrery","WristBlade"],"picked":"Snecko Eye"},{"not_picked":["Empty Cage","Tiny House"],"picked":"Coffee Dripper"}],"items_purged_floors":[2,46],"is_endless":false,"potions_floor_spawned":[4,8,11,14,16,25,30,33,35,45],"killed_by":"Time Eater","ascension_level":3}