{"path_per_floor":["M","?","M","$","M","R","M","E","T","R","M","?","M","E","R","B",null,"M"],"character_chosen":"IRONCLAD","items_purchased":["Wild Strike"],"gold_per_floor":[118,118,132,6,16,16,34,66,112,112,125,125,135,166,166,267,267,281,281],"floor_reached":19,"campfire_rested":1,"playtime":1291,"item_purchase_floors":[4],"current_hp_per_floor":[80,72,77,77,77,77,72,53,53,53,55,55,60,53,77,47,80,80,80],"items_purged":["Defend_R"],"gold":281,"score":179,"play_id":"1d83c711-f31a-423d-ada5-2959b25637a9","local_time":"20180611204306","is_prod":false,"is_daily":false,"chose_seed":false,"is_ascension_mode":false,"campfire_upgraded":2,"win_rate":0.0,"timestamp":1528764186,"campfire_choices":[{"data":"Spot Weakness","floor":6,"key":"SMITH"},{"data":"Perfected Strike","floor":10,"key":"SMITH"},{"floor":15,"key":"REST"}],"path_taken":["M","?","?","$","M","R","M","E","T","R","?","?","M","E","R","BOSS","M","?"],"build_version":"2018-06-07v3","seed_source_timestamp":28563663742648,"purchased_purges":1,"victory":false,"master_deck":["Strike_R","Strike_R","Strike_R","Strike_R","Strike_R","Defend_R","Defend_R","Defend_R","Bash","Perfected Strike+1","Shrug It Off","Wild Strike","Spot Weakness+1","Clash","Twin Strike","Searing Blow","Feel No Pain","Perfected Strike","Offering","Headbutt"],"max_hp_per_floor":[80,80,80,80,80,80,80,80,80,80,80,80,80,80,80,80,80,80,80],"relics":["Black Blood","Question Card","Lantern","Bag of Preparation"],"card_choices":[{"not_picked":["True Grit","Sword Boomerang"],"picked":"Perfected Strike","floor":1},{"not_picked":["Blood for Blood","Combust"],"picked":"Shrug It Off","floor":3},{"not_picked":["Body Slam","Iron Wave"],"picked":"Spot Weakness","floor":5},{"not_picked":["Seeing Red","Bloodletting"],"picked":"Clash","floor":7},{"not_picked":["Dropkick","Double Tap"],"picked":"Twin Strike","floor":8},{"not_picked":["Thunderclap","Flame Barrier","Metallicize"],"picked":"Searing Blow","floor":11},{"not_picked":["Heavy Blade","Rampage","Corruption"],"picked":"Feel No Pain","floor":13},{"not_picked":["Inflame","Armaments","Clothesline"],"picked":"Perfected Strike","floor":14},{"not_picked":["Limit Break","Feed","Fiend Fire"],"picked":"Offering","floor":16},{"not_picked":["Pommel Strike+1","Flex","Pummel+1"],"picked":"Headbutt","floor":18}],"player_experience":24150,"potions_floor_usage":[14,16,16],"damage_taken":[{"damage":5,"enemies":"2 Louse","floor":1,"turns":3},{"damage":1,"enemies":"Cultist","floor":3,"turns":3},{"damage":6,"enemies":"Jaw Worm","floor":5,"turns":2},{"damage":11,"enemies":"Red Slaver","floor":7,"turns":5},{"damage":25,"enemies":"Gremlin Nob","floor":8,"turns":4},{"damage":4,"enemies":"Gremlin Gang","floor":11,"turns":2},{"damage":1,"enemies":"3 Louse","floor":13,"turns":3},{"damage":13,"enemies":"3 Sentries","floor":14,"turns":7},{"damage":36,"enemies":"Hexaghost","floor":16,"turns":7},{"damage":10,"enemies":"Chosen","floor":18,"turns":4}],"relics_obtained":[{"floor":8,"key":"Question Card"},{"floor":9,"key":"Lantern"},{"floor":14,"key":"Bag of Preparation"}],"event_choices":[{"event_name":"Wheel of Change","player_choice":"Damage","floor":2,"damage_taken":0},{"event_name":"The Woman in Blue","player_choice":"Bought 0 Potions","floor":12,"damage_taken":0}],"boss_relics":[{"not_picked":["Runic Cube","Philosopher\u0027s Stone"],"picked":"Black Blood"}],"items_purged_floors":[4],"potions_floor_spawned":[3,5,7,13],"seed_played":"-3398091081500115079","ascension_level":0,"potions_obtained":[{"floor":3,"key":"Weak Potion"},{"floor":5,"key":"Fire Potion"},{"floor":7,"key":"SkillPotion"}],"is_trial":false}