{"path_per_floor":["M","M","?","M","M","R","E","R","T","?","$","E","M","E","R","B",null,"M","?","?","$","M","E","$","E","T","R","M","?","E","?","R","B",null,"M","$","M","?","?","R","E","M","T","M","M","R","M","M","R"],"character_chosen":"DEFECT","items_purchased":["Leap","Self Repair","BootSequence","Ball Lightning","Steam","Heatsinks"],"gold_per_floor":[109,122,122,132,143,143,170,170,170,228,17,44,57,90,90,192,192,207,207,122,21,36,66,14,45,98,98,113,38,67,67,67,166,166,186,7,27,27,27,27,56,68,119,136,148,148,167,184,184,184],"floor_reached":50,"campfire_rested":2,"playtime":1857,"item_purchase_floors":[11,11,11,21,24,36],"current_hp_per_floor":[68,60,60,60,58,58,49,49,49,42,42,31,30,39,39,41,68,51,51,51,51,53,43,43,37,37,57,46,46,21,21,41,67,68,68,68,53,43,34,44,36,32,32,46,60,60,78,74,74,0],"items_purged":["Writhe","Pain"],"gold":184,"score":825,"play_id":"7c9d20cf-7188-45af-862c-e65e3bb22bb8","local_time":"20180529075510","is_prod":false,"is_daily":false,"chose_seed":false,"is_ascension_mode":true,"campfire_upgraded":4,"win_rate":0,"timestamp":1527537310,"campfire_choices":[{"data":"Defragment","floor":6,"key":"SMITH"},{"data":"Loop","floor":8,"key":"SMITH"},{"data":"Chaos","floor":15,"key":"SMITH"},{"floor":27,"key":"REST"},{"floor":32,"key":"REST"},{"floor":40,"key":"DIG"},{"data":"Amplify","floor":46,"key":"SMITH"},{"floor":49,"key":"DIG"}],"path_taken":["M","M","?","M","M","R","E","R","T","?","$","E","?","E","R","BOSS","M","?","?","$","M","E","$","E","T","R","?","?","E","?","R","BOSS","M","$","M","?","?","R","E","M","T","M","M","R","M","M","R","BOSS"],"build_version":"2018-05-27","seed_source_timestamp":30763178398926,"purchased_purges":2,"victory":false,"master_deck":["Defend_B","Defend_B","Defend_B","Zap+1","Dualcast","Rebound+1","Ball Lightning","Auto Shields","Defragment+1","Loop+1","Chaos+1","Leap","Self Repair","BootSequence","Amplify+1","Ball Lightning","Steam","Biased Cognition","White Noise+1","Ball Lightning","Ball Lightning+1","Storm","Steam","Force Field","White Noise+1","Bite","Bite","Bite","Bite","Bite","Reboot","Pain","Regret","Compile Driver","Heatsinks","Coolheaded+1","Secret Technique","Finesse","Apotheosis","Madness","Madness","Loop+1","Steam Power+1","Capacitor","Ball Lightning+1","Cold Snap+1"],"max_hp_per_floor":[68,68,68,68,68,68,68,68,68,68,68,68,68,68,68,68,68,68,68,68,68,68,68,68,68,68,68,68,68,68,68,68,68,68,68,68,68,68,68,78,78,78,78,78,78,78,78,78,78,78],"relics":["Cracked Core","Vajra","Bottled Tornado","Ginger","Bottled Lightning","Sozu","Dream Catcher","Torii","Bronze Scales","Gremlin Horn","Pen Nib","Bird Faced Urn","Calling Bell","Anchor","Darkstone Periapt","Shovel","Pear","Whetstone","Boot","Blue Candle"],"card_choices":[{"not_picked":["Turbo","Undo"],"picked":"Rebound","floor":1},{"not_picked":["Chaos","Recycle"],"picked":"Ball Lightning","floor":2},{"not_picked":["Compile Driver","Hologram"],"picked":"Auto Shields","floor":4},{"not_picked":["Steam","Barrage"],"picked":"Defragment","floor":5},{"not_picked":["Recycle","Go for the Eyes"],"picked":"Loop","floor":7},{"not_picked":["Redo","Barrage"],"picked":"Chaos","floor":10},{"not_picked":["Defragment","Sweeping Beam"],"picked":"Amplify","floor":12},{"not_picked":["Hologram","Streamline"],"picked":"Ball Lightning","floor":13},{"not_picked":["BootSequence","Sunder"],"picked":"Steam","floor":14},{"not_picked":["Core Surge","Buffer"],"picked":"Biased Cognition","floor":16},{"not_picked":["Leap+1","Beam Cell"],"picked":"White Noise+1","floor":18},{"not_picked":["Streamline","Go for the Eyes"],"picked":"Ball Lightning","floor":22},{"not_picked":["Doom and Gloom","Barrage"],"picked":"Storm","floor":23},{"not_picked":["Barrage+1","Steam Power"],"picked":"Force Field","floor":25},{"not_picked":["Sunder","Turbo","Beam Cell"],"picked":"SKIP","floor":28},{"not_picked":["Ball Lightning","Heatsinks"],"picked":"White Noise+1","floor":30},{"not_picked":["Rebound+1","Coolheaded"],"picked":"Reboot","floor":32},{"not_picked":["Turbo+1","Go for the Eyes+1"],"picked":"Compile Driver","floor":35},{"not_picked":["Turbo","Streamline"],"picked":"Coolheaded+1","floor":37},{"not_picked":["Swift Strike","Flash of Steel"],"picked":"Secret Technique","floor":38},{"not_picked":["Swift Strike","Purity"],"picked":"Finesse","floor":38},{"not_picked":["Trip","Jack Of All Trades"],"picked":"Apotheosis","floor":38},{"not_picked":["Compile Driver+1","Ball Lightning"],"picked":"Loop+1","floor":41},{"not_picked":["Coolheaded+1","Reprogram+1"],"picked":"Steam Power+1","floor":42},{"not_picked":["Glacier","Streamline+1"],"picked":"Capacitor","floor":44},{"not_picked":["Redo","Sweeping Beam"],"picked":"Ball Lightning+1","floor":45},{"not_picked":["Scrape","Genetic Algorithm"],"picked":"Cold Snap+1","floor":47},{"not_picked":["Turbo","Sunder+1","Fission"],"picked":"SKIP","floor":48}],"player_experience":299205,"potions_floor_usage":[10,10,10],"damage_taken":[{"damage":0,"enemies":"Small Slimes","floor":1,"turns":2},{"damage":8,"enemies":"2 Louse","floor":2,"turns":2},{"damage":0,"enemies":"Cultist","floor":4,"turns":2},{"damage":2,"enemies":"Looter","floor":5,"turns":3},{"damage":9,"enemies":"Gremlin Nob","floor":7,"turns":3},{"damage":16,"enemies":"Lagavulin Event","floor":10,"turns":3},{"damage":18,"enemies":"Lagavulin","floor":12,"turns":5},{"damage":10,"enemies":"Exordium Thugs","floor":13,"turns":4},{"damage":0,"enemies":"3 Sentries","floor":14,"turns":4},{"damage":0,"enemies":"Slime Boss","floor":16,"turns":4},{"damage":24,"enemies":"2 Thieves","floor":18,"turns":3},{"damage":0,"enemies":"Spheric Guardian","floor":22,"turns":3},{"damage":19,"enemies":"Gremlin Leader","floor":23,"turns":6},{"damage":8,"enemies":"Book of Stabbing","floor":25,"turns":4},{"damage":20,"enemies":"Centurion and Healer","floor":28,"turns":4},{"damage":34,"enemies":"Slavers","floor":30,"turns":4},{"damage":7,"enemies":"Champ","floor":33,"turns":6},{"damage":5,"enemies":"Flame Bruiser 1 Orb","floor":35,"turns":4},{"damage":25,"enemies":"3 Shapes","floor":37,"turns":3},{"damage":38,"enemies":"Giant Head","floor":41,"turns":5},{"damage":30,"enemies":"Maw","floor":42,"turns":5},{"damage":22,"enemies":"Transient","floor":44,"turns":5},{"damage":10,"enemies":"4 Shapes","floor":45,"turns":5},{"damage":31,"enemies":"Maw","floor":47,"turns":6},{"damage":17,"enemies":"Flame Bruiser 2 Orb","floor":48,"turns":5},{"damage":95,"enemies":"Awakened One","floor":50,"turns":5}],"relics_obtained":[{"floor":7,"key":"Vajra"},{"floor":9,"key":"Bottled Tornado"},{"floor":10,"key":"Ginger"},{"floor":12,"key":"Blood Vial"},{"floor":14,"key":"Bottled Lightning"},{"floor":23,"key":"Bronze Scales"},{"floor":25,"key":"Gremlin Horn"},{"floor":26,"key":"Pen Nib"},{"floor":30,"key":"Bird Faced Urn"},{"floor":34,"key":"Anchor"},{"floor":34,"key":"Darkstone Periapt"},{"floor":34,"key":"Shovel"},{"floor":40,"key":"Pear"},{"floor":41,"key":"Whetstone"},{"floor":43,"key":"Boot"},{"floor":49,"key":"Blue Candle"}],"event_choices":[{"event_name":"Living Wall","player_choice":"Grow","floor":3,"damage_taken":0},{"event_name":"Dead Adventurer","player_choice":"Searched \u00271\u0027 times","floor":10,"damage_taken":0},{"event_name":"The Mausoleum","player_choice":"Yes","floor":19,"damage_taken":0},{"event_name":"Addict","player_choice":"Obtained Relic","floor":20,"damage_taken":0},{"event_name":"Beggar","player_choice":"Gave Gold","floor":29,"damage_taken":0},{"event_name":"Vampires","player_choice":"Became a vampire (Vial)","floor":31,"damage_taken":0},{"event_name":"SensoryStone","player_choice":"Memory 3","floor":38,"damage_taken":0},{"event_name":"Winding Halls","player_choice":"Embrace Madness","floor":39,"damage_taken":0}],"boss_relics":[{"not_picked":["Astrolabe","White Beast Statue"],"picked":"Sozu"},{"not_picked":["Pandora\u0027s Box","Velvet Choker"],"picked":"Calling Bell"}],"items_purged_floors":[21,36],"potions_floor_spawned":[1,4,5,7,22,25,28,33,37,41,45,48],"seed_played":"2109656664744657689","killed_by":"Awakened One","ascension_level":4,"potions_obtained":[{"floor":1,"key":"Poison Potion"},{"floor":4,"key":"Dexterity Potion"},{"floor":5,"key":"Poison Potion"},{"floor":7,"key":"Regen Potion"}],"is_trial":false}