{"gold_per_floor":[118,138,138,155,155,155,184,184,184,210,220,254,270,289,289,392,392,411,411,428,478,27,58,68,98,98,115,115,127,141,159,159,264,264,278,378,390,253,263,263,49,49,49,64,90,107,140,156,156,156],"floor_reached":51,"playtime":2618,"items_purged":["Strike_R","Normality","Defend_R"],"score":985,"play_id":"90a1d0a3-e2e6-480c-8717-e31ed3210b60","local_time":"20190123194949","is_ascension_mode":true,"campfire_choices":[{"data":"Bash","floor":6,"key":"SMITH"},{"data":"Double Tap","floor":8,"key":"SMITH"},{"data":"Rage","floor":15,"key":"SMITH"},{"data":"Apotheosis","floor":28,"key":"SMITH"},{"data":"Inflame","floor":32,"key":"SMITH"},{"data":"Inflame","floor":40,"key":"SMITH"},{"data":"Burning Pact","floor":49,"key":"SMITH"}],"neow_cost":"NONE","seed_source_timestamp":13523443218788,"circlet_count":0,"master_deck":["Strike_R","Strike_R","Strike_R","Defend_R","Defend_R","Defend_R","Bash+1","Double Tap+1","Clash","Headbutt","Cleave","Carnage","Rage+1","Iron Wave","Inflame+1","Feed","Armaments","Flex","Apotheosis+1","Dark Shackles","Shrug It Off","Inflame+1","Anger+1","Limit Break","Headbutt","Disarm","Anger+1","True Grit+1","Fiend Fire","Burning Pact+1","Whirlwind","Dark Shackles","Dark Shackles","Madness","Discovery","Doubt","Sword Boomerang+1","Shrug It Off+1","Warcry+1"],"relics":["Burning Blood","Unceasing Top","Bird Faced Urn","PreservedInsect","Vajra","Cursed Key","Darkstone Periapt","Oddly Smooth Stone","Pantograph","Sozu","Mummified Hand","Happy Flower","Centennial Puzzle"],"potions_floor_usage":[7,12,14,23,33,33,50],"damage_taken":[{"damage":7,"enemies":"Jaw Worm","floor":1,"turns":3},{"damage":0,"enemies":"2 Louse","floor":2,"turns":3},{"damage":0,"enemies":"Cultist","floor":4,"turns":3},{"damage":17,"enemies":"Gremlin Nob","floor":7,"turns":4},{"damage":20,"enemies":"3 Sentries","floor":10,"turns":6},{"damage":7,"enemies":"2 Fungi Beasts","floor":11,"turns":2},{"damage":15,"enemies":"Lagavulin","floor":12,"turns":3},{"damage":7,"enemies":"Large Slime","floor":13,"turns":5},{"damage":11,"enemies":"Lots of Slimes","floor":14,"turns":3},{"damage":29,"enemies":"The Guardian","floor":16,"turns":10},{"damage":17,"enemies":"Spheric Guardian","floor":18,"turns":4},{"damage":0,"enemies":"Chosen","floor":20,"turns":4},{"damage":12,"enemies":"Book of Stabbing","floor":23,"turns":3},{"damage":0,"enemies":"Centurion and Healer","floor":24,"turns":4},{"damage":22,"enemies":"Slavers","floor":25,"turns":4},{"damage":0,"enemies":"Snake Plant","floor":27,"turns":4},{"damage":3,"enemies":"Sentry and Sphere","floor":29,"turns":3},{"damage":12,"enemies":"Centurion and Healer","floor":30,"turns":4},{"damage":13,"enemies":"Chosen and Byrds","floor":31,"turns":5},{"damage":28,"enemies":"Collector","floor":33,"turns":8},{"damage":1,"enemies":"Orb Walker","floor":35,"turns":2},{"damage":12,"enemies":"3 Darklings","floor":37,"turns":6},{"damage":18,"enemies":"Spire Growth","floor":39,"turns":4},{"damage":16,"enemies":"Writhing Mass","floor":44,"turns":3},{"damage":4,"enemies":"Giant Head","floor":45,"turns":5},{"damage":6,"enemies":"Transient","floor":46,"turns":5},{"damage":0,"enemies":"Reptomancer","floor":47,"turns":3},{"damage":11,"enemies":"Jaw Worm Horde","floor":48,"turns":5},{"damage":13,"enemies":"Awakened One","floor":50,"turns":10}],"seed_played":"6086163959582066025","potions_obtained":[{"floor":4,"key":"Block Potion"},{"floor":10,"key":"Strength Potion"},{"floor":11,"key":"Energy Potion"},{"floor":13,"key":"Poison Potion"},{"floor":16,"key":"Explosive Potion"},{"floor":18,"key":"GamblersBrew"},{"floor":20,"key":"Dexterity Potion"},{"floor":25,"key":"AttackPotion"},{"floor":33,"key":"SkillPotion"}],"is_trial":false,"path_per_floor":["M","M","?","M","?","R","E","R","T","E","M","E","M","M","R","B",null,"M","?","M","?","$","E","M","E","T","M","R","M","M","M","R","B",null,"M","?","M","$","M","R","$","?","T","M","E","M","E","M","R","B",null],"character_chosen":"IRONCLAD","items_purchased":["Apotheosis","Dark Shackles","Shrug It Off","Inflame","Whirlwind","Dark Shackles"],"campfire_rested":0,"item_purchase_floors":[22,22,22,22,38,41],"current_hp_per_floor":[79,80,80,80,80,80,69,69,69,55,54,45,44,39,39,18,80,74,74,80,80,80,80,91,83,89,97,97,101,95,94,94,87,105,108,108,106,106,96,96,96,86,92,84,90,96,104,107,107,115],"gold":156,"neow_bonus":"ONE_RANDOM_RARE_CARD","is_prod":false,"is_daily":false,"chose_seed":false,"campfire_upgraded":7,"win_rate":0,"timestamp":1548226189,"path_taken":["M","M","?","M","?","R","E","R","T","E","?","E","M","M","R","BOSS","M","?","M","?","$","E","M","E","T","M","R","M","?","M","R","BOSS","M","?","M","?","?","R","$","?","T","M","E","M","E","M","R","BOSS"],"build_version":"2019-01-17v2","purchased_purges":3,"victory":true,"max_hp_per_floor":[80,80,80,80,80,80,80,80,80,80,80,80,80,80,80,80,80,83,83,83,83,83,87,91,95,101,101,101,101,101,105,105,105,105,108,108,108,108,108,108,108,108,114,114,114,114,114,118,118,118],"card_choices":[{"not_picked":["Cleave","Intimidate"],"picked":"Clash","floor":1},{"not_picked":["Seeing Red","Evolve","Corruption"],"picked":"SKIP","floor":2},{"not_picked":["Clash","Brutality"],"picked":"Headbutt","floor":4},{"not_picked":["Twin Strike","Rupture","Pommel Strike"],"picked":"SKIP","floor":7},{"not_picked":["Rage","Perfected Strike"],"picked":"Carnage","floor":10},{"not_picked":["Power Through","Flex"],"picked":"Rage","floor":11},{"not_picked":["Entrench","Dual Wield"],"picked":"Iron Wave","floor":12},{"not_picked":["Pommel Strike","Sword Boomerang","Twin Strike"],"picked":"SKIP","floor":13},{"not_picked":["Clash","Clothesline"],"picked":"Inflame","floor":14},{"not_picked":["Juggernaut","Double Tap"],"picked":"Feed","floor":16},{"not_picked":["Whirlwind","Pommel Strike+1"],"picked":"Armaments","floor":18},{"not_picked":["Perfected Strike","Heavy Blade"],"picked":"Flex","floor":20},{"not_picked":["Second Wind","Twin Strike+1"],"picked":"Anger+1","floor":23},{"not_picked":["Anger","Searing Blow","Cleave+1"],"picked":"SKIP","floor":24},{"not_picked":["Thunderclap","Searing Blow"],"picked":"Limit Break","floor":25},{"not_picked":["Entrench","Wild Strike"],"picked":"Headbutt","floor":27},{"not_picked":["Corruption","Warcry"],"picked":"Disarm","floor":29},{"not_picked":["Metallicize","Sever Soul"],"picked":"Anger+1","floor":30},{"not_picked":["Perfected Strike","Burning Pact"],"picked":"True Grit+1","floor":31},{"not_picked":["Brutality","Barricade"],"picked":"Fiend Fire","floor":33},{"not_picked":["Iron Wave+1","Evolve"],"picked":"Burning Pact","floor":35},{"not_picked":["Cleave+1","Rupture","Body Slam"],"picked":"SKIP","floor":37},{"not_picked":["Body Slam","Twin Strike+1","Thunderclap"],"picked":"SKIP","floor":39},{"not_picked":["Good Instincts","Madness"],"picked":"Dark Shackles","floor":42},{"not_picked":["Enlightenment","Good Instincts"],"picked":"Madness","floor":42},{"not_picked":["Trip","Forethought"],"picked":"Discovery","floor":42},{"not_picked":["Iron Wave+1","Perfected Strike"],"picked":"Sword Boomerang+1","floor":44},{"not_picked":["Clothesline","Carnage","Sword Boomerang+1"],"picked":"SKIP","floor":45},{"not_picked":["Heavy Blade","Anger"],"picked":"Shrug It Off+1","floor":46},{"not_picked":["Barricade","Entrench"],"picked":"Warcry+1","floor":47},{"not_picked":["Spot Weakness","Clash","Warcry"],"picked":"SKIP","floor":48}],"player_experience":11847,"relics_obtained":[{"floor":7,"key":"Unceasing Top"},{"floor":9,"key":"Bird Faced Urn"},{"floor":10,"key":"PreservedInsect"},{"floor":12,"key":"Vajra"},{"floor":23,"key":"Darkstone Periapt"},{"floor":25,"key":"Oddly Smooth Stone"},{"floor":26,"key":"Pantograph"},{"floor":43,"key":"Mummified Hand"},{"floor":45,"key":"Happy Flower"},{"floor":47,"key":"Centennial Puzzle"}],"event_choices":[{"damage_healed":0,"gold_gain":0,"player_choice":"Ignored","damage_taken":0,"max_hp_gain":0,"max_hp_loss":0,"event_name":"Liars Game","floor":3,"gold_loss":0},{"damage_healed":0,"gold_gain":0,"cards_transformed":["Strike_R"],"player_choice":"Transformed","damage_taken":0,"max_hp_gain":0,"max_hp_loss":0,"event_name":"Transmorgrifier","floor":5,"gold_loss":0,"cards_obtained":["Cleave"]},{"damage_healed":0,"gold_gain":0,"player_choice":"Ignored","damage_taken":0,"max_hp_gain":0,"max_hp_loss":0,"event_name":"Ghosts","floor":19,"gold_loss":0},{"damage_healed":0,"gold_gain":100,"player_choice":"Bet on Murderer","damage_taken":0,"max_hp_gain":0,"max_hp_loss":0,"event_name":"The Joust","floor":21,"gold_loss":50},{"damage_healed":0,"gold_gain":100,"player_choice":"Pray","damage_taken":0,"max_hp_gain":0,"max_hp_loss":0,"event_name":"Golden Shrine","floor":36,"gold_loss":0},{"damage_healed":0,"gold_gain":0,"player_choice":"Memory 3","damage_taken":10,"max_hp_gain":0,"max_hp_loss":0,"event_name":"SensoryStone","floor":42,"gold_loss":0}],"is_beta":false,"boss_relics":[{"not_picked":["Runic Pyramid","Ectoplasm"],"picked":"Cursed Key"},{"not_picked":["Mark of Pain","Lizard Tail"],"picked":"Sozu"}],"items_purged_floors":[22,38,41],"is_endless":false,"potions_floor_spawned":[4,10,11,13,16,18,20,25,31,33,35,39,45,47],"ascension_level":3}