{"gold_per_floor":[365,365,365,385,397,397,115,171,171,182,212,212,240,253,253,331,331,346,346,346,357,22,22,33,49,97,97,107,138,38,64,64,135,135,146,161,161,210,36,36,36,56,56,72,90,3,38,50,50,50,50],"floor_reached":52,"playtime":4354,"items_purged":["Pain","Strike_G"],"score":1864,"play_id":"ba352e97-cbff-4fff-80de-b2bc4fc13006","local_time":"20190212212312","is_ascension_mode":true,"campfire_choices":[{"data":"Predator","floor":6,"key":"SMITH"},{"data":"Noxious Fumes","floor":12,"key":"SMITH"},{"data":"Malaise","floor":15,"key":"SMITH"},{"floor":23,"key":"REST"},{"data":"Corpse Explosion","floor":27,"key":"SMITH"},{"data":"Burst","floor":32,"key":"SMITH"},{"floor":41,"key":"REST"},{"data":"Malaise","floor":49,"key":"SMITH"}],"neow_cost":"TEN_PERCENT_HP_LOSS","seed_source_timestamp":9346226862903,"circlet_count":0,"master_deck":["AscendersBane","Defend_G","Defend_G","Defend_G","Defend_G","Defend_G","Strike_G","Strike_G","Strike_G","Strike_G","Survivor","Neutralize+1","Backflip","Predator+1","Noxious Fumes+1","Malaise+1","Poisoned Stab","Corpse Explosion+1","Escape Plan+1","Footwork","Blur","Catalyst+1","Acrobatics","Footwork","Burst+1","Die Die Die","PiercingWail+1","Backflip+1","Malaise+1","Dodge and Roll","Leg Sweep","Blur","Deadly Poison"],"relics":["Ring of the Snake","Anchor","Lantern","Blood Vial","Dodecahedron","Gremlin Horn","Philosopher\u0027s Stone","WarpedTongs","Regal Pillow","PreservedInsect","Dream Catcher","Pantograph","Lizard Tail","Pocketwatch","Art of War","Bag of Preparation"],"potions_floor_usage":[16,16,24,28,29,36,38,51],"damage_taken":[{"damage":4,"enemies":"Jaw Worm","floor":1,"turns":7},{"damage":0,"enemies":"Cultist","floor":4,"turns":5},{"damage":0,"enemies":"Small Slimes","floor":5,"turns":3},{"damage":3,"enemies":"Blue Slaver","floor":10,"turns":3},{"damage":12,"enemies":"3 Sentries","floor":11,"turns":7},{"damage":11,"enemies":"Lagavulin","floor":13,"turns":7},{"damage":0,"enemies":"Exordium Wildlife","floor":14,"turns":4},{"damage":17,"enemies":"Slime Boss","floor":16,"turns":9},{"damage":12,"enemies":"Chosen","floor":18,"turns":5},{"damage":11,"enemies":"Spheric Guardian","floor":21,"turns":5},{"damage":10,"enemies":"Shelled Parasite and Fungi","floor":24,"turns":6},{"damage":0,"enemies":"Snake Plant","floor":25,"turns":6},{"damage":18,"enemies":"Snecko","floor":28,"turns":7},{"damage":0,"enemies":"Gremlin Leader","floor":29,"turns":5},{"damage":5,"enemies":"Book of Stabbing","floor":31,"turns":6},{"damage":14,"enemies":"Collector","floor":33,"turns":9},{"damage":0,"enemies":"Orb Walker","floor":35,"turns":3},{"damage":11,"enemies":"3 Darklings","floor":36,"turns":5},{"damage":45,"enemies":"2 Orb Walkers","floor":38,"turns":4},{"damage":4,"enemies":"Sphere and 2 Shapes","floor":42,"turns":6},{"damage":5,"enemies":"Maw","floor":44,"turns":8},{"damage":0,"enemies":"Jaw Worm Horde","floor":45,"turns":2},{"damage":9,"enemies":"Nemesis","floor":47,"turns":9},{"damage":1,"enemies":"3 Darklings","floor":48,"turns":4},{"damage":22,"enemies":"Awakened One","floor":50,"turns":28},{"damage":14,"enemies":"Donu and Deca","floor":51,"turns":6}],"seed_played":"2707147119337164174","potions_obtained":[{"floor":10,"key":"Fire Potion"},{"floor":16,"key":"Strength Potion"},{"floor":18,"key":"Dexterity Potion"},{"floor":24,"key":"Regen Potion"},{"floor":31,"key":"Block Potion"},{"floor":33,"key":"EssenceOfSteel"},{"floor":36,"key":"SteroidPotion"},{"floor":38,"key":"FearPotion"},{"floor":42,"key":"Fire Potion"},{"floor":47,"key":"PowerPotion"}],"is_trial":false,"path_per_floor":["M","?","?","M","M","R","$","?","T","M","E","R","E","M","R","B",null,"M","?","?","M","$","R","M","M","T","R","M","E","$","E","R","B",null,"M","M","?","?","$","?","R","M","T","M","M","$","E","M","R","B","B",null],"character_chosen":"THE_SILENT","items_purchased":["SteroidPotion","Lantern","Strength Potion","Blur","Regal Pillow","Malaise","Blur"],"campfire_rested":2,"item_purchase_floors":[7,7,7,22,22,39,46],"current_hp_per_floor":[55,37,37,37,37,37,37,37,37,36,26,26,17,19,19,4,46,36,20,20,11,11,45,37,39,39,39,38,40,40,37,37,50,61,63,54,54,11,11,11,44,42,42,39,41,41,34,35,35,40,48],"gold":50,"neow_bonus":"TWO_FIFTY_GOLD","is_prod":false,"is_daily":false,"chose_seed":false,"campfire_upgraded":6,"win_rate":0,"timestamp":1549959792,"path_taken":["M","?","?","?","M","R","$","?","T","M","E","R","E","M","R","BOSS","M","?","?","M","$","R","M","M","T","R","M","E","$","E","R","BOSS","M","M","?","?","$","?","R","M","T","M","M","$","E","?","R","BOSS","BOSS"],"build_version":"2019-01-23","purchased_purges":2,"victory":true,"max_hp_per_floor":[60,60,60,60,60,60,60,60,60,60,60,60,60,60,60,60,60,60,65,65,65,65,65,65,65,65,65,65,65,65,65,65,65,65,65,65,65,65,65,62,62,62,62,62,62,62,62,62,62,62,62],"card_choices":[{"not_picked":["Outmaneuver","Masterful Stab"],"picked":"Backflip","floor":1},{"not_picked":["Leg Sweep","Bane"],"picked":"Predator","floor":4},{"not_picked":["Choke","Finisher","Backflip"],"picked":"SKIP","floor":5},{"not_picked":["Sucker Punch","Cloak And Dagger"],"picked":"Noxious Fumes","floor":10},{"not_picked":["Dodge and Roll","Blade Dance"],"picked":"Malaise","floor":11},{"not_picked":["Terror","Acrobatics"],"picked":"Poisoned Stab","floor":13},{"not_picked":["Accuracy","Blade Dance","Sucker Punch"],"picked":"SKIP","floor":14},{"not_picked":["Tools of the Trade","Unload"],"picked":"Corpse Explosion","floor":16},{"not_picked":["Tactician+1","Deadly Poison"],"picked":"Escape Plan+1","floor":18},{"not_picked":["Dagger Throw","Infinite Blades"],"picked":"Footwork","floor":21},{"not_picked":["Dodge and Roll","Quick Slash"],"picked":"Catalyst+1","floor":24},{"not_picked":["Blade Dance","Tactician","Bane"],"picked":"SKIP","floor":25},{"not_picked":["Predator","Skewer"],"picked":"Acrobatics","floor":28},{"not_picked":["Dagger Spray","Flying Knee"],"picked":"Footwork","floor":29},{"not_picked":["Acrobatics","Poisoned Stab"],"picked":"Burst","floor":31},{"not_picked":["Burst","Glass Knife"],"picked":"Die Die Die","floor":33},{"not_picked":["Backflip","Blade Dance"],"picked":"PiercingWail+1","floor":35},{"not_picked":["Quick Slash","Distraction","Blade Dance"],"picked":"SKIP","floor":36},{"not_picked":["Deflect","Backstab"],"picked":"Backflip+1","floor":38},{"not_picked":["Calculated Gamble","Cloak And Dagger"],"picked":"Dodge and Roll","floor":42},{"not_picked":["All Out Attack","Dash+1"],"picked":"Leg Sweep","floor":44},{"not_picked":["A Thousand Cuts","Sucker Punch","Dagger Spray"],"picked":"SKIP","floor":45},{"not_picked":["Escape Plan","Venomology"],"picked":"Deadly Poison","floor":47},{"not_picked":["Footwork","All Out Attack","Deflect"],"picked":"SKIP","floor":48}],"player_experience":224879,"relics_obtained":[{"floor":9,"key":"Blood Vial"},{"floor":11,"key":"Dodecahedron"},{"floor":13,"key":"Gremlin Horn"},{"floor":26,"key":"PreservedInsect"},{"floor":29,"key":"Dream Catcher"},{"floor":31,"key":"Pantograph"},{"floor":38,"key":"Pocketwatch"},{"floor":43,"key":"Art of War"},{"floor":47,"key":"Bag of Preparation"}],"event_choices":[{"damage_healed":0,"gold_gain":0,"player_choice":"Success","damage_taken":18,"relics_obtained":["Anchor"],"max_hp_gain":0,"max_hp_loss":0,"event_name":"Scrap Ooze","floor":2,"gold_loss":0},{"damage_healed":0,"gold_gain":0,"player_choice":"Upgraded","damage_taken":0,"max_hp_gain":0,"max_hp_loss":0,"event_name":"Upgrade Shrine","floor":3,"gold_loss":0,"cards_upgraded":["Neutralize"]},{"damage_healed":0,"gold_gain":56,"player_choice":"Gained Gold","damage_taken":0,"max_hp_gain":0,"max_hp_loss":0,"event_name":"Golden Wing","floor":8,"gold_loss":0},{"damage_healed":0,"gold_gain":0,"player_choice":"Shed Blood","damage_taken":21,"max_hp_gain":5,"max_hp_loss":0,"event_name":"Forgotten Altar","floor":19,"gold_loss":0},{"damage_healed":0,"gold_gain":0,"player_choice":"Rummage","damage_taken":0,"relics_obtained":["WarpedTongs"],"max_hp_gain":0,"max_hp_loss":0,"event_name":"Accursed Blacksmith","floor":20,"gold_loss":0,"cards_obtained":["Pain"]},{"damage_healed":0,"gold_gain":0,"player_choice":"Ignored","damage_taken":0,"max_hp_gain":0,"max_hp_loss":0,"event_name":"Tomb of Lord Red Mask","floor":37,"gold_loss":0},{"damage_healed":0,"gold_gain":0,"player_choice":"Fight","damage_taken":0,"max_hp_gain":0,"max_hp_loss":0,"event_name":"Mysterious Sphere","floor":38,"gold_loss":0},{"damage_healed":0,"gold_gain":0,"player_choice":"Max HP","damage_taken":0,"max_hp_gain":0,"max_hp_loss":3,"event_name":"Winding Halls","floor":40,"gold_loss":0}],"is_beta":false,"boss_relics":[{"not_picked":["Eternal Feather","Tiny House"],"picked":"Philosopher\u0027s Stone"},{"not_picked":["HoveringKite","WristBlade"],"picked":"Lizard Tail"}],"items_purged_floors":[22,30],"is_endless":false,"potions_floor_spawned":[10,13,16,18,24,31,33,36,38,42,47],"ascension_level":20}