{"gold_per_floor":[113,113,130,74,17,47,64,96,96,146,174,174,189,189,189,266,266,282,282,253,267,267,267,284,284,284,56,87,97,97,97,97,173,173,184,184,202,202,248,273,273,273,273,273,273,304,304,323,323,323,323,323,323,1,33,33],"floor_reached":57,"playtime":3530,"items_purged":[],"score":2788,"play_id":"1e0273fc-30de-4263-90ec-e99d6ad252c5","local_time":"20190226223530","is_ascension_mode":true,"campfire_choices":[{"data":"True Grit","floor":12.0,"key":"SMITH"},{"data":"Bash","floor":15.0,"key":"SMITH"},{"data":"Armaments","floor":23.0,"key":"SMITH"},{"data":"Whirlwind","floor":25.0,"key":"SMITH"},{"data":"Limit Break","floor":30.0,"key":"SMITH"},{"floor":32.0,"key":"REST"},{"data":"Spot Weakness","floor":42.0,"key":"SMITH"},{"data":"Feel No Pain","floor":44.0,"key":"SMITH"},{"floor":49.0,"key":"RECALL"},{"data":"Disarm","floor":53.0,"key":"SMITH"}],"neow_cost":"NONE","seed_source_timestamp":0,"circlet_count":0,"master_deck":["AscendersBane","Strike_R","Defend_R","Defend_R","Defend_R","Defend_R","Bash+1","Corruption","Shockwave","Clothesline+1","Shrug It Off","Spot Weakness+1","Feel No Pain+1","True Grit+1","Flame Barrier","Armaments+1","Exhume","Disarm+1","Entrench+1","Whirlwind+1","Limit Break+1","Shrug It Off","Armaments+1","Fiend Fire+1","Anger+1","Power Through+1","Shrug It Off","Warcry+1","Thunderclap","Feel No Pain+1","Metallicize+1","Demon Form+1","Sentinel"],"special_seed":0,"relics":["Burning Blood","NeowsBlessing","Dream Catcher","Bottled Flame","Juzu Bracelet","Pantograph","Snecko Eye","Frozen Egg 2","Centennial Puzzle","Chemical X","Bag of Marbles","Astrolabe","Thread and Needle","Blood Vial","Whetstone","Pen Nib","Art of War","Bottled Tornado"],"potions_floor_usage":[56],"damage_taken":[{"damage":0.0,"enemies":"2 Louse","floor":1.0,"turns":1.0},{"damage":0.0,"enemies":"Cultist","floor":3.0,"turns":1.0},{"damage":0.0,"enemies":"Lagavulin","floor":6.0,"turns":1.0},{"damage":6.0,"enemies":"Jaw Worm","floor":7.0,"turns":4.0},{"damage":13.0,"enemies":"3 Sentries","floor":8.0,"turns":7.0},{"damage":58.0,"enemies":"Lagavulin","floor":11.0,"turns":11.0},{"damage":6.0,"enemies":"Red Slaver","floor":13.0,"turns":5.0},{"damage":39.0,"enemies":"The Guardian","floor":16.0,"turns":19.0},{"damage":4.0,"enemies":"3 Byrds","floor":18.0,"turns":4.0},{"damage":7.0,"enemies":"2 Thieves","floor":20.0,"turns":4.0},{"damage":16.0,"enemies":"Shelled Parasite and Fungi","floor":21.0,"turns":7.0},{"damage":9.0,"enemies":"Cultist and Chosen","floor":24.0,"turns":7.0},{"damage":18.0,"enemies":"Gremlin Leader","floor":28.0,"turns":7.0},{"damage":0.0,"enemies":"3 Cultists","floor":29.0,"turns":2.0},{"damage":57.0,"enemies":"Champ","floor":33.0,"turns":14.0},{"damage":23.0,"enemies":"3 Shapes","floor":35.0,"turns":2.0},{"damage":7.0,"enemies":"3 Darklings","floor":37.0,"turns":3.0},{"damage":15.0,"enemies":"2 Orb Walkers","floor":39.0,"turns":3.0},{"damage":0.0,"enemies":"Giant Head","floor":40.0,"turns":5.0},{"damage":6.0,"enemies":"Reptomancer","floor":46.0,"turns":4.0},{"damage":0.0,"enemies":"Sphere and 2 Shapes","floor":48.0,"turns":4.0},{"damage":25.0,"enemies":"Awakened One","floor":50.0,"turns":9.0},{"damage":59.0,"enemies":"Time Eater","floor":51.0,"turns":11.0},{"damage":19.0,"enemies":"Shield and Spear","floor":55.0,"turns":3.0},{"damage":60,"enemies":"The Heart","floor":56,"turns":10}],"seed_played":"-1279053338313558780","potions_obtained":[{"floor":1.0,"key":"BloodPotion"},{"floor":8.0,"key":"Ancient Potion"},{"floor":20.0,"key":"FearPotion"},{"floor":28.0,"key":"EntropicBrew"},{"floor":39.0,"key":"PowerPotion"},{"floor":40.0,"key":"SteroidPotion"}],"is_trial":false,"path_per_floor":["M","?","M","$","$","E","M","E","T","?","E","R","M","?","R","B",null,"M","?","M","M","?","R","M","R","T","$","E","M","R","T","R","B",null,"M","?","M","?","?","E","?","R","T","R","$","E","?","M","R","B","B",null,"R","$","E","B",null],"character_chosen":"IRONCLAD","items_purchased":["Clothesline","Shrug It Off","Chemical X","Demon Form+1","Art of War"],"campfire_rested":1,"item_purchase_floors":[4,5,27,54,54],"current_hp_per_floor":[74,74,75,75,75,75,75,68,68,61,9,9,16,16,16,8,58,60,39,38,28,28,28,25,25,25,25,13,19,19,19,43,17,64,47,47,46,46,37,43,43,43,43,43,43,45,45,53,53,57,23,63,63,63,52,22],"gold":33,"neow_bonus":"THREE_ENEMY_KILL","is_prod":false,"is_daily":false,"chose_seed":false,"campfire_upgraded":8,"win_rate":0,"timestamp":1551173730,"path_taken":["M","?","M","?","$","E","?","E","T","?","E","R","M","?","R","BOSS","M","?","M","M","?","R","M","R","T","?","E","M","R","?","R","BOSS","M","?","M","?","?","E","?","R","T","R","?","E","?","M","R","BOSS","BOSS","R","$","E","BOSS"],"build_version":"2019-01-23","purchased_purges":0,"victory":true,"max_hp_per_floor":[75,75,75,75,75,75,75,75,75,75,75,75,75,75,75,75,75,75,80,80,80,80,80,80,80,80,80,80,80,80,80,80,80,80,80,80,80,80,80,80,76,76,76,76,76,76,76,76,76,76,76,76,76,76,76,76],"card_choices":[{"not_picked":["Rupture","Seeing Red"],"picked":"Corruption","floor":1.0},{"not_picked":["Evolve","Dropkick"],"picked":"Shockwave","floor":3.0},{"not_picked":["Pommel Strike","Thunderclap"],"picked":"Spot Weakness","floor":6.0},{"not_picked":["Reckless Charge","Flex"],"picked":"Feel No Pain","floor":7.0},{"not_picked":["Inflame","Clothesline"],"picked":"True Grit","floor":8.0},{"not_picked":["Perfected Strike","Sword Boomerang"],"picked":"Flame Barrier","floor":11.0},{"not_picked":["Wild Strike","Dual Wield"],"picked":"Armaments","floor":13.0},{"not_picked":["Dark Embrace","Fiend Fire"],"picked":"Exhume","floor":16.0},{"not_picked":["Armaments","Flex"],"picked":"Disarm","floor":18.0},{"not_picked":["Rupture","Iron Wave","Body Slam"],"picked":"SKIP","floor":20.0},{"not_picked":["Evolve","Armaments"],"picked":"Entrench+1","floor":21.0},{"not_picked":["Pommel Strike","Cleave"],"picked":"Whirlwind","floor":24.0},{"not_picked":["Reckless Charge","Carnage"],"picked":"Limit Break","floor":28.0},{"not_picked":["True Grit","Headbutt"],"picked":"Shrug It Off","floor":29.0},{"not_picked":["Clothesline+1","Clash"],"picked":"Armaments+1","floor":32.0},{"not_picked":["Limit Break","Offering"],"picked":"Fiend Fire","floor":33.0},{"not_picked":["Battle Trance+1","Pommel Strike"],"picked":"Shrug It Off","floor":35.0},{"not_picked":["Rampage","Clothesline"],"picked":"Warcry+1","floor":37.0},{"not_picked":["Twin Strike","Pommel Strike"],"picked":"Thunderclap","floor":40.0},{"not_picked":["Blood for Blood","Combust+1"],"picked":"Feel No Pain+1","floor":46.0},{"not_picked":["Pommel Strike","Ghostly Armor"],"picked":"Metallicize+1","floor":48.0},{"not_picked":["Thunderclap+1","Perfected Strike+1"],"picked":"Sentinel","floor":55.0}],"player_experience":460916,"relics_obtained":[{"floor":6.0,"key":"Dream Catcher"},{"floor":8.0,"key":"Bottled Flame"},{"floor":9.0,"key":"Juzu Bracelet"},{"floor":11.0,"key":"Pantograph"},{"floor":26.0,"key":"Centennial Puzzle"},{"floor":28.0,"key":"Bag of Marbles"},{"floor":39.0,"key":"Thread and Needle"},{"floor":40.0,"key":"Blood Vial"},{"floor":43.0,"key":"Whetstone"},{"floor":46.0,"key":"Pen Nib"},{"floor":55.0,"key":"Bottled Tornado"}],"event_choices":[{"cards_removed":["Strike_R"],"damage_healed":0.0,"max_hp_gain":0.0,"max_hp_loss":0.0,"gold_gain":0.0,"event_name":"Bonfire Elementals","player_choice":"Offered Basic","floor":2.0,"gold_loss":0.0,"damage_taken":0.0},{"damage_healed":0.0,"max_hp_gain":0.0,"max_hp_loss":0.0,"gold_gain":50.0,"event_name":"FaceTrader","player_choice":"Touch","floor":10.0,"gold_loss":0.0,"damage_taken":7.0},{"damage_healed":0.0,"max_hp_gain":0.0,"max_hp_loss":0.0,"gold_gain":0.0,"event_name":"Liars Game","player_choice":"Ignored","floor":14.0,"gold_loss":0.0,"damage_taken":0.0},{"damage_healed":0.0,"max_hp_gain":5.0,"max_hp_loss":0.0,"gold_gain":0.0,"event_name":"Forgotten Altar","player_choice":"Shed Blood","floor":19.0,"gold_loss":0.0,"damage_taken":26.0},{"damage_healed":0.0,"max_hp_gain":0.0,"max_hp_loss":0.0,"gold_gain":0.0,"event_name":"The Mausoleum","player_choice":"Opened","floor":22.0,"gold_loss":0.0,"damage_taken":0.0,"relics_obtained":["Frozen Egg 2"],"cards_obtained":["Writhe"]},{"damage_healed":0.0,"max_hp_gain":0.0,"max_hp_loss":0.0,"gold_gain":0.0,"event_name":"Tomb of Lord Red Mask","player_choice":"Ignored","floor":36.0,"gold_loss":0.0,"damage_taken":0.0},{"cards_removed":["Writhe"],"damage_healed":0.0,"max_hp_gain":0.0,"max_hp_loss":0.0,"gold_gain":0.0,"event_name":"Fountain of Cleansing","player_choice":"Removed Curses","floor":38.0,"gold_loss":0.0,"damage_taken":0.0},{"damage_healed":0.0,"max_hp_gain":0.0,"max_hp_loss":0.0,"gold_gain":0.0,"event_name":"Mysterious Sphere","player_choice":"Fight","floor":39.0,"gold_loss":0.0,"damage_taken":0.0},{"damage_healed":0.0,"max_hp_gain":0.0,"max_hp_loss":4.0,"gold_gain":0.0,"event_name":"Winding Halls","player_choice":"Max HP","floor":41.0,"gold_loss":0.0,"damage_taken":0.0},{"cards_removed":["Metallicize"],"damage_healed":0.0,"max_hp_gain":0.0,"max_hp_loss":0.0,"gold_gain":0.0,"event_name":"Falling","player_choice":"Removed Power","floor":47.0,"gold_loss":0.0,"damage_taken":0.0}],"is_beta":false,"boss_relics":[{"not_picked":["Runic Pyramid","Velvet Choker"],"picked":"Snecko Eye"},{"not_picked":["Orrery","Runic Cube"],"picked":"Astrolabe"}],"items_purged_floors":[],"is_endless":false,"potions_floor_spawned":[1,8,11,20,28,33,39,40],"ascension_level":20}