{"gold_per_floor":[109,123,123,138,150,150,170,187,187,201,226,239,239,16,16,121,121,131,31,49,49],"floor_reached":21,"playtime":3581,"items_purged":["Strike_G"],"score":194,"play_id":"4594f97d-1fb6-48e4-9d13-c92e47bdbc44","local_time":"20180927002818","is_ascension_mode":true,"campfire_choices":[{"data":"Prepared","floor":6.0,"key":"SMITH"},{"data":"Reflex","floor":13.0,"key":"SMITH"},{"data":"Well Laid Plans","floor":15.0,"key":"SMITH"}],"neow_cost":"NONE","seed_source_timestamp":0,"circlet_count":0,"master_deck":["Defend_G+1","Defend_G+1","Defend_G","Defend_G","Strike_G","Strike_G","Strike_G","Survivor","Neutralize","Adrenaline","Prepared+1","Infinite Blades","Eviscerate","Reflex+1","Caltrops","Quick Slash","Eviscerate","Well Laid Plans+1","Adrenaline","Acrobatics","Prepared"],"special_seed":0,"relics":["Ring of the Snake","Bottled Flame","Meat on the Bone","War Paint","White Beast Statue"],"potions_floor_usage":[21],"damage_taken":[{"damage":0.0,"enemies":"2 Louse","floor":1.0,"turns":3.0},{"damage":0.0,"enemies":"Jaw Worm","floor":2.0,"turns":7.0},{"damage":2.0,"enemies":"Cultist","floor":4.0,"turns":4.0},{"damage":0.0,"enemies":"Red Slaver","floor":5.0,"turns":6.0},{"damage":1.0,"enemies":"Lots of Slimes","floor":7.0,"turns":6.0},{"damage":0.0,"enemies":"Exordium Thugs","floor":8.0,"turns":4.0},{"damage":0.0,"enemies":"Blue Slaver","floor":10.0,"turns":4.0},{"damage":5.0,"enemies":"Gremlin Nob","floor":11.0,"turns":4.0},{"damage":10.0,"enemies":"3 Louse","floor":12.0,"turns":5.0},{"damage":29.0,"enemies":"The Guardian","floor":16.0,"turns":17.0},{"damage":5.0,"enemies":"2 Thieves","floor":18.0,"turns":5.0},{"damage":0.0,"enemies":"Shell Parasite","floor":20.0,"turns":3.0},{"damage":17,"enemies":"Colosseum Slavers","floor":21,"turns":5},{"damage":80,"enemies":"Colosseum Nobs","floor":21,"turns":5}],"seed_played":"-2664059478851103852","potions_obtained":[{"floor":2.0,"key":"Regen Potion"},{"floor":7.0,"key":"FearPotion"},{"floor":8.0,"key":"Poison Potion"},{"floor":12.0,"key":"SkillPotion"},{"floor":16.0,"key":"Ancient Potion"},{"floor":18.0,"key":"Block Potion"}],"is_trial":false,"path_per_floor":["M","M","?","M","M","R","M","M","T","M","E","M","R","$","R","B",null,"M","$","M"],"character_chosen":"THE_SILENT","items_purchased":["Well Laid Plans","War Paint","Prepared"],"campfire_rested":0,"item_purchase_floors":[14,14,19],"current_hp_per_floor":[70,70,70,68,68,68,67,67,67,67,62,52,52,52,52,35,70,65,65,65,0],"gold":49,"neow_bonus":"TRANSFORM_CARD","is_prod":false,"is_daily":false,"chose_seed":false,"campfire_upgraded":3,"win_rate":0,"timestamp":1538022498,"path_taken":["M","M","?","M","?","R","M","M","T","?","E","M","R","?","R","BOSS","M","$","M","?"],"build_version":"2018-09-20","purchased_purges":1,"victory":false,"max_hp_per_floor":[70,70,70,70,70,70,70,70,70,70,70,70,70,70,70,70,70,70,70,70,70],"card_choices":[{"not_picked":["Blade Dance","Footwork"],"picked":"Prepared","floor":1.0},{"not_picked":["Backflip","Slice"],"picked":"Infinite Blades","floor":2.0},{"not_picked":["Outmaneuver","All Out Attack"],"picked":"Eviscerate","floor":4.0},{"not_picked":["Slice","Outmaneuver"],"picked":"Reflex","floor":5.0},{"not_picked":["Endless Agony","Setup","Dash"],"picked":"SKIP","floor":7.0},{"not_picked":["Dodge and Roll","Flechettes"],"picked":"Caltrops","floor":8.0},{"not_picked":["Flechettes","Endless Agony"],"picked":"Quick Slash","floor":10.0},{"not_picked":["Sucker Punch","Predator"],"picked":"Eviscerate","floor":11.0},{"not_picked":["Dagger Spray","Catalyst","Distraction"],"picked":"SKIP","floor":12.0},{"not_picked":["Dagger Spray","Catalyst","Distraction"],"picked":"SKIP","floor":12.0},{"not_picked":["Venomology","Wraith Form v2"],"picked":"Adrenaline","floor":16.0},{"not_picked":["Leg Sweep","Bane"],"picked":"Acrobatics","floor":18.0},{"not_picked":["Acrobatics+1","Blur","Leg Sweep"],"picked":"SKIP","floor":20.0}],"player_experience":659964,"relics_obtained":[{"floor":9.0,"key":"Bottled Flame"},{"floor":11.0,"key":"Meat on the Bone"}],"event_choices":[{"event_name":"Living Wall","player_choice":"Forget","floor":3.0,"damage_taken":0.0},{"event_name":"Colosseum","player_choice":"Fight","floor":21,"damage_taken":0},{"event_name":"Colosseum","player_choice":"Fought Nobs","floor":21,"damage_taken":0}],"is_beta":false,"boss_relics":[{"not_picked":["Busted Crown","Philosopher\u0027s Stone"],"picked":"White Beast Statue"}],"items_purged_floors":[19],"is_endless":false,"potions_floor_spawned":[2,7,8,12,16,18,20,21],"killed_by":"Colosseum Nobs","ascension_level":1}