{"gold_per_floor":[117,135,154,154,229,229,279,313,338,402,402,419,452,412,412,412],"floor_reached":16,"playtime":618,"items_purged":[],"score":216,"play_id":"47c6c040-0e5d-4f6b-a50d-cd98a0ad8778","local_time":"20190222191638","is_ascension_mode":true,"campfire_choices":[{"data":"Flame Barrier","floor":6,"key":"SMITH"},{"floor":11,"key":"REST"},{"floor":15,"key":"REST"}],"neow_cost":"NONE","seed_source_timestamp":0,"circlet_count":0,"master_deck":["AscendersBane","Strike_R","Strike_R","Strike_R","Strike_R","Strike_R","Defend_R","Defend_R","Defend_R","Defend_R","Bash+1","Hemokinesis+1","Flame Barrier+1","Iron Wave","Thunderclap","Limit Break"],"special_seed":0,"relics":["Burning Blood","Juzu Bracelet","Pen Nib","Mummified Hand"],"potions_floor_usage":[13,16,16],"damage_taken":[{"damage":10,"enemies":"Small Slimes","floor":1,"turns":3},{"damage":6,"enemies":"Jaw Worm","floor":2,"turns":4},{"damage":5,"enemies":"2 Louse","floor":3,"turns":4},{"damage":46,"enemies":"3 Sentries","floor":8,"turns":9},{"damage":25,"enemies":"Red Slaver","floor":12,"turns":8},{"damage":8,"enemies":"Gremlin Nob","floor":13,"turns":3},{"damage":30,"enemies":"Hexaghost","floor":16,"turns":8}],"seed_played":"7263234805351129700","potions_obtained":[{"floor":2,"key":"Strength Potion"},{"floor":14,"key":"PowerPotion"},{"floor":14,"key":"Strength Potion"}],"is_trial":false,"path_per_floor":["M","M","M","?","?","R","?","E","T","?","R","M","E","?","R","B"],"character_chosen":"IRONCLAD","items_purchased":[],"campfire_rested":2,"item_purchase_floors":[],"current_hp_per_floor":[64,64,65,65,54,54,47,7,7,7,29,10,8,8,30,0],"gold":412,"neow_bonus":"UPGRADE_CARD","is_prod":false,"is_daily":false,"chose_seed":false,"campfire_upgraded":1,"win_rate":0,"timestamp":1550816198,"path_taken":["M","M","M","?","?","R","?","E","T","?","R","M","E","?","R","BOSS"],"build_version":"2019-01-23","purchased_purges":0,"victory":false,"max_hp_per_floor":[75,75,75,75,75,75,75,75,75,75,75,75,75,75,75,75],"card_choices":[{"not_picked":["Body Slam","Wild Strike","Rage"],"picked":"SKIP","floor":1},{"not_picked":["Sword Boomerang","Warcry"],"picked":"Hemokinesis","floor":2},{"not_picked":["Blood for Blood","Battle Trance"],"picked":"Flame Barrier","floor":3},{"not_picked":["Body Slam","Wild Strike"],"picked":"Iron Wave","floor":8},{"not_picked":["Entrench","Combust"],"picked":"Thunderclap","floor":12},{"not_picked":["Feel No Pain","Sentinel"],"picked":"Limit Break","floor":13}],"player_experience":401305,"relics_obtained":[{"floor":8,"key":"Juzu Bracelet"},{"floor":9,"key":"Pen Nib"},{"floor":13,"key":"Mummified Hand"}],"event_choices":[{"damage_healed":0,"gold_gain":0,"player_choice":"Grow","damage_taken":0,"max_hp_gain":0,"max_hp_loss":0,"event_name":"Living Wall","floor":4,"gold_loss":0,"cards_upgraded":["Hemokinesis"]},{"damage_healed":0,"gold_gain":75,"player_choice":"Gather Gold","damage_taken":11,"max_hp_gain":0,"max_hp_loss":0,"event_name":"World of Goop","floor":5,"gold_loss":0},{"damage_healed":0,"gold_gain":50,"player_choice":"Touch","damage_taken":7,"max_hp_gain":0,"max_hp_loss":0,"event_name":"FaceTrader","floor":7,"gold_loss":0},{"damage_healed":0,"gold_gain":64,"player_choice":"Gained Gold","damage_taken":0,"max_hp_gain":0,"max_hp_loss":0,"event_name":"Golden Wing","floor":10,"gold_loss":0},{"damage_healed":0,"gold_gain":0,"player_choice":"Bought 3 Potions","damage_taken":0,"max_hp_gain":0,"max_hp_loss":0,"event_name":"The Woman in Blue","floor":14,"gold_loss":0}],"is_beta":false,"boss_relics":[],"items_purged_floors":[],"is_endless":false,"potions_floor_spawned":[2],"killed_by":"Hexaghost","ascension_level":20}