{"gold_per_floor":[111,186,201,201,213,239,40,50,50,62,62,77,77,252,252,376,376,365,365,365],"floor_reached":20,"playtime":678,"items_purged":[],"score":283,"play_id":"3566563f-da14-481b-8b6f-7c7a740c41ce","local_time":"20190301072449","is_ascension_mode":true,"campfire_choices":[{"data":"Storm","floor":15,"key":"SMITH"}],"neow_cost":"NONE","seed_source_timestamp":1301937506380934,"circlet_count":0,"master_deck":["Strike_B","Strike_B","Strike_B","Strike_B","Defend_B","Defend_B","Defend_B","Defend_B","Zap","Dualcast","Sweeping Beam","Streamline","Buffer","Lockon","Amplify","Storm+1","Barrage","Double Energy","Sweeping Beam+1","Parasite","Stack","Injury","Doubt","Rainbow","Normality","Writhe","Regret","Skim"],"relics":["Cracked Core","NeowsBlessing","Art of War","Nunchaku","Molten Egg 2","Bloody Idol","Calling Bell","Juzu Bracelet","Letter Opener","FossilizedHelix"],"potions_floor_usage":[16,20,20],"damage_taken":[{"damage":0,"enemies":"Small Slimes","floor":1,"turns":1},{"damage":0,"enemies":"Jaw Worm","floor":3,"turns":1},{"damage":0,"enemies":"Cultist","floor":5,"turns":1},{"damage":32,"enemies":"Lagavulin","floor":6,"turns":7},{"damage":5,"enemies":"Looter","floor":8,"turns":3},{"damage":0,"enemies":"Large Slime","floor":10,"turns":6},{"damage":7,"enemies":"3 Louse","floor":12,"turns":2},{"damage":31,"enemies":"Slime Boss","floor":16,"turns":11},{"damage":40,"enemies":"2 Thieves","floor":18,"turns":5},{"damage":35,"enemies":"Masked Bandits","floor":20,"turns":2}],"seed_played":"9190348031130582938","potions_obtained":[{"floor":8,"key":"LiquidBronze"},{"floor":10,"key":"FearPotion"},{"floor":12,"key":"Ancient Potion"},{"floor":18,"key":"Poison Potion"}],"is_trial":false,"path_per_floor":["M","?","M","?","M","E","$","M","T","M","?","M","?","?","R","B",null,"M","?","?"],"character_chosen":"DEFECT","items_purchased":["Amplify","Storm","Barrage"],"campfire_rested":0,"item_purchase_floors":[7,7,7],"current_hp_per_floor":[75,64,64,64,64,32,32,27,27,27,45,38,38,38,38,7,75,35,35,0],"gold":365,"neow_bonus":"THREE_ENEMY_KILL","is_prod":false,"is_daily":false,"chose_seed":false,"campfire_upgraded":1,"win_rate":0,"timestamp":1551392689,"path_taken":["M","?","M","?","?","E","$","M","T","M","?","M","?","?","R","BOSS","M","?","?"],"build_version":"2019-01-23","purchased_purges":0,"victory":false,"max_hp_per_floor":[75,75,75,75,75,75,75,75,75,75,75,75,75,75,75,75,75,75,75,75],"card_choices":[{"not_picked":["Go for the Eyes","Scrape"],"picked":"Sweeping Beam","floor":1},{"not_picked":["Hologram","Cold Snap"],"picked":"Streamline","floor":3},{"not_picked":["Steam","Stack"],"picked":"Buffer","floor":5},{"not_picked":["Stack","Core Surge"],"picked":"Lockon","floor":6},{"not_picked":["Barrage","Genetic Algorithm"],"picked":"Double Energy","floor":8},{"not_picked":["Doom and Gloom+1","Gash+1"],"picked":"Sweeping Beam+1","floor":10},{"not_picked":["Skim","Gash+1"],"picked":"Stack","floor":12},{"not_picked":["Echo Form","Multi-Cast"],"picked":"Rainbow","floor":16},{"not_picked":["Coolheaded","Double Energy+1"],"picked":"Skim","floor":18}],"player_experience":159509,"relics_obtained":[{"floor":4,"key":"Art of War"},{"floor":6,"key":"Nunchaku"},{"floor":9,"key":"Molten Egg 2"},{"floor":17,"key":"Juzu Bracelet"},{"floor":17,"key":"Letter Opener"},{"floor":17,"key":"FossilizedHelix"}],"event_choices":[{"damage_healed":0,"gold_gain":75,"player_choice":"Gather Gold","damage_taken":11,"max_hp_gain":0,"max_hp_loss":0,"event_name":"World of Goop","floor":2,"gold_loss":0},{"damage_healed":0,"gold_gain":0,"player_choice":"Relic","damage_taken":0,"max_hp_gain":0,"max_hp_loss":0,"event_name":"Wheel of Change","floor":4,"gold_loss":0},{"damage_healed":18,"gold_gain":0,"player_choice":"Healed and dodged fight","damage_taken":0,"max_hp_gain":0,"max_hp_loss":0,"event_name":"Mushrooms","floor":11,"gold_loss":0,"cards_obtained":["Parasite"]},{"damage_healed":0,"gold_gain":0,"player_choice":"Take Wound","damage_taken":0,"relics_obtained":["Golden Idol"],"max_hp_gain":0,"max_hp_loss":0,"event_name":"Golden Idol","floor":13,"gold_loss":0,"cards_obtained":["Injury"]},{"damage_healed":0,"gold_gain":175,"player_choice":"AGREE","damage_taken":0,"max_hp_gain":0,"max_hp_loss":0,"event_name":"Liars Game","floor":14,"gold_loss":0,"cards_obtained":["Doubt"]},{"damage_healed":0,"gold_gain":0,"player_choice":"Gave Idol","damage_taken":0,"relics_obtained":["Bloody Idol"],"max_hp_gain":0,"max_hp_loss":0,"event_name":"Forgotten Altar","floor":19,"relics_lost":["Golden Idol"],"gold_loss":0},{"damage_healed":0,"gold_gain":0,"player_choice":"Fought Bandits","damage_taken":0,"max_hp_gain":0,"max_hp_loss":0,"event_name":"Masked Bandits","floor":20,"gold_loss":0}],"is_beta":false,"boss_relics":[{"not_picked":["Nuclear Battery","Sozu"],"picked":"Calling Bell"}],"items_purged_floors":[],"is_endless":false,"potions_floor_spawned":[8,10,12,18],"killed_by":"Masked Bandits","ascension_level":1}