{"path_per_floor":["M","?","?","M","M","E","?","R","T","?","?","R","E","M","R","B",null,"M","$","M","M","$","R","E","R","T","E","$","?","R","M","R","B",null,"M"],"character_chosen":"DEFECT","items_purchased":["Toxic Egg 2","Compile Driver+1","Capacitor"],"gold_per_floor":[14,14,14,33,47,80,145,145,145,145,145,145,188,212,212,343,343,361,26,41,56,3,3,39,39,39,80,11,11,11,27,27,157,157,181,181],"floor_reached":36,"campfire_rested":0,"playtime":1045,"item_purchase_floors":[19,22,28],"current_hp_per_floor":[72,69,69,64,64,64,45,45,45,69,69,69,61,57,57,42,69,63,63,63,49,49,49,45,45,45,41,41,41,41,41,41,38,69,42,0],"items_purged":["Normality"],"gold":181,"score":476,"play_id":"716f16c4-4c11-451e-ac36-3a63a9a3b5c9","local_time":"20180606213953","is_prod":false,"is_daily":false,"chose_seed":false,"is_ascension_mode":true,"campfire_upgraded":7,"win_rate":0,"timestamp":1528277993,"campfire_choices":[{"data":"Rainbow","floor":8,"key":"SMITH"},{"data":"Zap","floor":12,"key":"SMITH"},{"data":"Dualcast","floor":15,"key":"SMITH"},{"data":"Defragment","floor":23,"key":"SMITH"},{"data":"Coolheaded","floor":25,"key":"SMITH"},{"data":"Capacitor","floor":30,"key":"SMITH"},{"data":"Tempest","floor":32,"key":"SMITH"}],"path_taken":["M","?","?","M","?","E","?","R","T","?","?","R","E","?","R","BOSS","M","$","M","?","?","R","E","R","T","E","$","?","R","?","R","BOSS","M","M"],"build_version":"2018-05-31","seed_source_timestamp":163713783897436,"purchased_purges":1,"victory":false,"master_deck":["Strike_B","Strike_B","Strike_B","Defend_B","Defend_B","Defend_B","Zap+1","Dualcast+1","Turbo","Cold Snap","Steam","Tempest+1","Rainbow+1","Compile Driver","Beam Cell+1","Cold Snap+1","Machine Learning","Coolheaded+1","Defragment+1","White Noise+1","Compile Driver+1","Turbo+1","Ball Lightning+1","Capacitor+1","Hologram+1","Thunder Strike+1","Cold Snap+1"],"max_hp_per_floor":[75,69,69,69,69,69,69,69,69,69,69,69,69,69,69,69,69,69,69,69,69,69,69,69,69,69,69,69,69,69,69,69,69,69,69,69],"relics":["Cracked Core","Golden Idol","Letter Opener","Meat on the Bone","Oddly Smooth Stone","Ice Cream","Molten Egg 2","Velvet Choker","Toxic Egg 2","Ancient Tea Set","Bronze Scales","Du-Vu Doll","The Courier","Black Star"],"card_choices":[{"not_picked":["Streamline","Glacier"],"picked":"Cold Snap","floor":1},{"not_picked":["Stack","Turbo"],"picked":"Steam","floor":4},{"not_picked":["Stack","Undo"],"picked":"Tempest","floor":5},{"not_picked":["Turbo","Chill"],"picked":"Rainbow","floor":6},{"not_picked":["Reprogram","Stack"],"picked":"Compile Driver","floor":7},{"not_picked":["Steam","Sunder"],"picked":"Beam Cell","floor":13},{"not_picked":["Hologram","Aggregate"],"picked":"Cold Snap+1","floor":14},{"not_picked":["Meteor Strike+1","Hyperbeam+1"],"picked":"Machine Learning","floor":16},{"not_picked":["Sweeping Beam+1","Steam"],"picked":"Coolheaded","floor":18},{"not_picked":["Loop","Redo+1"],"picked":"Defragment","floor":20},{"not_picked":["Rebound+1","Darkness+1"],"picked":"White Noise+1","floor":21},{"not_picked":["Fusion+1","Barrage+1"],"picked":"Turbo+1","floor":24},{"not_picked":["Rebound+1","Undo+1"],"picked":"Ball Lightning+1","floor":27},{"not_picked":["Lockon+1","Go for the Eyes+1"],"picked":"Hologram+1","floor":31},{"not_picked":["Biased Cognition","Core Surge+1"],"picked":"Thunder Strike+1","floor":33},{"not_picked":["Leap+1","Aggregate+1"],"picked":"Cold Snap+1","floor":35}],"player_experience":249935,"potions_floor_usage":[6,6,13,16,24,24,24,27,27],"damage_taken":[{"damage":3,"enemies":"Small Slimes","floor":1,"turns":3},{"damage":5,"enemies":"Jaw Worm","floor":4,"turns":3},{"damage":0,"enemies":"Cultist","floor":5,"turns":3},{"damage":0,"enemies":"Gremlin Nob","floor":6,"turns":3},{"damage":19,"enemies":"Lagavulin Event","floor":7,"turns":5},{"damage":8,"enemies":"Lagavulin","floor":13,"turns":4},{"damage":4,"enemies":"3 Louse","floor":14,"turns":3},{"damage":15,"enemies":"Hexaghost","floor":16,"turns":6},{"damage":6,"enemies":"Chosen","floor":18,"turns":3},{"damage":0,"enemies":"Spheric Guardian","floor":20,"turns":3},{"damage":14,"enemies":"Centurion and Healer","floor":21,"turns":5},{"damage":4,"enemies":"Book of Stabbing","floor":24,"turns":4},{"damage":16,"enemies":"Gremlin Leader","floor":27,"turns":4},{"damage":0,"enemies":"Sentry and Sphere","floor":31,"turns":4},{"damage":15,"enemies":"Collector","floor":33,"turns":5},{"damage":27,"enemies":"3 Darklings","floor":35,"turns":2}],"relics_obtained":[{"floor":6,"key":"Letter Opener"},{"floor":7,"key":"Meat on the Bone"},{"floor":9,"key":"Oddly Smooth Stone"},{"floor":13,"key":"Molten Egg 2"},{"floor":24,"key":"Ancient Tea Set"},{"floor":26,"key":"Bronze Scales"},{"floor":27,"key":"Du-Vu Doll"}],"event_choices":[{"event_name":"Golden Idol","player_choice":"Lose Max HP","floor":2,"damage_taken":0},{"event_name":"The Cleric","player_choice":"Leave","floor":3,"damage_taken":0},{"event_name":"Dead Adventurer","player_choice":"Searched \u00272\u0027 times","floor":7,"damage_taken":0},{"event_name":"Bonfire Elementals","player_choice":"UNCOMMON","floor":10,"damage_taken":0},{"event_name":"Accursed Blacksmith","player_choice":"Rummage","floor":11,"damage_taken":0},{"event_name":"The Mausoleum","player_choice":"Yes","floor":29,"damage_taken":0}],"boss_relics":[{"not_picked":["Lizard Tail","Snecko Eye"],"picked":"Velvet Choker"},{"not_picked":["Cursed Key","Runic Dome"],"picked":"Black Star"}],"items_purged_floors":[19],"potions_floor_spawned":[4,5,7,14,21,24],"seed_played":"7663599940906133247","killed_by":"3 Shapes","ascension_level":2,"potions_obtained":[{"floor":4,"key":"AttackPotion"},{"floor":5,"key":"SteroidPotion"},{"floor":7,"key":"AttackPotion"},{"floor":14,"key":"PowerPotion"},{"floor":21,"key":"EntropicBrew"},{"floor":24,"key":"Block Potion"}],"is_trial":false}