{"gold_per_floor":[116,116,191,202,219,251,263,276,300,316,327,327,0,0,0,104,104,116,134,134,134],"floor_reached":21,"playtime":798,"items_purged":[],"score":247,"play_id":"03d8abb9-c17c-45bd-9051-d0305efdc422","local_time":"20181124030342","is_ascension_mode":true,"campfire_choices":[{"floor":12,"key":"REST"},{"floor":15,"key":"REST"}],"neow_cost":"NONE","seed_source_timestamp":263279202329163,"circlet_count":0,"master_deck":["Defend_G","Defend_G","Defend_G","Defend_G+1","Strike_G+1","Strike_G","Strike_G","Strike_G","Survivor","Neutralize","Blur","Bouncing Flask","Dodge and Roll","Sucker Punch","Dagger Spray","Deadly Poison","Dodge and Roll","Backflip","Adrenaline","Bouncing Flask","Corpse Explosion","Poisoned Stab","Caltrops"],"relics":["Ring of the Snake","NeowsBlessing","Strawberry","Omamori","Membership Card","Philosopher\u0027s Stone"],"potions_floor_usage":[8,11,16,16,16,21],"damage_taken":[{"damage":0,"enemies":"Jaw Worm","floor":1,"turns":1},{"damage":0,"enemies":"2 Louse","floor":4,"turns":1},{"damage":0,"enemies":"Cultist","floor":5,"turns":1},{"damage":17,"enemies":"Lagavulin","floor":6,"turns":7},{"damage":0,"enemies":"Red Slaver","floor":7,"turns":4},{"damage":21,"enemies":"Large Slime","floor":8,"turns":8},{"damage":0,"enemies":"Looter","floor":10,"turns":4},{"damage":6,"enemies":"Exordium Wildlife","floor":11,"turns":7},{"damage":30,"enemies":"Slime Boss","floor":16,"turns":15},{"damage":28,"enemies":"3 Byrds","floor":18,"turns":3},{"damage":9,"enemies":"Chosen","floor":19,"turns":4},{"damage":37,"enemies":"Snecko","floor":21,"turns":4}],"seed_played":"-5028767360974613550","potions_obtained":[{"floor":1,"key":"SteroidPotion"},{"floor":4,"key":"SpeedPotion"},{"floor":6,"key":"Poison Potion"},{"floor":8,"key":"EssenceOfSteel"},{"floor":16,"key":"SteroidPotion"},{"floor":18,"key":"Energy Potion"}],"is_trial":false,"path_per_floor":["M","?","?","M","M","E","M","M","T","M","M","R","$","?","R","B",null,"M","M","?","M"],"character_chosen":"THE_SILENT","items_purchased":["Membership Card","Adrenaline","Bouncing Flask","Dexterity Potion"],"campfire_rested":2,"item_purchase_floors":[13,13,13,13],"current_hp_per_floor":[63,63,52,52,52,42,42,21,21,21,15,38,38,23,46,16,62,34,25,25,0],"gold":134,"neow_bonus":"THREE_ENEMY_KILL","is_prod":false,"is_daily":false,"chose_seed":false,"campfire_upgraded":0,"win_rate":0,"timestamp":1542981822,"path_taken":["M","?","?","M","M","E","M","M","T","M","M","R","$","?","R","BOSS","M","M","?","?"],"build_version":"2018-11-15","purchased_purges":0,"victory":false,"max_hp_per_floor":[70,70,70,70,70,77,77,77,77,77,77,77,77,77,77,77,77,77,77,77,77],"card_choices":[{"not_picked":["Calculated Gamble","Finisher"],"picked":"Blur","floor":1},{"not_picked":["PiercingWail","Slice"],"picked":"Dodge and Roll","floor":4},{"not_picked":["Deadly Poison","Dodge and Roll"],"picked":"Sucker Punch","floor":5},{"not_picked":["Infinite Blades","Flechettes"],"picked":"Dagger Spray","floor":6},{"not_picked":["Masterful Stab","Concentrate","Well Laid Plans"],"picked":"SKIP","floor":7},{"not_picked":["Flechettes","Underhanded Strike"],"picked":"Deadly Poison","floor":8},{"not_picked":["Dagger Spray","Outmaneuver"],"picked":"Dodge and Roll","floor":10},{"not_picked":["Dagger Spray","Backstab"],"picked":"Backflip","floor":11},{"not_picked":["Phantasmal Killer","Unload"],"picked":"Corpse Explosion","floor":16},{"not_picked":["PiercingWail+1","Quick Slash"],"picked":"Poisoned Stab","floor":18},{"not_picked":["Choke+1","Heel Hook"],"picked":"Caltrops","floor":19}],"player_experience":362237,"relics_obtained":[{"floor":6,"key":"Strawberry"},{"floor":9,"key":"Omamori"}],"event_choices":[{"damage_healed":0,"gold_gain":0,"cards_transformed":["Defend_G"],"player_choice":"Change","damage_taken":0,"max_hp_gain":0,"max_hp_loss":0,"event_name":"Living Wall","floor":2,"gold_loss":0,"cards_obtained":["Bouncing Flask"]},{"damage_healed":0,"gold_gain":75,"player_choice":"Gather Gold","damage_taken":11,"max_hp_gain":0,"max_hp_loss":0,"event_name":"World of Goop","floor":3,"gold_loss":0},{"damage_healed":0,"gold_gain":0,"player_choice":"Entered Light","damage_taken":15,"max_hp_gain":0,"max_hp_loss":0,"event_name":"Shining Light","floor":14,"gold_loss":0,"cards_upgraded":["Strike_G","Defend_G"]},{"cards_removed":["Strike_G"],"damage_healed":0,"gold_gain":0,"player_choice":"Offered Basic","damage_taken":0,"max_hp_gain":0,"max_hp_loss":0,"event_name":"Bonfire Elementals","floor":20,"gold_loss":0}],"is_beta":false,"boss_relics":[{"not_picked":["Empty Cage","Velvet Choker"],"picked":"Philosopher\u0027s Stone"}],"items_purged_floors":[],"is_endless":false,"potions_floor_spawned":[1,4,6,8,16,18],"killed_by":"Snecko","ascension_level":7}