{"gold_per_floor":[119,133,208,225,241,273,273,302,329,360,360,375,375],"floor_reached":13,"playtime":891,"items_purged":[],"score":110,"play_id":"18d01cda-9159-4e33-ac61-280d3b6a5a88","local_time":"20190129173247","is_ascension_mode":true,"campfire_choices":[{"data":"Hologram","floor":7.0,"key":"SMITH"},{"floor":11,"key":"REST"}],"neow_cost":"NONE","seed_source_timestamp":21856863464995,"circlet_count":0,"master_deck":["Strike_B","Strike_B","Strike_B","Strike_B","Defend_B","Defend_B","Defend_B","Defend_B","Zap","Dualcast","Fission","Sweeping Beam","Hologram+1","Steam","White Noise","Static Discharge","Coolheaded","Hello World","Rebound"],"special_seed":0,"relics":["Cracked Core","Vajra","PreservedInsect","Potion Belt","Smiling Mask"],"potions_floor_usage":[10,13],"damage_taken":[{"damage":3.0,"enemies":"Jaw Worm","floor":1.0,"turns":3.0},{"damage":2.0,"enemies":"2 Louse","floor":2.0,"turns":2.0},{"damage":6.0,"enemies":"Small Slimes","floor":4.0,"turns":3.0},{"damage":4.0,"enemies":"Gremlin Gang","floor":5.0,"turns":4.0},{"damage":22.0,"enemies":"Lagavulin","floor":6.0,"turns":10.0},{"damage":24.0,"enemies":"3 Sentries","floor":8.0,"turns":4.0},{"damage":6,"enemies":"Lagavulin","floor":10,"turns":7},{"damage":0,"enemies":"Large Slime","floor":12,"turns":5},{"damage":27,"enemies":"Gremlin Nob","floor":13,"turns":3}],"seed_played":"-4541025379309260355","potions_obtained":[{"floor":1.0,"key":"Explosive Potion"},{"floor":2.0,"key":"Fruit Juice"},{"floor":6.0,"key":"GamblersBrew"},{"floor":12,"key":"Swift Potion"}],"is_trial":false,"path_per_floor":["M","M","?","M","M","E","R","E","T","E","R","M","E"],"character_chosen":"DEFECT","items_purchased":[],"campfire_rested":1,"item_purchase_floors":[],"current_hp_per_floor":[72,70,59,53,49,32,32,8,8,2,26,26,0],"gold":375,"neow_bonus":"ONE_RANDOM_RARE_CARD","is_prod":false,"is_daily":false,"chose_seed":false,"campfire_upgraded":1,"win_rate":0,"timestamp":1548801167,"path_taken":["M","M","?","M","M","E","R","E","T","E","R","M","E"],"build_version":"2019-01-23","purchased_purges":0,"victory":false,"max_hp_per_floor":[75,75,75,75,75,80,80,80,80,80,80,80,80],"card_choices":[{"not_picked":["Defragment","Tempest"],"picked":"Sweeping Beam","floor":1.0},{"not_picked":["Aggregate","Sweeping Beam"],"picked":"Hologram","floor":2.0},{"not_picked":["Blizzard","Coolheaded"],"picked":"Steam","floor":4.0},{"not_picked":["Chill","Doom and Gloom"],"picked":"White Noise","floor":5.0},{"not_picked":["Creative AI","Steam"],"picked":"Static Discharge","floor":6.0},{"not_picked":["Redo","Steam"],"picked":"Coolheaded","floor":8.0},{"not_picked":["Biased Cognition","Rainbow"],"picked":"Hello World","floor":10},{"not_picked":["Barrage","Gash"],"picked":"Rebound","floor":12}],"player_experience":1193399,"relics_obtained":[{"floor":6.0,"key":"Vajra"},{"floor":8.0,"key":"PreservedInsect"},{"floor":9.0,"key":"Potion Belt"},{"floor":10,"key":"Smiling Mask"}],"event_choices":[{"damage_healed":0.0,"max_hp_gain":0.0,"max_hp_loss":0.0,"gold_gain":75.0,"event_name":"World of Goop","player_choice":"Gather Gold","floor":3.0,"gold_loss":0.0,"damage_taken":11.0}],"is_beta":false,"boss_relics":[],"items_purged_floors":[],"is_endless":false,"potions_floor_spawned":[1,2,6,12],"killed_by":"Gremlin Nob","ascension_level":1}