{"gold_per_floor":[117,3,16,16,16,41,51,68,68,68,0,20,35,55,55,156,156,169,182,182,182,202,202],"floor_reached":23,"playtime":1775,"items_purged":[],"score":220,"play_id":"26db5e45-a8b7-402f-b71b-2b94e547d74a","local_time":"20190228002155","is_ascension_mode":false,"campfire_choices":[{"floor":15,"key":"REST"}],"neow_cost":"NONE","seed_source_timestamp":1333606226800398,"circlet_count":0,"master_deck":["Strike_R","Strike_R","Strike_R","Strike_R","Strike_R","Defend_R","Defend_R","Defend_R","Defend_R","Bash","Uppercut","Hemokinesis+1","Metallicize","Cleave","Rage","Dual Wield","Juggernaut","Intimidate","Pommel Strike+1","Thunderclap+1","Clash+1","Armaments","Demon Form","Entrench","Twin Strike+1","RitualDagger+1","Cleave+1"],"relics":["Burning Blood","NeowsBlessing","The Courier","Molten Egg 2","Shuriken","Mark of Pain"],"potions_floor_usage":[16,16],"damage_taken":[{"damage":0,"enemies":"Small Slimes","floor":1,"turns":1},{"damage":0,"enemies":"2 Louse","floor":3,"turns":1},{"damage":0,"enemies":"Lagavulin","floor":6,"turns":1},{"damage":3,"enemies":"Jaw Worm","floor":7,"turns":3},{"damage":7,"enemies":"Lots of Slimes","floor":8,"turns":5},{"damage":14,"enemies":"Looter","floor":12,"turns":3},{"damage":11,"enemies":"Blue Slaver","floor":13,"turns":2},{"damage":8,"enemies":"Exordium Wildlife","floor":14,"turns":4},{"damage":31,"enemies":"The Guardian","floor":16,"turns":11},{"damage":11,"enemies":"2 Thieves","floor":18,"turns":3},{"damage":5,"enemies":"Chosen","floor":19,"turns":6},{"damage":40,"enemies":"Snecko","floor":22,"turns":6},{"damage":48,"enemies":"Gremlin Leader","floor":23,"turns":4}],"seed_played":"-7671837758473516127","potions_obtained":[{"floor":7,"key":"Ancient Potion"},{"floor":13,"key":"Weak Potion"},{"floor":16,"key":"Fruit Juice"},{"floor":18,"key":"LiquidBronze"}],"is_trial":false,"path_per_floor":["?","?","$","M","?","?"],"character_chosen":"IRONCLAD","items_purchased":["Hemokinesis","Metallicize","Intimidate","Pommel Strike+1"],"campfire_rested":1,"item_purchase_floors":[2,2,11,11],"current_hp_per_floor":[80,80,80,80,80,80,80,79,79,67,67,59,54,52,76,56,85,80,81,81,75,41,0],"gold":202,"neow_bonus":"THREE_ENEMY_KILL","is_prod":false,"is_daily":false,"chose_seed":false,"campfire_upgraded":0,"win_rate":0.0,"timestamp":1551288115,"path_taken":["M","$","M","?","$","E","M","M","T","?","?","M","M","M","R","BOSS","M","?","?","?","M","E"],"build_version":"2019-01-23","purchased_purges":0,"victory":false,"max_hp_per_floor":[80,80,80,80,80,80,80,80,80,80,80,80,80,80,80,85,85,85,85,85,85,85,85],"card_choices":[{"not_picked":["Clash","Wild Strike"],"picked":"Uppercut","floor":1},{"not_picked":["Clash","True Grit"],"picked":"Cleave","floor":3},{"not_picked":["Clothesline","Perfected Strike"],"picked":"Rage","floor":6},{"not_picked":["Ghostly Armor","True Grit"],"picked":"Dual Wield","floor":7},{"not_picked":["Havoc","Warcry"],"picked":"Juggernaut","floor":8},{"not_picked":["Dual Wield","Corruption"],"picked":"Thunderclap+1","floor":12},{"not_picked":["Thunderclap+1","Warcry"],"picked":"Clash+1","floor":13},{"not_picked":["Clothesline+1","Cleave+1"],"picked":"Armaments","floor":14},{"not_picked":["Dark Embrace","Double Tap"],"picked":"Demon Form","floor":16},{"not_picked":["Battle Trance+1","Heavy Blade+1"],"picked":"Entrench","floor":18},{"not_picked":["Iron Wave+1","Wild Strike+1"],"picked":"Twin Strike+1","floor":19},{"not_picked":["Armaments","Power Through"],"picked":"Cleave+1","floor":22}],"player_experience":221141,"relics_obtained":[{"floor":6,"key":"The Courier"},{"floor":9,"key":"Molten Egg 2"}],"event_choices":[{"damage_healed":0,"gold_gain":0,"player_choice":"Grow","damage_taken":0,"max_hp_gain":0,"max_hp_loss":0,"event_name":"Living Wall","floor":4,"gold_loss":0,"cards_upgraded":["Hemokinesis"]},{"damage_healed":0,"gold_gain":0,"player_choice":"Success","damage_taken":12,"relics_obtained":["Shuriken"],"max_hp_gain":0,"max_hp_loss":0,"event_name":"Scrap Ooze","floor":10,"gold_loss":0},{"damage_healed":0,"gold_gain":0,"player_choice":"Ignored","damage_taken":0,"max_hp_gain":0,"max_hp_loss":0,"event_name":"Ghosts","floor":20,"gold_loss":0},{"damage_healed":0,"gold_gain":0,"player_choice":"Joined the Cult","damage_taken":6,"max_hp_gain":0,"max_hp_loss":0,"event_name":"Nest","floor":21,"gold_loss":0,"cards_obtained":["RitualDagger"]}],"is_beta":false,"boss_relics":[{"not_picked":["White Beast Statue","Cursed Key"],"picked":"Mark of Pain"}],"items_purged_floors":[],"is_endless":false,"potions_floor_spawned":[7,13,16,18],"killed_by":"Gremlin Leader","ascension_level":0}