{"gold_per_floor":[115,132,146,164,184,184,210,210,210,238,43,43,75,89,89,192,242,256,102,116,116,127,152,167,82,109,109,119,119,133,161,161,258,258,274,274,251,267,267,267,294,294,372,372,66,66,85,140,140,140],"floor_reached":51,"playtime":4245,"items_purged":["Strike_G"],"score":932,"play_id":"64993de3-c90d-4b5c-b965-823cde5c0426","local_time":"20190225234731","is_ascension_mode":true,"campfire_choices":[{"data":"Malaise","floor":6,"key":"SMITH"},{"floor":8,"key":"REST"},{"floor":15,"key":"REST"},{"floor":27,"key":"REST"},{"floor":29,"key":"REST"},{"floor":32,"key":"REST"},{"data":"Cloak And Dagger","floor":40,"key":"SMITH"},{"data":"Noxious Fumes","floor":46,"key":"SMITH"},{"floor":49,"key":"REST"}],"neow_cost":"NONE","seed_source_timestamp":53563084372709,"circlet_count":0,"master_deck":["Defend_G","Defend_G","Defend_G","Defend_G+1","Defend_G","Strike_G","Strike_G","Strike_G","Strike_G","Survivor","Neutralize","Malaise+1","Dagger Throw","Backflip","All Out Attack","Backflip","Dodge and Roll","Dodge and Roll","Chrysalis","Glass Knife","Poisoned Stab","Noxious Fumes+1","Blade Dance","Heel Hook","After Image","Dodge and Roll+1","Blade Dance","Cloak And Dagger+1","Discovery","Blade Dance+1"],"relics":["Ring of the Snake","Bag of Preparation","Singing Bowl","Kunai","FaceOfCleric","Pen Nib","Tiny House","Happy Flower","Omamori","Pocketwatch","Juzu Bracelet","Lantern","Ginger","Sozu","Ancient Tea Set","Bottled Tornado","Bag of Marbles","Nunchaku"],"potions_floor_usage":[7,10,16,16,18,23,23,24,33],"damage_taken":[{"damage":0,"enemies":"Cultist","floor":1,"turns":4},{"damage":0,"enemies":"Jaw Worm","floor":2,"turns":6},{"damage":0,"enemies":"Small Slimes","floor":3,"turns":4},{"damage":21,"enemies":"Exordium Thugs","floor":4,"turns":8},{"damage":6,"enemies":"3 Louse","floor":5,"turns":2},{"damage":7,"enemies":"3 Sentries","floor":7,"turns":7},{"damage":12,"enemies":"Lagavulin","floor":10,"turns":12},{"damage":23,"enemies":"3 Sentries","floor":13,"turns":10},{"damage":1,"enemies":"2 Fungi Beasts","floor":14,"turns":4},{"damage":0,"enemies":"The Guardian","floor":16,"turns":24},{"damage":11,"enemies":"3 Byrds","floor":18,"turns":6},{"damage":6,"enemies":"Shell Parasite","floor":20,"turns":8},{"damage":38,"enemies":"3 Cultists","floor":22,"turns":5},{"damage":26,"enemies":"Slavers","floor":23,"turns":6},{"damage":6,"enemies":"Cultist and Chosen","floor":24,"turns":8},{"damage":25,"enemies":"Chosen and Byrds","floor":28,"turns":8},{"damage":1,"enemies":"Snake Plant","floor":30,"turns":6},{"damage":32,"enemies":"Gremlin Leader","floor":31,"turns":9},{"damage":13,"enemies":"Automaton","floor":33,"turns":16},{"damage":0,"enemies":"3 Shapes","floor":35,"turns":3},{"damage":0,"enemies":"Orb Walker","floor":38,"turns":4},{"damage":25,"enemies":"Nemesis","floor":41,"turns":11},{"damage":0,"enemies":"Jaw Worm Horde","floor":47,"turns":5},{"damage":41,"enemies":"2 Orb Walkers","floor":48,"turns":5},{"damage":57,"enemies":"Donu and Deca","floor":50,"turns":13}],"seed_played":"-5896567745213216513","potions_obtained":[{"floor":1,"key":"GhostInAJar"},{"floor":4,"key":"Fire Potion"},{"floor":10,"key":"Swift Potion"},{"floor":13,"key":"EntropicBrew"},{"floor":22,"key":"LiquidBronze"},{"floor":23,"key":"Block Potion"},{"floor":30,"key":"SpeedPotion"}],"is_trial":false,"path_per_floor":["M","M","M","M","M","R","E","R","T","E","$","?","E","M","R","B",null,"M","$","M","?","M","E","M","?","T","R","M","R","M","E","R","B",null,"M","?","$","M","?","R","E","?","T","?","$","R","M","?","R","B",null],"character_chosen":"THE_SILENT","items_purchased":["Chrysalis","Happy Flower","Blade Dance","Discovery","Bag of Marbles"],"campfire_rested":6,"item_purchase_floors":[11,19,37,45,45],"current_hp_per_floor":[70,70,70,49,43,43,36,57,57,45,45,45,25,27,49,50,82,72,72,67,67,32,9,6,6,6,33,11,39,39,10,40,28,101,102,102,102,103,103,103,81,81,81,83,83,83,84,46,79,23],"gold":140,"neow_bonus":"ONE_RANDOM_RARE_CARD","is_prod":false,"is_daily":false,"chose_seed":false,"campfire_upgraded":3,"win_rate":0,"timestamp":1551134851,"path_taken":["M","M","?","?","M","R","E","R","T","E","$","?","E","M","R","BOSS","M","$","?","?","M","E","?","?","T","R","M","R","M","E","R","BOSS","M","?","$","M","?","R","E","?","T","?","$","R","M","?","R","BOSS"],"build_version":"2019-01-23","purchased_purges":1,"victory":true,"max_hp_per_floor":[70,70,70,70,70,70,70,70,70,70,70,70,73,76,76,77,82,83,83,84,84,87,90,93,93,93,93,96,96,97,100,100,101,101,102,102,102,103,103,103,106,106,106,108,108,108,109,112,112,113],"card_choices":[{"not_picked":["Prepared","Distraction"],"picked":"Sucker Punch","floor":1},{"not_picked":["Prepared","Sucker Punch"],"picked":"Dagger Throw","floor":2},{"not_picked":["Tactician","Slice"],"picked":"Backflip","floor":3},{"not_picked":["Dagger Spray","Reflex"],"picked":"All Out Attack","floor":4},{"not_picked":["Blade Dance","Setup"],"picked":"Backflip","floor":5},{"not_picked":["Well Laid Plans","Leg Sweep"],"picked":"Dodge and Roll","floor":7},{"not_picked":["Setup","Catalyst"],"picked":"Dodge and Roll","floor":10},{"not_picked":["Doppelganger","Finisher","Bane"],"picked":"Singing Bowl","floor":13},{"not_picked":["Dagger Throw","Dash","Prepared"],"picked":"Singing Bowl","floor":14},{"not_picked":["Venomology","Tools of the Trade"],"picked":"Glass Knife","floor":16},{"not_picked":["Outmaneuver","Crippling Poison"],"picked":"Poisoned Stab","floor":17},{"not_picked":["Dodge and Roll+1","Flying Knee"],"picked":"Noxious Fumes","floor":18},{"not_picked":["Acrobatics","Slice+1"],"picked":"Blade Dance","floor":20},{"not_picked":["Flying Knee","Bouncing Flask","Deadly Poison"],"picked":"Singing Bowl","floor":22},{"not_picked":["Grand Finale","Well Laid Plans","Corpse Explosion"],"picked":"Singing Bowl","floor":23},{"not_picked":["Crippling Poison","Bane","Predator"],"picked":"Singing Bowl","floor":24},{"not_picked":["Dagger Throw","Expertise","Flying Knee"],"picked":"Singing Bowl","floor":28},{"not_picked":["Noxious Fumes","Bane+1"],"picked":"Heel Hook","floor":30},{"not_picked":["Calculated Gamble+1","Die Die Die","Dagger Spray"],"picked":"Singing Bowl","floor":31},{"not_picked":["Corpse Explosion","Venomology"],"picked":"After Image","floor":33},{"not_picked":["Dagger Throw","Sucker Punch+1"],"picked":"Dodge and Roll+1","floor":35},{"not_picked":["Finisher","Flying Knee+1"],"picked":"Cloak And Dagger","floor":38},{"not_picked":["Underhanded Strike","Terror","Poisoned Stab+1"],"picked":"Singing Bowl","floor":41},{"not_picked":["Blind","Deep Breath","Thinking Ahead"],"picked":"Singing Bowl","floor":44},{"not_picked":["Bouncing Flask+1","Outmaneuver"],"picked":"Blade Dance+1","floor":47},{"not_picked":["Expertise","Underhanded Strike+1","Slice"],"picked":"Singing Bowl","floor":48}],"player_experience":1013609,"relics_obtained":[{"floor":7,"key":"Bag of Preparation"},{"floor":9,"key":"Singing Bowl"},{"floor":10,"key":"Kunai"},{"floor":13,"key":"Pen Nib"},{"floor":23,"key":"Pocketwatch"},{"floor":26,"key":"Lantern"},{"floor":31,"key":"Ginger"},{"floor":41,"key":"Ancient Tea Set"},{"floor":43,"key":"Bottled Tornado"},{"floor":48,"key":"Nunchaku"}],"event_choices":[{"damage_healed":0,"gold_gain":0,"player_choice":"Trade","damage_taken":0,"relics_obtained":["FaceOfCleric"],"max_hp_gain":0,"max_hp_loss":0,"event_name":"FaceTrader","floor":12,"gold_loss":0},{"damage_healed":0,"gold_gain":0,"player_choice":"Gave Potion","damage_taken":0,"relics_obtained":["Omamori"],"max_hp_gain":0,"max_hp_loss":0,"event_name":"WeMeetAgain","floor":21,"gold_loss":0},{"damage_healed":0,"gold_gain":0,"player_choice":"Obtained Relic","damage_taken":0,"relics_obtained":["Juzu Bracelet"],"max_hp_gain":0,"max_hp_loss":0,"event_name":"Addict","floor":25,"gold_loss":85},{"damage_healed":26,"gold_gain":0,"player_choice":"Writhe","damage_taken":0,"max_hp_gain":0,"max_hp_loss":0,"event_name":"Winding Halls","floor":36,"gold_loss":0,"cards_obtained":["Writhe"]},{"damage_healed":0,"gold_gain":0,"player_choice":"Ignored","damage_taken":0,"max_hp_gain":0,"max_hp_loss":0,"event_name":"Tomb of Lord Red Mask","floor":39,"gold_loss":0},{"cards_removed":["Sucker Punch"],"damage_healed":0,"gold_gain":0,"player_choice":"Removed Attack","damage_taken":0,"max_hp_gain":0,"max_hp_loss":0,"event_name":"Falling","floor":42,"gold_loss":0},{"damage_healed":0,"gold_gain":0,"player_choice":"Memory 1","damage_taken":0,"max_hp_gain":0,"max_hp_loss":0,"event_name":"SensoryStone","floor":44,"gold_loss":0},{"damage_healed":0,"gold_gain":0,"player_choice":"Fight","damage_taken":0,"max_hp_gain":0,"max_hp_loss":0,"event_name":"Mysterious Sphere","floor":48,"gold_loss":0}],"is_beta":false,"boss_relics":[{"not_picked":["Calling Bell","Busted Crown"],"picked":"Tiny House"},{"not_picked":["Orrery","Velvet Choker"],"picked":"Sozu"}],"items_purged_floors":[45],"is_endless":false,"potions_floor_spawned":[1,4,10,13,22,23,30,38,48],"ascension_level":4}