{"path_per_floor":["M","?","M","M","?","E","R","E","T","R","$","E","R","E","R","B",null,"M","?","?","$","M","E","?","R","T","E","M","?","$","M","R","B",null,"M","$","?","M","?","R","E","R","T","M","E","?","R","M","R","B"],"character_chosen":"DEFECT","items_purchased":["FTL","Steam","Go for the Eyes","Compile Driver","Glacier","Cold Snap","Ball Lightning"],"gold_per_floor":[15,15,27,43,8,33,33,60,60,60,20,52,52,79,79,184,184,197,197,197,74,84,109,109,109,109,138,152,152,69,82,82,178,178,188,89,89,108,208,208,239,239,266,285,313,668,668,680,680,680],"floor_reached":51,"campfire_rested":4,"playtime":2291,"item_purchase_floors":[11,21,21,21,30,30,36],"current_hp_per_floor":[68,68,61,60,75,46,46,20,20,42,42,38,38,26,48,48,75,64,64,64,64,64,23,48,48,62,39,23,23,23,8,34,6,89,67,67,67,63,63,63,48,48,48,47,33,26,54,52,52,25],"items_purged":["Decay"],"gold":680,"score":1244,"play_id":"58b90d78-92e2-44c5-872a-ff150872313c","local_time":"20180612072647","is_prod":false,"is_daily":false,"chose_seed":false,"is_ascension_mode":true,"campfire_upgraded":6,"win_rate":0,"timestamp":1528745207,"campfire_choices":[{"data":"Zap","floor":7,"key":"SMITH"},{"floor":10,"key":"REST"},{"data":"Defragment","floor":13,"key":"SMITH"},{"floor":15,"key":"REST"},{"data":"Coolheaded","floor":25,"key":"SMITH"},{"floor":32,"key":"REST"},{"data":"Seek","floor":40,"key":"SMITH"},{"data":"Dualcast","floor":42,"key":"SMITH"},{"floor":47,"key":"REST"},{"data":"Capacitor","floor":49,"key":"SMITH"}],"path_taken":["M","?","?","M","?","E","R","E","T","R","$","E","R","E","R","BOSS","M","?","?","$","M","E","?","R","T","E","?","?","$","M","R","BOSS","M","$","?","M","?","R","E","R","T","M","E","?","R","?","R","BOSS"],"build_version":"2018-06-07v3","seed_source_timestamp":343948562260164,"purchased_purges":1,"victory":true,"master_deck":["Strike_B","Strike_B","Strike_B","Strike_B","Defend_B","Defend_B","Defend_B","Defend_B","Zap+1","Dualcast+1","Seek+1","Streamline","Defragment+1","Ball Lightning","Compile Driver","Capacitor+1","FTL","Coolheaded+1","Tempest","Tempest","Defragment+1","Steam","Go for the Eyes","Compile Driver","Hologram","Conserve Battery","Conserve Battery+1","Glacier","Cold Snap","All For One","Echo Form","Go for the Eyes+1","Ball Lightning","Ball Lightning","Go for the Eyes+1","Aggregate+1","Pain","Beam Cell+1","Cold Snap+1","Glacier+1","Beam Cell"],"max_hp_per_floor":[75,75,75,75,75,75,75,75,75,75,75,75,75,75,75,75,75,75,75,75,75,75,75,75,75,89,89,89,89,89,89,89,89,89,89,89,89,89,89,89,96,96,96,96,96,96,96,96,96,96],"relics":["Cracked Core","Ornamental Fan","Art of War","Symbiotic Virus","Potion Belt","Blue Candle","Cursed Key","Oddly Smooth Stone","Mango","Bag of Marbles","Inserter","Turnip","Strawberry","Omamori","Unceasing Top","Old Coin"],"card_choices":[{"not_picked":["Reboot","Meteor Strike"],"picked":"Seek","floor":0},{"not_picked":["Turbo","Hello World"],"picked":"Streamline","floor":1},{"not_picked":["Recycle","Conserve Battery"],"picked":"Defragment","floor":3},{"not_picked":["Capacitor","Go for the Eyes"],"picked":"Ball Lightning","floor":4},{"not_picked":["Hyperbeam","Darkness"],"picked":"Compile Driver","floor":6},{"not_picked":["Turbo","Sweeping Beam"],"picked":"Capacitor","floor":8},{"not_picked":["Self Repair","Scrape"],"picked":"Coolheaded","floor":12},{"not_picked":["Barrage","Steam Power"],"picked":"Tempest","floor":14},{"not_picked":["Conserve Battery+1","Self Repair+1"],"picked":"Tempest","floor":18},{"not_picked":["Doom and Gloom","Rebound"],"picked":"Hologram","floor":22},{"not_picked":["Coolheaded","Redo"],"picked":"Conserve Battery","floor":23},{"not_picked":["Tempest","Storm"],"picked":"Conserve Battery+1","floor":27},{"not_picked":["Stack","Streamline","Redo"],"picked":"SKIP","floor":28},{"not_picked":["Doom and Gloom","Compile Driver"],"picked":"All For One","floor":31},{"not_picked":["Multi-Cast","Fission"],"picked":"Echo Form","floor":33},{"not_picked":["Streamline","Turbo+1"],"picked":"Go for the Eyes+1","floor":35},{"not_picked":["Redo+1","Compile Driver"],"picked":"Ball Lightning","floor":37},{"not_picked":["Sweeping Beam+1","Reprogram+1"],"picked":"Go for the Eyes+1","floor":38},{"not_picked":["Sweeping Beam","Barrage"],"picked":"Aggregate+1","floor":41},{"not_picked":["Sweeping Beam","Gash"],"picked":"Beam Cell+1","floor":44},{"not_picked":["Melter+1","Multi-Cast"],"picked":"Cold Snap+1","floor":45},{"not_picked":["Hello World+1","Cold Snap"],"picked":"Glacier+1","floor":46},{"not_picked":["Stack","Double Energy"],"picked":"Beam Cell","floor":48}],"player_experience":255423,"potions_floor_usage":[6,12,23,23,33,45,45,50,50,50,50],"damage_taken":[{"damage":7,"enemies":"Jaw Worm","floor":1,"turns":3},{"damage":7,"enemies":"Small Slimes","floor":3,"turns":3},{"damage":1,"enemies":"Cultist","floor":4,"turns":3},{"damage":29,"enemies":"Gremlin Nob","floor":6,"turns":4},{"damage":26,"enemies":"Lagavulin","floor":8,"turns":5},{"damage":4,"enemies":"3 Sentries","floor":12,"turns":3},{"damage":12,"enemies":"Gremlin Nob","floor":14,"turns":4},{"damage":0,"enemies":"Slime Boss","floor":16,"turns":5},{"damage":11,"enemies":"Shell Parasite","floor":18,"turns":3},{"damage":0,"enemies":"Spheric Guardian","floor":22,"turns":3},{"damage":41,"enemies":"Slavers","floor":23,"turns":5},{"damage":23,"enemies":"Gremlin Leader","floor":27,"turns":7},{"damage":16,"enemies":"Centurion and Healer","floor":28,"turns":5},{"damage":15,"enemies":"Slaver and Parasite","floor":31,"turns":6},{"damage":28,"enemies":"Automaton","floor":33,"turns":10},{"damage":22,"enemies":"Orb Walker","floor":35,"turns":4},{"damage":0,"floor":37,"turns":6},{"damage":4,"enemies":"3 Shapes","floor":38,"turns":5},{"damage":22,"enemies":"Giant Head","floor":41,"turns":7},{"damage":1,"enemies":"3 Darklings","floor":44,"turns":6},{"damage":29,"enemies":"Nemesis","floor":45,"turns":7},{"damage":7,"floor":46,"turns":5},{"damage":2,"enemies":"Sphere and 2 Shapes","floor":48,"turns":6},{"damage":27,"enemies":"Time Eater","floor":50,"turns":12}],"relics_obtained":[{"floor":6,"key":"Ornamental Fan"},{"floor":8,"key":"Art of War"},{"floor":9,"key":"Symbiotic Virus"},{"floor":12,"key":"Potion Belt"},{"floor":14,"key":"Blue Candle"},{"floor":23,"key":"Oddly Smooth Stone"},{"floor":26,"key":"Mango"},{"floor":27,"key":"Bag of Marbles"},{"floor":37,"key":"Turnip"},{"floor":41,"key":"Strawberry"},{"floor":43,"key":"Omamori"},{"floor":45,"key":"Unceasing Top"},{"floor":46,"key":"Old Coin"}],"event_choices":[{"event_name":"Liars Game","player_choice":"disagreed","floor":2,"damage_taken":0},{"event_name":"The Cleric","player_choice":"Healed","floor":5,"damage_taken":0},{"event_name":"Match and Keep!","player_choice":"0 cards matched","floor":19,"damage_taken":0},{"event_name":"Duplicator","player_choice":"One dupe","floor":20,"damage_taken":0},{"event_name":"The Library","player_choice":"Heal","floor":24,"damage_taken":0},{"event_name":"Ghosts","player_choice":"Ignored","floor":29,"damage_taken":0},{"event_name":"MindBloom","player_choice":"Fight","floor":37,"damage_taken":0},{"event_name":"Golden Shrine","player_choice":"Pray","floor":39,"damage_taken":0},{"event_name":"Mysterious Sphere","player_choice":"Fight","floor":46,"damage_taken":0}],"boss_relics":[{"not_picked":["Nuclear Battery","Runic Pyramid"],"picked":"Cursed Key"},{"not_picked":["Tiny House","Snecko Eye"],"picked":"Inserter"}],"items_purged_floors":[36],"potions_floor_spawned":[3,8,16,22,28,33,35,41,44,46,48],"seed_played":"1200764007335976894","ascension_level":2,"potions_obtained":[{"floor":3,"key":"SkillPotion"},{"floor":8,"key":"AttackPotion"},{"floor":16,"key":"SpeedPotion"},{"floor":22,"key":"Block Potion"},{"floor":28,"key":"Strength Potion"},{"floor":33,"key":"Dexterity Potion"},{"floor":35,"key":"Ancient Potion"},{"floor":41,"key":"LiquidBronze"},{"floor":44,"key":"Regen Potion"},{"floor":46,"key":"SkillPotion"},{"floor":48,"key":"GamblersBrew"}],"is_trial":false}