{"gold_per_floor":[118,118,118,133,143,161,189,189,259,259,5,25,25,42,42,146,146,164,79,98,98,116,149,149,168,168,201,215,215,215,235,235,339,339,357,373,473,490,490],"floor_reached":39,"playtime":6444,"items_purged":[],"score":450,"play_id":"60097254-55a5-4c29-97e1-d41188625def","local_time":"20190201031937","is_ascension_mode":false,"campfire_choices":[{"data":"Go for the Eyes","floor":8,"key":"SMITH"},{"data":"Defragment","floor":10,"key":"SMITH"},{"floor":15,"key":"REST"},{"floor":24,"key":"REST"},{"floor":30,"key":"REST"},{"floor":32,"key":"REST"}],"neow_cost":"NONE","seed_source_timestamp":182105814582404,"circlet_count":0,"master_deck":["Strike_B","Strike_B","Strike_B","Defend_B","Defend_B","Defend_B","Defend_B","Zap","Dualcast","Stack+1","Melter","Go for the Eyes+1","Defragment+1","Biased Cognition","Hello World","Beam Cell","Static Discharge","Leap","Ball Lightning","Thunder Strike","Conserve Battery+1","Gash","Sweeping Beam","Leap+1","Compile Driver+1","Tempest","Gash","Cold Snap+1","Rip and Tear","White Noise+1","Barrage","Sunder","All For One","Undo+1","Streamline","Skim+1","Multi-Cast"],"relics":["Cracked Core","Nunchaku","Pear","Lantern","Dream Catcher","Nuclear Battery","Darkstone Periapt","Bag of Marbles","Oddly Smooth Stone","FossilizedHelix","Juzu Bracelet","Philosopher\u0027s Stone","StoneCalendar"],"potions_floor_usage":[25,31,33,33,33],"damage_taken":[{"damage":0,"enemies":"Small Slimes","floor":1,"turns":3},{"damage":1,"enemies":"Jaw Worm","floor":4,"turns":4},{"damage":0,"enemies":"Cultist","floor":5,"turns":3},{"damage":9,"enemies":"Blue Slaver","floor":6,"turns":3},{"damage":20,"enemies":"Lagavulin","floor":7,"turns":6},{"damage":14,"enemies":"2 Fungi Beasts","floor":12,"turns":3},{"damage":10,"enemies":"3 Louse","floor":14,"turns":3},{"damage":19,"enemies":"Hexaghost","floor":16,"turns":7},{"damage":28,"enemies":"2 Thieves","floor":18,"turns":4},{"damage":14,"enemies":"Spheric Guardian","floor":20,"turns":4},{"damage":11,"enemies":"Snecko","floor":22,"turns":4},{"damage":27,"enemies":"Book of Stabbing","floor":23,"turns":5},{"damage":16,"enemies":"Centurion and Healer","floor":25,"turns":8},{"damage":23,"enemies":"Slavers","floor":27,"turns":5},{"damage":0,"enemies":"Chosen and Byrds","floor":28,"turns":6},{"damage":0,"enemies":"Sentry and Sphere","floor":31,"turns":3},{"damage":46,"enemies":"Champ","floor":33,"turns":8},{"damage":9,"enemies":"3 Shapes","floor":35,"turns":5},{"damage":0,"enemies":"Orb Walker","floor":36,"turns":3},{"damage":33,"enemies":"Mind Bloom Boss Battle","floor":37,"turns":7},{"damage":21,"enemies":"Sphere and 2 Shapes","floor":38,"turns":4},{"damage":27,"enemies":"Spire Growth","floor":39,"turns":3}],"seed_played":"7438913135846945983","potions_obtained":[{"floor":4,"key":"FearPotion"},{"floor":6,"key":"Ancient Potion"},{"floor":7,"key":"Explosive Potion"},{"floor":18,"key":"Regen Potion"},{"floor":25,"key":"LiquidBronze"},{"floor":31,"key":"Ancient Potion"},{"floor":33,"key":"Strength Potion"},{"floor":35,"key":"SpeedPotion"}],"is_trial":false,"path_per_floor":["?","?","M","?","?","?","?","?"],"character_chosen":"DEFECT","items_purchased":["Hello World","Beam Cell","Lantern"],"campfire_rested":4,"item_purchase_floors":[11,11,11],"current_hp_per_floor":[75,75,75,74,74,65,45,45,55,55,55,41,29,19,44,25,85,57,57,43,43,32,5,30,29,29,6,6,6,31,31,56,10,85,76,76,43,22,0],"gold":490,"neow_bonus":"ONE_RANDOM_RARE_CARD","is_prod":false,"is_daily":false,"chose_seed":false,"campfire_upgraded":2,"win_rate":0.0,"timestamp":1548965977,"path_taken":["M","?","?","M","?","M","E","R","T","R","$","M","?","M","R","BOSS","M","?","M","?","M","E","R","M","T","E","M","?","R","M","R","BOSS","M","M","?","M","M"],"build_version":"2019-01-23","purchased_purges":0,"victory":false,"max_hp_per_floor":[75,75,75,75,75,75,75,75,85,85,85,85,85,85,85,85,85,85,85,85,85,85,85,85,85,85,85,85,85,85,85,85,85,85,85,85,85,85,85],"card_choices":[{"not_picked":["Compile Driver","Hologram"],"picked":"Stack","floor":1},{"not_picked":["Chaos","Rebound"],"picked":"Melter","floor":4},{"not_picked":["Beam Cell","Ball Lightning"],"picked":"Go for the Eyes","floor":5},{"not_picked":["Darkness","Leap"],"picked":"Defragment","floor":6},{"not_picked":["Scrape","Turbo"],"picked":"Biased Cognition","floor":7},{"not_picked":["Hologram","Turbo"],"picked":"Static Discharge","floor":12},{"not_picked":["Hello World","Aggregate"],"picked":"Leap","floor":14},{"not_picked":["White Noise","Hologram"],"picked":"Ball Lightning","floor":15},{"not_picked":["Rainbow","Meteor Strike"],"picked":"Thunder Strike","floor":16},{"not_picked":["Beam Cell","Leap"],"picked":"Conserve Battery+1","floor":18},{"not_picked":["Aggregate","Redo"],"picked":"Gash","floor":20},{"not_picked":["Beam Cell","Coolheaded"],"picked":"Sweeping Beam","floor":22},{"not_picked":["Fusion+1","Storm"],"picked":"Leap+1","floor":23},{"not_picked":["Multi-Cast","Go for the Eyes"],"picked":"Compile Driver+1","floor":24},{"not_picked":["Conserve Battery","Cold Snap"],"picked":"Tempest","floor":25},{"not_picked":["Steam","Tempest"],"picked":"Gash","floor":27},{"not_picked":["Steam","Leap+1"],"picked":"Cold Snap+1","floor":28},{"not_picked":["Beam Cell","Reinforced Body"],"picked":"White Noise+1","floor":30},{"not_picked":["Heatsinks","Cold Snap"],"picked":"Barrage","floor":31},{"not_picked":["Go for the Eyes","Turbo"],"picked":"Sunder","floor":32},{"not_picked":["Thunder Strike","Reboot"],"picked":"All For One","floor":33},{"not_picked":["Cold Snap","Fusion"],"picked":"Undo+1","floor":35},{"not_picked":["Ball Lightning","Barrage"],"picked":"Streamline","floor":36},{"not_picked":["Stack+1","FTL"],"picked":"Skim+1","floor":37},{"not_picked":["Steam","Stack"],"picked":"Multi-Cast","floor":38}],"player_experience":40736,"relics_obtained":[{"floor":7,"key":"Nunchaku"},{"floor":9,"key":"Pear"},{"floor":23,"key":"Oddly Smooth Stone"},{"floor":26,"key":"FossilizedHelix"},{"floor":27,"key":"Juzu Bracelet"},{"floor":37,"key":"StoneCalendar"}],"event_choices":[{"damage_healed":0,"gold_gain":0,"player_choice":"Grow","damage_taken":0,"max_hp_gain":0,"max_hp_loss":0,"event_name":"Living Wall","floor":2,"gold_loss":0,"cards_upgraded":["Stack"]},{"cards_removed":["Reboot"],"damage_healed":0,"gold_gain":0,"player_choice":"Purged","damage_taken":0,"max_hp_gain":0,"max_hp_loss":0,"event_name":"Purifier","floor":3,"gold_loss":0},{"damage_healed":0,"gold_gain":0,"player_choice":"Success","damage_taken":12,"relics_obtained":["Dream Catcher"],"max_hp_gain":0,"max_hp_loss":0,"event_name":"Scrap Ooze","floor":13,"gold_loss":0},{"damage_healed":0,"gold_gain":0,"player_choice":"Obtained Relic","damage_taken":0,"relics_obtained":["Darkstone Periapt"],"max_hp_gain":0,"max_hp_loss":0,"event_name":"Addict","floor":19,"gold_loss":85},{"damage_healed":0,"gold_gain":0,"player_choice":"Opened","damage_taken":0,"relics_obtained":["Bag of Marbles"],"max_hp_gain":0,"max_hp_loss":0,"event_name":"The Mausoleum","floor":21,"gold_loss":0},{"damage_healed":0,"gold_gain":0,"cards_transformed":["Strike_B"],"player_choice":"Transformed","damage_taken":0,"max_hp_gain":0,"max_hp_loss":0,"event_name":"Transmorgrifier","floor":29,"gold_loss":0,"cards_obtained":["Rip and Tear"]},{"damage_healed":0,"gold_gain":0,"player_choice":"Fight","damage_taken":0,"max_hp_gain":0,"max_hp_loss":0,"event_name":"MindBloom","floor":37,"gold_loss":0}],"is_beta":false,"boss_relics":[{"not_picked":["Calling Bell","FrozenCore"],"picked":"Nuclear Battery"},{"not_picked":["Velvet Choker","Busted Crown"],"picked":"Philosopher\u0027s Stone"}],"items_purged_floors":[],"is_endless":false,"potions_floor_spawned":[4,6,7,14,18,25,28,31,33,35],"killed_by":"Spire Growth","ascension_level":0}