{"gold_per_floor":[109,123,141,141,141,141,167,180,180,38,38,53,85,100,100,175,175,189,189,203,48,62,88,100,112],"floor_reached":25,"playtime":1468,"items_purged":["Strike_R"],"score":466,"play_id":"cf5e1811-7d8e-4fbc-a792-c0ccd0fe5bfc","local_time":"20190221005813","is_ascension_mode":true,"campfire_choices":[{"data":"Bash","floor":6,"key":"SMITH"},{"data":"Pommel Strike","floor":11,"key":"SMITH"},{"data":"Metallicize","floor":15,"key":"SMITH"},{"floor":24,"key":"REST"}],"neow_cost":"NONE","seed_source_timestamp":40777185765923,"circlet_count":0,"master_deck":["AscendersBane","Strike_R","Strike_R","Strike_R","Defend_R","Defend_R","Defend_R","Defend_R","Bash+1","Anger","Headbutt","Twin Strike","Pommel Strike+1","Shrug It Off","Iron Wave","Limit Break","Shrug It Off","Metallicize+1","Ghostly Armor","Juggernaut","Evolve+1","Battle Trance","Clothesline"],"relics":["Burning Blood","Happy Flower","Shuriken","Gremlin Horn","Mummified Hand","Black Star","MutagenicStrength","MawBank","Meat on the Bone"],"potions_floor_usage":[7,16,23,23],"damage_taken":[{"damage":1,"enemies":"Cultist","floor":1,"turns":3},{"damage":5,"enemies":"Small Slimes","floor":2,"turns":4},{"damage":3,"enemies":"2 Louse","floor":3,"turns":4},{"damage":42,"enemies":"Gremlin Nob","floor":7,"turns":5},{"damage":0,"enemies":"Gremlin Gang","floor":8,"turns":3},{"damage":4,"enemies":"Looter","floor":12,"turns":4},{"damage":5,"enemies":"3 Sentries","floor":13,"turns":7},{"damage":0,"enemies":"2 Fungi Beasts","floor":14,"turns":2},{"damage":44,"enemies":"The Guardian","floor":16,"turns":16},{"damage":12,"enemies":"3 Byrds","floor":18,"turns":5},{"damage":2,"enemies":"2 Thieves","floor":20,"turns":4},{"damage":23,"enemies":"Centurion and Healer","floor":22,"turns":8},{"damage":24,"enemies":"Slavers","floor":23,"turns":4},{"damage":47,"enemies":"Book of Stabbing","floor":25,"turns":6}],"seed_played":"-3735205613532337440","potions_obtained":[{"floor":2,"key":"Block Potion"},{"floor":12,"key":"Energy Potion"},{"floor":13,"key":"Fire Potion"}],"is_trial":false,"path_per_floor":["M","M","M","?","?","R","E","M","T","$","R","M","E","M","R","B",null,"M","?","M","$","M","E","R","E"],"character_chosen":"IRONCLAD","items_purchased":["Iron Wave","Limit Break","Ancient Potion"],"campfire_rested":1,"item_purchase_floors":[10,10,21],"current_hp_per_floor":[73,74,75,70,70,70,34,40,40,40,40,42,43,49,49,11,59,53,53,57,57,40,22,44,0],"gold":112,"neow_bonus":"RANDOM_COMMON_RELIC","is_prod":false,"is_daily":false,"chose_seed":false,"campfire_upgraded":3,"win_rate":0,"timestamp":1550663893,"path_taken":["M","?","M","?","?","R","E","M","T","$","R","M","E","?","R","BOSS","M","?","M","$","M","E","R","E"],"build_version":"2019-01-23","purchased_purges":1,"victory":false,"max_hp_per_floor":[75,75,75,75,75,75,75,75,75,75,75,75,75,75,75,75,75,75,75,75,75,75,75,75,75],"card_choices":[{"not_picked":["Twin Strike","Pommel Strike"],"picked":"Anger","floor":1},{"not_picked":["Armaments","Body Slam"],"picked":"Headbutt","floor":2},{"not_picked":["Flex","Searing Blow"],"picked":"Twin Strike","floor":3},{"not_picked":["Wild Strike","Blood for Blood"],"picked":"Pommel Strike","floor":7},{"not_picked":["Spot Weakness","Dropkick"],"picked":"Shrug It Off","floor":8},{"not_picked":["Perfected Strike","Feel No Pain"],"picked":"Shrug It Off","floor":12},{"not_picked":["Armaments","Perfected Strike"],"picked":"Metallicize","floor":13},{"not_picked":["Seeing Red","Rupture"],"picked":"Ghostly Armor","floor":14},{"not_picked":["Dark Embrace","Fiend Fire"],"picked":"Juggernaut","floor":16},{"not_picked":["Sword Boomerang","Rampage+1","Searing Blow"],"picked":"SKIP","floor":18},{"not_picked":["Second Wind","Shockwave"],"picked":"Evolve+1","floor":20},{"not_picked":["Fire Breathing","Havoc"],"picked":"Battle Trance","floor":22},{"not_picked":["Pummel","Clash"],"picked":"Clothesline","floor":23}],"player_experience":376497,"relics_obtained":[{"floor":7,"key":"Gremlin Horn"},{"floor":13,"key":"Mummified Hand"},{"floor":23,"key":"MawBank"},{"floor":23,"key":"Meat on the Bone"}],"event_choices":[{"damage_healed":0,"gold_gain":0,"player_choice":"Success","damage_taken":5,"relics_obtained":["Shuriken"],"max_hp_gain":0,"max_hp_loss":0,"event_name":"Scrap Ooze","floor":4,"gold_loss":0},{"cards_removed":["Strike_R"],"damage_healed":0,"gold_gain":0,"player_choice":"Card Removal","damage_taken":0,"max_hp_gain":0,"max_hp_loss":0,"event_name":"Wheel of Change","floor":5,"gold_loss":0},{"damage_healed":0,"gold_gain":0,"player_choice":"Inject Mutagens","damage_taken":0,"relics_obtained":["MutagenicStrength"],"max_hp_gain":0,"max_hp_loss":0,"event_name":"Drug Dealer","floor":19,"gold_loss":0}],"is_beta":false,"boss_relics":[{"not_picked":["Eternal Feather","Pandora\u0027s Box"],"picked":"Black Star"}],"items_purged_floors":[21],"is_endless":false,"potions_floor_spawned":[2,12,13,22],"killed_by":"Book of Stabbing","ascension_level":20}