{"gold_per_floor":[367,381,98,98,273,305,318,318,318,318,338,369,419,431,431,533,533,543,543,554,567,4,4],"floor_reached":23,"playtime":3808,"items_purged":["Normality","Doubt"],"score":201,"play_id":"940a6bac-85e1-4929-bba8-ec1efe8f80ae","local_time":"20190113234537","is_ascension_mode":false,"campfire_choices":[{"data":"Zap","floor":8,"key":"SMITH"},{"data":"Strike_B","floor":10,"key":"PURGE"},{"floor":15,"key":"REST"}],"neow_cost":"CURSE","seed_source_timestamp":244036086458654,"circlet_count":0,"master_deck":["Strike_B","Strike_B","Defend_B","Defend_B","Defend_B","Defend_B","Zap+1","Dualcast","Conserve Battery","Coolheaded","All For One","FTL","Conserve Battery","Reinforced Body","Coolheaded","Coolheaded","Glacier","Buffer","Fusion+1","Ball Lightning","Redo","Cold Snap","Darkness","Blizzard"],"relics":["Cracked Core","Nunchaku","Peace Pipe","Pear","Philosopher\u0027s Stone","Pocketwatch"],"potions_floor_usage":[18,21,21,21],"damage_taken":[{"damage":7,"enemies":"Small Slimes","floor":1,"turns":3},{"damage":0,"enemies":"2 Louse","floor":2,"turns":4},{"damage":33,"enemies":"3 Sentries","floor":6,"turns":11},{"damage":0,"enemies":"Cultist","floor":7,"turns":5},{"damage":3,"enemies":"Blue Slaver","floor":11,"turns":4},{"damage":5,"enemies":"Lagavulin","floor":12,"turns":8},{"damage":0,"enemies":"Red Slaver","floor":14,"turns":5},{"damage":25,"enemies":"The Guardian","floor":16,"turns":18},{"damage":3,"enemies":"3 Byrds","floor":18,"turns":8},{"damage":6,"enemies":"Shell Parasite","floor":20,"turns":11},{"damage":72,"enemies":"Cultist and Chosen","floor":21,"turns":13},{"damage":22,"enemies":"Book of Stabbing","floor":23,"turns":5}],"seed_played":"7912029316185995782","potions_obtained":[{"floor":7,"key":"SmokeBomb"},{"floor":11,"key":"SpeedPotion"},{"floor":14,"key":"AttackPotion"},{"floor":18,"key":"Regen Potion"},{"floor":20,"key":"Fire Potion"}],"is_trial":false,"path_per_floor":["M","M","$","?","?","E","M","R","T","R","M","E","?","M","R","B",null,"M","?","M","M","$","E"],"character_chosen":"DEFECT","items_purchased":["All For One","FTL","Conserve Battery","Darkness","Blizzard","Pocketwatch"],"campfire_rested":1,"item_purchase_floors":[3,3,3,22,22,22],"current_hp_per_floor":[68,68,68,68,68,35,35,35,35,35,32,37,37,37,62,37,85,82,82,76,19,19,0],"gold":4,"neow_bonus":"TWO_FIFTY_GOLD","is_prod":false,"is_daily":false,"chose_seed":false,"campfire_upgraded":1,"win_rate":0.0,"timestamp":1547441137,"path_taken":["M","M","$","?","?","E","M","R","T","R","M","E","?","M","R","BOSS","M","?","M","?","$","E"],"build_version":"2019-01-10","purchased_purges":2,"victory":false,"max_hp_per_floor":[75,75,75,75,75,75,75,75,75,75,75,85,85,85,85,85,85,85,85,85,85,85,85],"card_choices":[{"not_picked":["Beam Cell","Gash"],"picked":"Conserve Battery","floor":1},{"not_picked":["Go for the Eyes","Rebound"],"picked":"Coolheaded","floor":2},{"not_picked":["Leap","Skim"],"picked":"Reinforced Body","floor":6},{"not_picked":["Compile Driver","Steam Power"],"picked":"Coolheaded","floor":7},{"not_picked":["Thunder Strike","Double Energy"],"picked":"Coolheaded","floor":11},{"not_picked":["Auto Shields","Self Repair"],"picked":"Glacier","floor":12},{"not_picked":["Cold Snap","Coolheaded","Steam"],"picked":"SKIP","floor":14},{"not_picked":["Reboot","Multi-Cast"],"picked":"Buffer","floor":16},{"not_picked":["Barrage","Rip and Tear+1"],"picked":"Fusion+1","floor":18},{"not_picked":["Cold Snap","Static Discharge"],"picked":"Redo","floor":20},{"not_picked":["Steam","Sweeping Beam+1"],"picked":"Cold Snap","floor":21}],"player_experience":75425,"relics_obtained":[{"floor":6,"key":"Nunchaku"},{"floor":9,"key":"Peace Pipe"},{"floor":12,"key":"Pear"}],"event_choices":[{"cards_removed":["Strike_B"],"damage_healed":0,"gold_gain":0,"player_choice":"Forget","damage_taken":0,"max_hp_gain":0,"max_hp_loss":0,"event_name":"Living Wall","floor":4,"gold_loss":0},{"damage_healed":0,"gold_gain":175,"player_choice":"AGREE","damage_taken":0,"max_hp_gain":0,"max_hp_loss":0,"event_name":"Liars Game","floor":5,"gold_loss":0,"cards_obtained":["Doubt"]},{"damage_healed":0,"gold_gain":50,"player_choice":"Gained Gold","damage_taken":0,"max_hp_gain":0,"max_hp_loss":0,"event_name":"Golden Wing","floor":13,"gold_loss":0},{"damage_healed":0,"gold_gain":0,"player_choice":"1 cards matched","damage_taken":0,"max_hp_gain":0,"max_hp_loss":0,"event_name":"Match and Keep!","floor":19,"gold_loss":0,"cards_obtained":["Ball Lightning"]}],"is_beta":false,"boss_relics":[{"not_picked":["Ectoplasm","Runic Pyramid"],"picked":"Philosopher\u0027s Stone"}],"items_purged_floors":[3,22],"is_endless":false,"potions_floor_spawned":[7,11,14,18,20],"killed_by":"Book of Stabbing","ascension_level":0}