{"gold_per_floor":[16,16,36,52,69,95,95,95,120,138,154,187,40,55,55,158,158,174,143,10,0,99,131,131,156,182,182,182,209,209,219,219,314,314,324,324,424,434,300,331,22,22,74,107,127,127,142,152,152,152],"floor_reached":51,"playtime":2807,"items_purged":["Strike_G","Strike_G","Strike_G"],"score":1189,"play_id":"cc73726a-d8fe-4f08-a6f3-4ae8fea2105e","local_time":"20190130233153","is_ascension_mode":true,"campfire_choices":[{"data":"Apotheosis","floor":8,"key":"SMITH"},{"data":"Footwork","floor":15,"key":"SMITH"},{"floor":24,"key":"REST"},{"floor":28,"key":"REST"},{"data":"Noxious Fumes","floor":30,"key":"SMITH"},{"data":"Footwork","floor":32,"key":"SMITH"},{"data":"Noxious Fumes","floor":42,"key":"SMITH"},{"floor":46,"key":"REST"},{"floor":49,"key":"REST"}],"neow_cost":"NO_GOLD","seed_source_timestamp":34768991227334,"circlet_count":0,"master_deck":["Defend_G","Defend_G+1","Defend_G","Defend_G","Defend_G","Strike_G+1","Strike_G","Survivor+1","Neutralize","Flash of Steel","Apotheosis+1","Catalyst","Footwork+1","Glass Knife+1","Poisoned Stab","Bouncing Flask","Backflip","Leg Sweep","Footwork+1","Backstab","After Image","PiercingWail","Sucker Punch+1","Noxious Fumes+1","Setup+1","Catalyst+1","Cloak And Dagger+1","Burst","Predator+1","Backflip+1","Crippling Poison+1","Well Laid Plans","PiercingWail+1","Noxious Fumes+1","Predator+1","Catalyst","Blur+1"],"relics":["Ring of the Snake","Dream Catcher","Strawberry","PreservedInsect","Black Star","Mango","Ice Cream","Blood Vial","Juzu Bracelet","Lantern","Darkstone Periapt","Boot","Snecko Eye","Du-Vu Doll","Snake Skull","War Paint","Oddly Smooth Stone","Whetstone","Bottled Lightning","Centennial Puzzle"],"potions_floor_usage":[6,12,16,23,25,29,29,33,37,50],"damage_taken":[{"damage":3,"enemies":"Small Slimes","floor":1,"turns":5},{"damage":7,"enemies":"2 Louse","floor":3,"turns":4},{"damage":0,"enemies":"Cultist","floor":4,"turns":4},{"damage":1,"enemies":"Looter","floor":5,"turns":4},{"damage":4,"enemies":"Lagavulin","floor":6,"turns":6},{"damage":1,"enemies":"Exordium Wildlife","floor":10,"turns":4},{"damage":0,"enemies":"2 Fungi Beasts","floor":11,"turns":3},{"damage":13,"enemies":"3 Sentries","floor":12,"turns":7},{"damage":0,"enemies":"Blue Slaver","floor":14,"turns":2},{"damage":2,"enemies":"The Guardian","floor":16,"turns":10},{"damage":11,"enemies":"3 Byrds","floor":18,"turns":8},{"damage":24,"enemies":"2 Thieves","floor":19,"turns":5},{"damage":12,"enemies":"Slavers","floor":23,"turns":8},{"damage":10,"enemies":"Book of Stabbing","floor":25,"turns":4},{"damage":3,"enemies":"Gremlin Leader","floor":29,"turns":7},{"damage":5,"enemies":"Cultist and Chosen","floor":31,"turns":8},{"damage":11,"enemies":"Collector","floor":33,"turns":11},{"damage":7,"enemies":"Orb Walker","floor":35,"turns":4},{"damage":0,"enemies":"Mind Bloom Boss Battle","floor":37,"turns":7},{"damage":0,"enemies":"3 Shapes","floor":38,"turns":5},{"damage":0,"enemies":"Giant Head","floor":40,"turns":6},{"damage":28,"enemies":"Reptomancer","floor":44,"turns":4},{"damage":18,"enemies":"Maw","floor":45,"turns":5},{"damage":9,"enemies":"Sphere and 2 Shapes","floor":47,"turns":5},{"damage":0,"enemies":"Writhing Mass","floor":48,"turns":3},{"damage":0,"enemies":"Time Eater","floor":50,"turns":4}],"seed_played":"4127480763730438426","potions_obtained":[{"floor":3,"key":"Regen Potion"},{"floor":6,"key":"AttackPotion"},{"floor":7,"key":"EntropicBrew"},{"floor":7,"key":"Dexterity Potion"},{"floor":12,"key":"GhostInAJar"},{"floor":23,"key":"Poison Potion"},{"floor":29,"key":"Energy Potion"},{"floor":35,"key":"SkillPotion"},{"floor":37,"key":"Energy Potion"},{"floor":44,"key":"Dexterity Potion"}],"is_trial":false,"path_per_floor":["M","?","M","M","M","E","?","R","T","M","M","E","$","M","R","B",null,"M","M","$","?","?","E","R","E","T","?","R","E","R","M","R","B",null,"M","?","?","M","$","E","$","R","T","E","M","R","M","M","R","B",null],"character_chosen":"THE_SILENT","items_purchased":["Footwork","Noxious Fumes","Energy Potion","Well Laid Plans","Noxious Fumes","Oddly Smooth Stone"],"campfire_rested":4,"item_purchase_floors":[13,20,20,39,41,41],"current_hp_per_floor":[60,60,53,53,52,63,63,63,70,69,69,56,56,56,56,54,71,60,36,36,36,36,38,65,55,55,37,65,64,64,61,61,52,85,80,80,82,84,84,86,86,86,86,60,44,72,65,67,95,96],"gold":152,"neow_bonus":"RANDOM_COLORLESS_2","is_prod":false,"is_daily":false,"chose_seed":false,"campfire_upgraded":5,"win_rate":0,"timestamp":1548844313,"path_taken":["M","?","M","M","M","E","?","R","T","M","?","E","$","M","R","BOSS","M","M","$","?","?","E","R","E","T","?","R","E","R","M","R","BOSS","M","?","?","M","$","E","$","R","T","E","M","R","M","M","R","BOSS"],"build_version":"2019-01-23","purchased_purges":3,"victory":true,"max_hp_per_floor":[70,70,70,70,70,70,70,70,77,77,77,77,77,77,77,77,77,77,77,77,77,77,91,91,91,91,96,96,96,96,96,96,96,96,96,96,96,96,96,96,96,96,96,96,96,96,96,96,96,96],"card_choices":[{"not_picked":["Heel Hook","Poisoned Stab"],"picked":"Catalyst","floor":1},{"not_picked":["Quick Slash","Prepared"],"picked":"Footwork","floor":3},{"not_picked":["Heel Hook","Dagger Spray"],"picked":"Glass Knife","floor":4},{"not_picked":["Outmaneuver","Dodge and Roll"],"picked":"Poisoned Stab","floor":5},{"not_picked":["Bane","Flechettes"],"picked":"Bouncing Flask","floor":6},{"not_picked":["Slice","Riddle With Holes","Poisoned Stab"],"picked":"SKIP","floor":10},{"not_picked":["Slice","Riddle With Holes","Poisoned Stab"],"picked":"SKIP","floor":10},{"not_picked":["Slice","Riddle With Holes","Poisoned Stab"],"picked":"SKIP","floor":10},{"not_picked":["Dagger Spray","Slice"],"picked":"Backflip","floor":11},{"not_picked":["Dodge and Roll","Endless Agony"],"picked":"Leg Sweep","floor":12},{"not_picked":["Endless Agony","Caltrops"],"picked":"Backstab","floor":14},{"not_picked":["Grand Finale","Tools of the Trade"],"picked":"After Image","floor":16},{"not_picked":["Dagger Spray","Infinite Blades+1"],"picked":"PiercingWail","floor":18},{"not_picked":["Prepared","Terror+1"],"picked":"Sucker Punch+1","floor":19},{"not_picked":["Deadly Poison","Dagger Throw"],"picked":"Setup+1","floor":23},{"not_picked":["Cloak And Dagger","Dash+1"],"picked":"Catalyst+1","floor":24},{"not_picked":["Riddle With Holes","Terror+1","Flying Knee"],"picked":"SKIP","floor":25},{"not_picked":["Bane+1","Riddle With Holes+1"],"picked":"Cloak And Dagger+1","floor":28},{"not_picked":["Quick Slash+1","Blade Dance","Backflip"],"picked":"SKIP","floor":29},{"not_picked":["PiercingWail","Riddle With Holes","Accuracy+1"],"picked":"SKIP","floor":31},{"not_picked":["Envenom","After Image"],"picked":"Burst","floor":33},{"not_picked":["Blur","Dagger Throw+1"],"picked":"Predator+1","floor":35},{"not_picked":["Leg Sweep","Acrobatics"],"picked":"Backflip+1","floor":37},{"not_picked":["Poisoned Stab+1","Escape Plan"],"picked":"Crippling Poison+1","floor":38},{"not_picked":["Escape Plan","Unload"],"picked":"PiercingWail+1","floor":40},{"not_picked":["Caltrops","Slice+1"],"picked":"Predator+1","floor":44},{"not_picked":["Well Laid Plans","Bane+1","Tactician"],"picked":"SKIP","floor":45},{"not_picked":["Flechettes+1","Dagger Spray"],"picked":"Catalyst","floor":47},{"not_picked":["Slice","Predator"],"picked":"Blur+1","floor":48}],"player_experience":128009,"relics_obtained":[{"floor":6,"key":"Dream Catcher"},{"floor":9,"key":"Strawberry"},{"floor":12,"key":"PreservedInsect"},{"floor":23,"key":"Mango"},{"floor":23,"key":"Ice Cream"},{"floor":25,"key":"Blood Vial"},{"floor":25,"key":"Juzu Bracelet"},{"floor":26,"key":"Lantern"},{"floor":29,"key":"Darkstone Periapt"},{"floor":29,"key":"Boot"},{"floor":37,"key":"Du-Vu Doll"},{"floor":40,"key":"Snake Skull"},{"floor":40,"key":"War Paint"},{"floor":43,"key":"Whetstone"},{"floor":44,"key":"Bottled Lightning"},{"floor":44,"key":"Centennial Puzzle"}],"event_choices":[{"damage_healed":0,"gold_gain":0,"player_choice":"Ignored","damage_taken":0,"max_hp_gain":0,"max_hp_loss":0,"event_name":"Liars Game","floor":2,"gold_loss":0},{"damage_healed":0,"gold_gain":0,"player_choice":"Got Potions","damage_taken":0,"max_hp_gain":0,"max_hp_loss":0,"event_name":"Lab","floor":7,"gold_loss":0},{"damage_healed":0,"gold_gain":0,"player_choice":"Paid Fearfully","damage_taken":0,"max_hp_gain":0,"max_hp_loss":0,"event_name":"Masked Bandits","floor":21,"gold_loss":10},{"damage_healed":0,"gold_gain":99,"player_choice":"Stole From Cult","damage_taken":0,"max_hp_gain":0,"max_hp_loss":0,"event_name":"Nest","floor":22,"gold_loss":0},{"damage_healed":0,"gold_gain":0,"player_choice":"Shed Blood","damage_taken":23,"max_hp_gain":5,"max_hp_loss":0,"event_name":"Forgotten Altar","floor":27,"gold_loss":0},{"damage_healed":0,"gold_gain":0,"player_choice":"Ignored","damage_taken":0,"max_hp_gain":0,"max_hp_loss":0,"event_name":"Tomb of Lord Red Mask","floor":36,"gold_loss":0},{"damage_healed":0,"gold_gain":0,"player_choice":"Fight","damage_taken":0,"max_hp_gain":0,"max_hp_loss":0,"event_name":"MindBloom","floor":37,"gold_loss":0}],"is_beta":false,"boss_relics":[{"not_picked":["Runic Pyramid","Tiny House"],"picked":"Black Star"},{"not_picked":["Eternal Feather","Astrolabe"],"picked":"Snecko Eye"}],"items_purged_floors":[13,39,41],"is_endless":false,"potions_floor_spawned":[3,6,11,12,23,29,35,37,44,47],"ascension_level":7}