{"path_per_floor":["M","M","M","$","M","E","R","M","T","M","M","M","?","M","R","B",null,"M","?","$","M","M","R","$","E","T","M","R","E","R","M","R"],"character_chosen":"IRONCLAD","items_purchased":["Warcry","Blind","Master of Strategy"],"gold_per_floor":[110,120,136,16,28,63,63,78,78,92,104,116,116,134,134,234,234,244,244,46,63,80,80,80,107,107,119,119,154,154,173,173,173],"floor_reached":33,"campfire_rested":4,"playtime":5519,"item_purchase_floors":[],"current_hp_per_floor":[71,68,69,69,72,32,56,54,54,55,59,63,63,63,63,23,96,68,68,68,65,48,48,48,34,34,34,65,22,53,50,81,0],"items_purged":[],"gold":173,"score":318,"play_id":"c41f72be-ad03-496b-80a9-2e1ee12827ff","local_time":"20180611013131","is_prod":false,"is_daily":false,"chose_seed":false,"is_ascension_mode":false,"campfire_upgraded":2,"win_rate":0.0,"timestamp":1528695091,"campfire_choices":[{"floor":7.0,"key":"REST"},{"data":"Brutality","floor":15.0,"key":"SMITH"},{"data":"Master of Strategy","floor":23,"key":"SMITH"},{"floor":28,"key":"REST"},{"floor":30,"key":"REST"},{"floor":32,"key":"REST"}],"path_taken":["M","M","M","$","M","E","R","M","T","M","M","M","?","M","R","BOSS","M","?","$","M","M","R","$","E","T","M","R","E","R","?","R","BOSS"],"build_version":"2018-06-07v3","seed_source_timestamp":0,"purchased_purges":0,"victory":false,"master_deck":["Strike_R","Strike_R","Strike_R","Strike_R","Strike_R","Defend_R","Defend_R","Defend_R","Defend_R","Bash","Hemokinesis","True Grit","Warcry","Blind","Brutality+1","Armaments","Feed","Cleave","Spot Weakness","Shrug It Off","Offering","Body Slam+1","Master of Strategy+1","Sword Boomerang","Second Wind+1","Pommel Strike","Power Through+1","Clash"],"max_hp_per_floor":[80,80,80,80,80,80,80,80,80,83,87,90,90,93,93,96,96,96,96,96,96,99,99,99,102,102,105,105,105,105,105,105,105],"relics":["Burning Blood","Happy Flower","Meat on the Bone","Mark of Pain","Self Forming Clay","Kunai","Bottled Tornado"],"card_choices":[{"not_picked":["True Grit","Pommel Strike"],"picked":"Hemokinesis","floor":1.0},{"not_picked":["Headbutt","Disarm"],"picked":"True Grit","floor":2.0},{"not_picked":["Flex","Iron Wave","Clothesline"],"picked":"SKIP","floor":3.0},{"not_picked":["Twin Strike","Clothesline"],"picked":"Brutality","floor":5.0},{"not_picked":["Anger","Body Slam"],"picked":"Armaments","floor":6.0},{"not_picked":["Thunderclap","Armaments"],"picked":"Feed","floor":8.0},{"not_picked":["Heavy Blade","Dropkick","Perfected Strike"],"picked":"SKIP","floor":10.0},{"not_picked":["Pommel Strike","Sword Boomerang"],"picked":"Cleave","floor":11.0},{"not_picked":["Headbutt","Dual Wield"],"picked":"Spot Weakness","floor":12.0},{"not_picked":["Armaments","Second Wind"],"picked":"Shrug It Off","floor":14.0},{"not_picked":["Juggernaut","Dark Embrace"],"picked":"Offering","floor":16.0},{"not_picked":["Battle Trance","Iron Wave"],"picked":"Body Slam+1","floor":18},{"not_picked":["Flex","Metallicize"],"picked":"Sword Boomerang","floor":21},{"not_picked":["Shrug It Off","Disarm"],"picked":"Second Wind+1","floor":22},{"not_picked":["Dropkick","Iron Wave","Anger"],"picked":"SKIP","floor":25},{"not_picked":["Pummel","Pommel Strike","Perfected Strike"],"picked":"SKIP","floor":27},{"not_picked":["Pummel","Perfected Strike"],"picked":"Pommel Strike","floor":27},{"not_picked":["Clothesline+1","Metallicize"],"picked":"Power Through+1","floor":29},{"not_picked":["Heavy Blade+1","Flex"],"picked":"Clash","floor":31}],"player_experience":15575,"potions_floor_usage":[25,25,25,29],"damage_taken":[{"damage":15.0,"enemies":"Jaw Worm","floor":1.0,"turns":5.0},{"damage":9.0,"enemies":"Cultist","floor":2.0,"turns":3.0},{"damage":5.0,"enemies":"2 Louse","floor":3.0,"turns":4.0},{"damage":3.0,"enemies":"Exordium Wildlife","floor":5.0,"turns":3.0},{"damage":46.0,"enemies":"Lagavulin","floor":6.0,"turns":8.0},{"damage":8.0,"enemies":"Red Slaver","floor":8.0,"turns":6.0},{"damage":20.0,"enemies":"Blue Slaver","floor":10.0,"turns":6.0},{"damage":18.0,"enemies":"Lots of Slimes","floor":11.0,"turns":7.0},{"damage":5.0,"enemies":"3 Louse","floor":12.0,"turns":3.0},{"damage":9.0,"enemies":"Blue Slaver","floor":14.0,"turns":5.0},{"damage":61.0,"enemies":"The Guardian","floor":16.0,"turns":12.0},{"damage":34,"enemies":"Chosen","floor":18,"turns":7},{"damage":21,"enemies":"Shell Parasite","floor":21,"turns":5},{"damage":38,"enemies":"Sentry and Sphere","floor":22,"turns":4},{"damage":35,"enemies":"Slavers","floor":25,"turns":3},{"damage":21,"enemies":"Slaver and Parasite","floor":27,"turns":9},{"damage":61,"enemies":"Gremlin Leader","floor":29,"turns":9},{"damage":21,"enemies":"Snecko","floor":31,"turns":5},{"damage":81,"enemies":"Collector","floor":33,"turns":11}],"relics_obtained":[{"floor":6.0,"key":"Happy Flower"},{"floor":9.0,"key":"Meat on the Bone"},{"floor":25,"key":"Self Forming Clay"},{"floor":26,"key":"Kunai"},{"floor":29,"key":"Bottled Tornado"}],"event_choices":[{"event_name":"The Lab","player_choice":"Got Potions","floor":13.0,"damage_taken":0.0},{"event_name":"The Woman in Blue","player_choice":"Bought 0 Potions","floor":19,"damage_taken":0}],"boss_relics":[{"not_picked":["Black Star","Snecko Eye"],"picked":"Mark of Pain"}],"items_purged_floors":[],"potions_floor_spawned":[3,8,10,11,14,16,21,22,25],"seed_played":"-3352136784028405456","killed_by":"Collector","ascension_level":0,"potions_obtained":[{"floor":3.0,"key":"Weak Potion"},{"floor":8.0,"key":"Poison Potion"},{"floor":10.0,"key":"Energy Potion"},{"floor":11.0,"key":"EssenceOfSteel"},{"floor":16.0,"key":"Energy Potion"},{"floor":21,"key":"Fire Potion"},{"floor":22,"key":"Energy Potion"},{"floor":25,"key":"FearPotion"}],"is_trial":false}