{"gold_per_floor":[362,362,362,377,398,398,398,429,477,477,9,9,28,28],"floor_reached":14,"playtime":890,"items_purged":["Strike_R"],"score":176,"play_id":"0915aaad-21bd-4006-a526-c52bb0fa514c","local_time":"20190302122403","is_ascension_mode":true,"campfire_choices":[{"data":"Combust","floor":6,"key":"SMITH"},{"floor":10,"key":"REST"},{"data":"Limit Break","floor":12,"key":"SMITH"}],"neow_cost":"CURSE","seed_source_timestamp":2954899964736,"circlet_count":0,"master_deck":["AscendersBane","Strike_R","Strike_R","Strike_R","Strike_R","Defend_R","Defend_R","Defend_R","Defend_R","Bash","Clothesline","Combust+1","Perfected Strike","Inflame","Limit Break+1","Shrug It Off"],"relics":["Burning Blood","Golden Idol","Sundial","Question Card","Smiling Mask","Vajra"],"potions_floor_usage":[8,8],"damage_taken":[{"damage":17,"enemies":"2 Louse","floor":1,"turns":2},{"damage":8,"enemies":"Jaw Worm","floor":4,"turns":8},{"damage":1,"enemies":"Cultist","floor":5,"turns":3},{"damage":31,"enemies":"3 Sentries","floor":8,"turns":7},{"damage":7,"enemies":"Large Slime","floor":13,"turns":5},{"damage":36,"enemies":"Gremlin Nob","floor":14,"turns":3}],"seed_played":"-3506195683240630375","potions_obtained":[{"floor":4,"key":"EssenceOfSteel"},{"floor":5,"key":"PowerPotion"}],"is_trial":false,"path_per_floor":["M","?","?","M","M","R","T","E","T","R","$","R","M","E"],"character_chosen":"IRONCLAD","items_purchased":["Inflame","Limit Break","Vajra"],"campfire_rested":1,"item_purchase_floors":[11,11,11],"current_hp_per_floor":[57,31,31,29,34,34,34,9,9,31,31,31,30,0],"gold":28,"neow_bonus":"TWO_FIFTY_GOLD","is_prod":false,"is_daily":false,"chose_seed":false,"campfire_upgraded":2,"win_rate":0,"timestamp":1551482643,"path_taken":["M","?","?","M","M","R","?","E","T","R","$","R","M","E"],"build_version":"2019-01-23","purchased_purges":1,"victory":false,"max_hp_per_floor":[75,75,75,75,75,75,75,75,75,75,75,75,75,75],"card_choices":[{"not_picked":["Power Through","Flex"],"picked":"Clothesline","floor":1},{"not_picked":["Wild Strike","Armaments"],"picked":"Combust","floor":4},{"not_picked":["Combust","Wild Strike"],"picked":"Perfected Strike","floor":5},{"not_picked":["Anger","Wild Strike","Clash"],"picked":"SKIP","floor":8},{"not_picked":["Anger","Whirlwind","Headbutt"],"picked":"Shrug It Off","floor":13}],"player_experience":551071,"relics_obtained":[{"floor":7,"key":"Sundial"},{"floor":8,"key":"Question Card"},{"floor":9,"key":"Smiling Mask"}],"event_choices":[{"damage_healed":0,"gold_gain":0,"player_choice":"Take Damage","damage_taken":26,"relics_obtained":["Golden Idol"],"max_hp_gain":0,"max_hp_loss":0,"event_name":"Golden Idol","floor":2,"gold_loss":0},{"cards_removed":["Pain"],"damage_healed":0,"gold_gain":0,"player_choice":"Forget","damage_taken":0,"max_hp_gain":0,"max_hp_loss":0,"event_name":"Living Wall","floor":3,"gold_loss":0}],"is_beta":false,"boss_relics":[],"items_purged_floors":[11],"is_endless":false,"potions_floor_spawned":[4,5],"killed_by":"Gremlin Nob","ascension_level":20}