{"gold_per_floor":[111,111,128,30,30,30,43,54,54,82,82,96,159,23,23,122,122,138,138,78,30,30],"floor_reached":22,"playtime":1708,"items_purged":["Strike_R"],"score":182,"play_id":"b7528de1-6b97-4b1b-b279-51666409f692","local_time":"20190114180425","is_ascension_mode":false,"campfire_choices":[{"floor":6,"key":"RECALL"},{"floor":11,"key":"REST"},{"floor":15,"key":"REST"}],"neow_cost":"PERCENT_DAMAGE","seed_source_timestamp":268319837853283,"circlet_count":0,"master_deck":["Bash","Demon Form","Evolve","Disarm","Warcry","Sword Boomerang","Battle Trance","Spot Weakness","Warcry","Impervious","Reaper","Fire Breathing","Perfected Strike","Warcry","True Grit","Berserk","Impervious","Searing Blow","Shrug It Off","True Grit","Shrug It Off"],"relics":["Burning Blood","Pantograph","Gremlin Horn","Du-Vu Doll","Pandora\u0027s Box"],"potions_floor_usage":[12],"damage_taken":[{"damage":17,"enemies":"Small Slimes","floor":1,"turns":4},{"damage":6,"enemies":"Cultist","floor":3,"turns":5},{"damage":18,"enemies":"Jaw Worm","floor":7,"turns":5},{"damage":23,"enemies":"Exordium Wildlife","floor":8,"turns":6},{"damage":26,"enemies":"Gremlin Nob","floor":10,"turns":4},{"damage":6,"enemies":"Red Slaver","floor":12,"turns":4},{"damage":17,"enemies":"Gremlin Nob","floor":13,"turns":4},{"damage":31,"enemies":"Hexaghost","floor":16,"turns":10},{"damage":14,"enemies":"Chosen","floor":18,"turns":5},{"damage":60,"enemies":"2 Thieves","floor":20,"turns":4},{"damage":28,"enemies":"Snake Plant","floor":22,"turns":3}],"seed_played":"4692060955062230149","potions_obtained":[{"floor":1,"key":"Fire Potion"},{"floor":7,"key":"Dexterity Potion"},{"floor":16,"key":"Explosive Potion"}],"is_trial":false,"path_per_floor":["M","?","M","$","?","R","M","M","T","E","R","M","?","$","R","B",null,"M","?","M","$","M"],"character_chosen":"IRONCLAD","items_purchased":["Warcry","Impervious","Shrug It Off"],"campfire_rested":2,"item_purchase_floors":[4,14,21],"current_hp_per_floor":[45,71,71,71,71,71,59,42,42,22,46,46,35,35,59,55,80,72,72,26,26,0],"gold":30,"neow_bonus":"THREE_RARE_CARDS","is_prod":false,"is_daily":false,"chose_seed":false,"campfire_upgraded":0,"win_rate":0,"timestamp":1547507065,"path_taken":["M","?","M","$","?","R","M","M","T","E","R","?","?","?","R","BOSS","M","?","M","$","M"],"build_version":"2019-01-10","purchased_purges":1,"victory":false,"max_hp_per_floor":[80,80,80,80,80,80,80,80,80,80,80,80,80,80,80,80,80,80,80,80,80,80],"card_choices":[{"not_picked":["Barricade","Dark Embrace"],"picked":"Demon Form","floor":0},{"not_picked":["Headbutt","Twin Strike"],"picked":"Evolve","floor":1},{"not_picked":["True Grit","Armaments"],"picked":"Disarm","floor":3},{"not_picked":["Cleave","Combust"],"picked":"Sword Boomerang","floor":7},{"not_picked":["Disarm","Carnage"],"picked":"Battle Trance","floor":8},{"not_picked":["Clash","Second Wind"],"picked":"Spot Weakness","floor":10},{"not_picked":["Evolve","Sever Soul","Feel No Pain"],"picked":"SKIP","floor":12},{"not_picked":["Bloodletting","Rupture"],"picked":"Warcry","floor":13},{"not_picked":["Demon Form","Exhume"],"picked":"Reaper","floor":16},{"not_picked":["Iron Wave","Wild Strike+1"],"picked":"Shrug It Off","floor":18},{"not_picked":["Sword Boomerang","Flex","Anger"],"picked":"SKIP","floor":20}],"player_experience":97603,"relics_obtained":[{"floor":9,"key":"Pantograph"},{"floor":10,"key":"Gremlin Horn"},{"floor":13,"key":"Du-Vu Doll"}],"event_choices":[{"damage_healed":26,"gold_gain":0,"player_choice":"Banana","damage_taken":0,"max_hp_gain":0,"max_hp_loss":0,"event_name":"Big Fish","floor":2,"gold_loss":0},{"cards_removed":["Strike_R"],"damage_healed":0,"gold_gain":0,"player_choice":"Purged","damage_taken":0,"max_hp_gain":0,"max_hp_loss":0,"event_name":"Purifier","floor":5,"gold_loss":0},{"damage_healed":0,"gold_gain":0,"player_choice":"Searched \u00272\u0027 times","damage_taken":0,"max_hp_gain":0,"max_hp_loss":0,"event_name":"Dead Adventurer","floor":13,"gold_loss":0},{"damage_healed":0,"gold_gain":0,"player_choice":"Read","damage_taken":0,"max_hp_gain":0,"max_hp_loss":0,"event_name":"The Library","floor":19,"gold_loss":0,"cards_obtained":["True Grit"]}],"is_beta":false,"boss_relics":[{"not_picked":["Fusion Hammer","Busted Crown"],"picked":"Pandora\u0027s Box"}],"items_purged_floors":[4],"is_endless":false,"potions_floor_spawned":[1,7,16],"killed_by":"Snake Plant","ascension_level":0}