{"path_per_floor":["M","M","T","M","?","E","?","$","T","R","E","M","M","M","R","B",null,"M","$","M","$","M","E","R","M","T","R","E","M"],"character_chosen":"DEFECT","items_purchased":["Thunder Strike","Apotheosis"],"gold_per_floor":[111,127,150,162,162,202,182,44,67,67,100,116,139,160,160,286,286,309,21,36,36,59,97,97,113,195,195,238,263,263],"floor_reached":30,"campfire_rested":3,"playtime":951,"item_purchase_floors":[8,19],"current_hp_per_floor":[69,53,53,48,48,55,55,55,55,55,28,20,19,19,45,45,87,80,80,76,76,43,19,46,24,24,51,14,7,0],"items_purged":["Amplify"],"gold":263,"score":390,"play_id":"d0ea5e44-ae62-48ff-a8ec-703c017ea1d8","local_time":"20180603065316","is_prod":false,"is_daily":false,"chose_seed":false,"is_ascension_mode":true,"campfire_upgraded":1,"win_rate":0,"timestamp":1527965596,"campfire_choices":[{"data":"Zap","floor":10,"key":"SMITH"},{"floor":15,"key":"REST"},{"floor":24,"key":"REST"},{"floor":27,"key":"REST"}],"path_taken":["M","M","?","?","?","E","?","$","T","R","E","?","?","M","R","BOSS","M","$","M","?","M","E","R","M","T","R","E","M","M"],"build_version":"2018-05-31","seed_source_timestamp":109694755143108,"purchased_purges":1,"victory":false,"master_deck":["Strike_B","Strike_B","Strike_B","Strike_B","Defend_B","Defend_B","Defend_B","Defend_B+1","Zap+1","Dualcast","Defragment","Conserve Battery+1","Ball Lightning","Compile Driver","Thunder Strike","Defragment","All For One","Hologram","Apotheosis","Lockon","Conserve Battery","Reinforced Body+1"],"max_hp_per_floor":[75,75,75,75,69,83,83,83,83,83,83,85,87,87,87,87,87,87,87,89,89,89,91,91,93,93,93,93,93,93],"relics":["Cracked Core","Singing Bowl","Golden Idol","Mango","War Paint","Potion Belt","Sozu","Lantern","Mercury Hourglass","Happy Flower"],"card_choices":[{"not_picked":["Darkness","Aggregate"],"picked":"Defragment","floor":1},{"not_picked":["Turbo","Stack"],"picked":"Conserve Battery","floor":2},{"not_picked":["Sweeping Beam","Cold Snap"],"picked":"Ball Lightning","floor":4},{"not_picked":["Coolheaded","Steam"],"picked":"Compile Driver","floor":6},{"not_picked":["Auto Shields","Fusion"],"picked":"Defragment","floor":11},{"not_picked":["Consume","Beam Cell","Stack"],"picked":"Singing Bowl","floor":12},{"not_picked":["Barrage","Storm","Stack"],"picked":"Singing Bowl","floor":13},{"not_picked":["Storm","Hologram"],"picked":"All For One","floor":14},{"not_picked":["Thunder Strike","Rainbow"],"picked":"Amplify","floor":16},{"not_picked":["Genetic Algorithm","Double Energy+1"],"picked":"Hologram","floor":18},{"not_picked":["Stack","Compile Driver","Leap"],"picked":"Singing Bowl","floor":20},{"not_picked":["Turbo","Conserve Battery"],"picked":"Lockon","floor":22},{"not_picked":["Rebound+1","Static Discharge+1","Doom and Gloom+1"],"picked":"Singing Bowl","floor":23},{"not_picked":["Hologram","Reprogram","Meteor Strike"],"picked":"Singing Bowl","floor":25},{"not_picked":["Gash","Aggregate"],"picked":"Conserve Battery","floor":28},{"not_picked":["Chaos","Redo"],"picked":"Reinforced Body+1","floor":29}],"player_experience":241895,"potions_floor_usage":[6,6,16,16],"damage_taken":[{"damage":6,"enemies":"Cultist","floor":1,"turns":3},{"damage":16,"enemies":"Small Slimes","floor":2,"turns":3},{"damage":5,"enemies":"2 Louse","floor":4,"turns":3},{"damage":7,"enemies":"Lagavulin","floor":6,"turns":4},{"damage":27,"enemies":"3 Sentries","floor":11,"turns":6},{"damage":10,"enemies":"Gremlin Gang","floor":12,"turns":4},{"damage":3,"enemies":"Blue Slaver","floor":13,"turns":4},{"damage":0,"enemies":"Exordium Wildlife","floor":14,"turns":4},{"damage":0,"enemies":"Slime Boss","floor":16,"turns":5},{"damage":7,"enemies":"Chosen","floor":18,"turns":3},{"damage":6,"enemies":"Shell Parasite","floor":20,"turns":4},{"damage":33,"enemies":"Cultist and Chosen","floor":22,"turns":5},{"damage":26,"enemies":"Book of Stabbing","floor":23,"turns":5},{"damage":24,"enemies":"Snake Plant","floor":25,"turns":3},{"damage":37,"enemies":"Gremlin Leader","floor":28,"turns":5},{"damage":7,"enemies":"Snecko","floor":29,"turns":4},{"damage":14,"enemies":"Cultist and Chosen","floor":30,"turns":3}],"relics_obtained":[{"floor":3,"key":"Singing Bowl"},{"floor":6,"key":"Mango"},{"floor":9,"key":"War Paint"},{"floor":11,"key":"Potion Belt"},{"floor":23,"key":"Lantern"},{"floor":26,"key":"Mercury Hourglass"},{"floor":28,"key":"Happy Flower"}],"event_choices":[{"event_name":"Golden Idol","player_choice":"Lose Max HP","floor":5,"damage_taken":0},{"event_name":"The Woman in Blue","player_choice":"Bought 1 Potion","floor":7,"damage_taken":0}],"boss_relics":[{"not_picked":["Calling Bell","Orrery"],"picked":"Sozu"}],"items_purged_floors":[19],"potions_floor_spawned":[1,2,14,20,28,29],"seed_played":"-604941600709747014","killed_by":"Cultist and Chosen","ascension_level":2,"potions_obtained":[{"floor":1,"key":"Dexterity Potion"},{"floor":2,"key":"PowerPotion"},{"floor":7,"key":"FearPotion"},{"floor":14,"key":"Fire Potion"}],"is_trial":false}