{"gold_per_floor":[215,165,178,192,8,43,43,63,86,86,104,104,124,142,142,244,244,212,212,127,140,65,65,82,93,118,128,2,2],"floor_reached":29,"playtime":1900,"items_purged":["Strike_G"],"score":366,"play_id":"2f34af45-c4b0-4480-a490-f838144c4634","local_time":"20190202221452","is_ascension_mode":true,"campfire_choices":[{"data":"Doppelganger","floor":7,"key":"SMITH"},{"data":"Noxious Fumes","floor":10,"key":"SMITH"},{"data":"Well Laid Plans","floor":15,"key":"SMITH"},{"floor":23,"key":"REST"}],"neow_cost":"NONE","seed_source_timestamp":35962957162029,"circlet_count":0,"master_deck":["AscendersBane","Defend_G","Defend_G","Defend_G","Defend_G","Defend_G","Strike_G","Strike_G","Survivor","Neutralize+1","PiercingWail","Flying Knee","Slice","Dagger Spray","Well Laid Plans+1","Doppelganger+1","Noxious Fumes+1","PiercingWail","Cloak And Dagger","Burst","Backflip","Leg Sweep","Flechettes","Deadly Poison"],"relics":["Ring of the Snake","Regal Pillow","PreservedInsect","Sozu","Oddly Smooth Stone","Bag of Marbles"],"potions_floor_usage":[16,16],"damage_taken":[{"damage":4,"enemies":"Cultist","floor":1,"turns":5},{"damage":0,"enemies":"Small Slimes","floor":3,"turns":5},{"damage":0,"enemies":"2 Louse","floor":4,"turns":2},{"damage":29,"enemies":"Gremlin Nob","floor":6,"turns":5},{"damage":3,"enemies":"2 Fungi Beasts","floor":8,"turns":3},{"damage":13,"enemies":"Exordium Wildlife","floor":11,"turns":3},{"damage":5,"enemies":"Red Slaver","floor":13,"turns":5},{"damage":1,"enemies":"Gremlin Gang","floor":14,"turns":4},{"damage":2,"enemies":"Hexaghost","floor":16,"turns":12},{"damage":31,"enemies":"2 Thieves","floor":18,"turns":5},{"damage":8,"enemies":"Chosen","floor":21,"turns":6},{"damage":3,"enemies":"3 Cultists","floor":24,"turns":7},{"damage":10,"enemies":"Snecko","floor":25,"turns":9},{"damage":1,"enemies":"Centurion and Healer","floor":27,"turns":11},{"damage":28,"enemies":"Snake Plant","floor":29,"turns":3}],"seed_played":"-3033042643452406533","potions_obtained":[{"floor":1,"key":"Energy Potion"},{"floor":14,"key":"Poison Potion"}],"is_trial":false,"path_per_floor":["M","?","M","M","$","E","R","M","T","R","M","?","M","M","R","B",null,"M","?","?","M","?","R","M","M","T","M","$","M"],"character_chosen":"THE_SILENT","items_purchased":["Dagger Spray","Dexterity Potion","Well Laid Plans","Deadly Poison"],"campfire_rested":1,"item_purchase_floors":[5,5,5,28],"current_hp_per_floor":[59,59,59,59,59,30,30,27,27,27,14,14,9,8,8,6,54,23,10,10,2,2,39,36,26,26,25,25,0],"gold":2,"neow_bonus":"HUNDRED_GOLD","is_prod":false,"is_daily":false,"chose_seed":false,"campfire_upgraded":3,"win_rate":0,"timestamp":1549098892,"path_taken":["M","?","M","M","$","E","R","M","T","R","M","?","M","M","R","BOSS","M","?","?","M","?","R","?","M","T","M","$","M"],"build_version":"2019-01-23","purchased_purges":1,"victory":false,"max_hp_per_floor":[70,70,70,70,70,70,70,70,70,70,70,70,70,70,70,70,70,70,75,75,75,75,75,75,75,75,75,75,75],"card_choices":[{"not_picked":["Tactician","Dodge and Roll"],"picked":"PiercingWail","floor":1},{"not_picked":["Setup","Cloak And Dagger"],"picked":"Flying Knee","floor":3},{"not_picked":["Distraction","Reflex"],"picked":"Slice","floor":4},{"not_picked":["Slice","Acrobatics"],"picked":"Doppelganger","floor":6},{"not_picked":["Flechettes","Dagger Throw"],"picked":"Noxious Fumes","floor":8},{"not_picked":["Acrobatics","Outmaneuver"],"picked":"PiercingWail","floor":11},{"not_picked":["Terror","Masterful Stab","Sucker Punch"],"picked":"SKIP","floor":13},{"not_picked":["Poisoned Stab","Calculated Gamble"],"picked":"Cloak And Dagger","floor":14},{"not_picked":["Venomology","Glass Knife"],"picked":"Burst","floor":16},{"not_picked":["Blade Dance","Outmaneuver","Flying Knee"],"picked":"SKIP","floor":18},{"not_picked":["Quick Slash","Accuracy"],"picked":"Backflip","floor":21},{"not_picked":["Dash","Setup"],"picked":"Leg Sweep","floor":24},{"not_picked":["Dagger Throw","Deflect","Flying Knee"],"picked":"SKIP","floor":25},{"not_picked":["Poisoned Stab","Flying Knee"],"picked":"Flechettes","floor":27}],"player_experience":168127,"relics_obtained":[{"floor":6,"key":"Regal Pillow"},{"floor":9,"key":"PreservedInsect"},{"floor":26,"key":"Bag of Marbles"}],"event_choices":[{"cards_removed":["Strike_G"],"damage_healed":0,"gold_gain":0,"player_choice":"Card Removal","damage_taken":0,"max_hp_gain":0,"max_hp_loss":0,"event_name":"The Cleric","floor":2,"gold_loss":50},{"damage_healed":0,"gold_gain":0,"player_choice":"Upgraded","damage_taken":0,"max_hp_gain":0,"max_hp_loss":0,"event_name":"Upgrade Shrine","floor":12,"gold_loss":0,"cards_upgraded":["Neutralize"]},{"damage_healed":0,"gold_gain":0,"player_choice":"Shed Blood","damage_taken":18,"max_hp_gain":5,"max_hp_loss":0,"event_name":"Forgotten Altar","floor":19,"gold_loss":0},{"damage_healed":0,"gold_gain":0,"player_choice":"Obtained Relic","damage_taken":0,"relics_obtained":["Oddly Smooth Stone"],"max_hp_gain":0,"max_hp_loss":0,"event_name":"Addict","floor":20,"gold_loss":85},{"cards_removed":["Strike_G"],"damage_healed":0,"gold_gain":0,"player_choice":"Gave Gold","damage_taken":0,"max_hp_gain":0,"max_hp_loss":0,"event_name":"Beggar","floor":22,"gold_loss":75}],"is_beta":false,"boss_relics":[{"not_picked":["White Beast Statue","HoveringKite"],"picked":"Sozu"}],"items_purged_floors":[28],"is_endless":false,"potions_floor_spawned":[1,8,14,25,27],"killed_by":"Snake Plant","ascension_level":12}