{"gold_per_floor":[360,306,324,339,349,349,384,384,384,410,75,133,133,147,147,147],"floor_reached":16,"playtime":859,"items_purged":[],"score":220,"play_id":"bf29104a-fe8d-40a2-8d7e-fb2a9e77cc22","local_time":"20190218204656","is_ascension_mode":true,"campfire_choices":[{"data":"Perfected Strike","floor":6,"key":"SMITH"},{"data":"Perfected Strike","floor":13,"key":"SMITH"},{"data":"True Grit","floor":15,"key":"SMITH"}],"neow_cost":"PERCENT_DAMAGE","seed_source_timestamp":11075277063091,"circlet_count":0,"master_deck":["AscendersBane","Strike_R","Strike_R","Strike_R+1","Strike_R+1","Strike_R","Defend_R","Defend_R","Defend_R","Defend_R","Bash","Clothesline","Shockwave","Twin Strike","Perfected Strike+1","True Grit","True Grit+1","Perfected Strike+1"],"relics":["Burning Blood","Anchor","Smiling Mask","Mummified Hand","Paper Frog","Whetstone"],"potions_floor_usage":[5,7,10,12,12],"damage_taken":[{"damage":6,"enemies":"Cultist","floor":1,"turns":4},{"damage":6,"enemies":"Jaw Worm","floor":3,"turns":5},{"damage":12,"enemies":"Small Slimes","floor":4,"turns":4},{"damage":3,"enemies":"3 Louse","floor":5,"turns":5},{"damage":22,"enemies":"3 Sentries","floor":7,"turns":8},{"damage":18,"enemies":"Lagavulin","floor":10,"turns":7},{"damage":8,"enemies":"Gremlin Nob","floor":12,"turns":3},{"damage":0,"enemies":"Looter","floor":14,"turns":3},{"damage":27,"enemies":"Slime Boss","floor":16,"turns":9}],"seed_played":"-3429073638642524262","potions_obtained":[{"floor":4,"key":"Block Potion"},{"floor":5,"key":"Explosive Potion"},{"floor":7,"key":"Strength Potion"},{"floor":10,"key":"GamblersBrew"}],"is_trial":false,"path_per_floor":["M","$","M","M","M","R","E","?","T","E","$","?","R","M","R","B"],"character_chosen":"IRONCLAD","items_purchased":["Fire Potion","Paper Frog","True Grit"],"campfire_rested":0,"item_purchase_floors":[2,11,11],"current_hp_per_floor":[50,50,50,44,47,47,31,36,36,24,24,22,22,28,28,1],"gold":147,"neow_bonus":"TWO_FIFTY_GOLD","is_prod":false,"is_daily":false,"chose_seed":false,"campfire_upgraded":3,"win_rate":0,"timestamp":1550476016,"path_taken":["M","$","M","?","M","R","E","?","T","E","$","?","R","M","R","BOSS"],"build_version":"2019-01-23","purchased_purges":0,"victory":false,"max_hp_per_floor":[75,75,75,75,75,75,75,80,80,80,80,80,80,80,80,80],"card_choices":[{"not_picked":["Headbutt","Anger"],"picked":"Clothesline","floor":1},{"not_picked":["Entrench","Flex"],"picked":"Shockwave","floor":3},{"not_picked":["Warcry","Body Slam"],"picked":"Twin Strike","floor":4},{"not_picked":["Blood for Blood","Wild Strike"],"picked":"Perfected Strike","floor":5},{"not_picked":["Exhume","Anger"],"picked":"True Grit","floor":7},{"not_picked":["Entrench","Heavy Blade","Pummel"],"picked":"SKIP","floor":10},{"not_picked":["Clothesline","Headbutt"],"picked":"Perfected Strike","floor":12},{"not_picked":["Sword Boomerang","Burning Pact","Fire Breathing"],"picked":"SKIP","floor":14}],"player_experience":340253,"relics_obtained":[{"floor":7,"key":"Anchor"},{"floor":9,"key":"Smiling Mask"},{"floor":10,"key":"Mummified Hand"},{"floor":12,"key":"Whetstone"}],"event_choices":[{"damage_healed":0,"gold_gain":0,"player_choice":"Donut","damage_taken":0,"max_hp_gain":5,"max_hp_loss":0,"event_name":"Big Fish","floor":8,"gold_loss":0},{"damage_healed":0,"gold_gain":0,"player_choice":"Searched \u00271\u0027 times","damage_taken":0,"max_hp_gain":0,"max_hp_loss":0,"event_name":"Dead Adventurer","floor":12,"gold_loss":0}],"is_beta":false,"boss_relics":[],"items_purged_floors":[],"is_endless":false,"potions_floor_spawned":[4,5,7,10],"killed_by":"Slime Boss","ascension_level":20}