{"gold_per_floor":[112,128,128,147,163,163,190,190,216,216,391,23,23,38],"floor_reached":14,"playtime":989,"items_purged":["Strike_G"],"score":90,"play_id":"d345536b-e46a-4da3-b083-591f8e15229c","local_time":"20180702140740","is_ascension_mode":false,"campfire_choices":[{"data":"Poisoned Stab","floor":6,"key":"SMITH"},{"floor":8,"key":"REST"},{"floor":10,"key":"REST"}],"neow_cost":"NONE","seed_source_timestamp":4581388993320,"circlet_count":0,"master_deck":["Defend_G","Defend_G","Defend_G","Defend_G","Strike_G","Strike_G","Strike_G","Strike_G","Survivor","Neutralize","Calculated Gamble+1","Expertise","Bane","Poisoned Stab+1","Backflip","Caltrops","Endless Agony"],"special_seed":17714,"relics":["Lizard Tail","Omamori","Blood Vial","Bronze Scales"],"potions_floor_usage":[7,7],"damage_taken":[{"damage":1,"enemies":"Jaw Worm","floor":1,"turns":6},{"damage":2,"enemies":"Small Slimes","floor":2,"turns":4},{"damage":1,"enemies":"Cultist","floor":4,"turns":5},{"damage":6,"enemies":"Blue Slaver","floor":5,"turns":6},{"damage":28,"enemies":"Lagavulin","floor":7,"turns":6},{"damage":6,"enemies":"Exordium Thugs","floor":14,"turns":6}],"seed_played":"7373452135469157401","potions_obtained":[{"floor":1,"key":"LiquidBronze"},{"floor":2,"key":"Energy Potion"},{"floor":7,"key":"Strength Potion"},{"floor":14,"key":"GamblersBrew"}],"is_trial":false,"path_per_floor":["M","M","?","M","M","R","E","R","T","R","?","$","?"],"character_chosen":"THE_SILENT","items_purchased":["Caltrops","Bronze Scales","Endless Agony"],"campfire_rested":2,"item_purchase_floors":[12,12,12],"current_hp_per_floor":[69,67,53,52,46,46,18,39,39,60,60,60,60,56],"gold":38,"neow_bonus":"BOSS_RELIC","is_prod":false,"is_daily":false,"chose_seed":false,"campfire_upgraded":1,"win_rate":0.0,"timestamp":1530554860,"path_taken":["M","M","?","M","?","R","E","R","T","R","?","$","?","M"],"build_version":"2018-06-28","purchased_purges":1,"victory":false,"max_hp_per_floor":[70,70,70,70,70,70,70,70,70,70,70,70,70,70],"card_choices":[{"not_picked":["Reflex","Predator"],"picked":"Calculated Gamble","floor":1},{"not_picked":["Backflip","Bane"],"picked":"Expertise","floor":2},{"not_picked":["Acrobatics","Dagger Spray"],"picked":"Bane","floor":4},{"not_picked":["Dagger Throw","Backflip"],"picked":"Poisoned Stab","floor":5},{"not_picked":["Tactician","Bane"],"picked":"Backflip","floor":7}],"player_experience":79906,"relics_obtained":[{"floor":7,"key":"Omamori"},{"floor":9,"key":"Blood Vial"}],"event_choices":[{"event_name":"Shining Light","player_choice":"Entered Light","floor":3,"damage_taken":0},{"event_name":"Liars Game","player_choice":"agreed","floor":11,"damage_taken":0},{"event_name":"Purifier","player_choice":"One Purge","floor":13,"damage_taken":0}],"boss_relics":[],"items_purged_floors":[12],"is_endless":false,"potions_floor_spawned":[1,2,7,14],"killed_by":"Exordium Thugs","ascension_level":0}