{"path_per_floor":["M","?","M","M","M","E","?","M","T","E","?","M","M","E","R","B",null,"M","$","M","M","M","E","M","M","T","M","R","M","?","E","R","B",null,"M","M","M","M","M"],"character_chosen":"THE_SILENT","items_purchased":["After Image","Bottled Flame","Dagger Throw+1","War Paint"],"gold_per_floor":[144,219,264,309,354,444,540,585,585,675,775,820,865,955,955,1255,1255,1300,673,718,763,808,898,943,988,1013,1058,1058,1103,1028,1118,1118,1418,1418,1463,1508,1553,1598,1643,1643],"floor_reached":40,"campfire_rested":3,"playtime":2385,"item_purchase_floors":[19,19,19,19],"current_hp_per_floor":[68,57,53,53,41,40,28,26,26,26,26,28,30,32,48,53,52,47,47,47,42,44,46,45,44,43,37,41,40,39,41,44,43,42,41,35,39,38,28,0],"items_purged":["Grand Finale"],"gold":1643,"score":660,"play_id":"dd089c5f-dfa6-4a7d-9f20-8d0a0f7258a7","local_time":"20180605211126","daily_mods":["Shiny","Midas","Terminal"],"is_prod":false,"is_daily":true,"chose_seed":false,"is_ascension_mode":false,"campfire_upgraded":0,"win_rate":0,"timestamp":1528189886,"campfire_choices":[{"floor":15,"key":"REST"},{"floor":28,"key":"REST"},{"floor":32,"key":"REST"}],"path_taken":["M","?","M","M","M","E","?","?","T","E","?","M","M","E","R","BOSS","M","$","M","M","M","E","M","M","T","M","R","M","?","E","R","BOSS","M","M","M","M","M","E"],"build_version":"2018-05-31","seed_source_timestamp":0,"purchased_purges":1,"victory":false,"master_deck":["Corpse Explosion","Phantasmal Killer","Die Die Die","Adrenaline","Envenom","Doppelganger","Burst","Wraith Form v2","Tools of the Trade","Night Terror","Unload","After Image","Tactician","Bullet Time+1","Storm of Steel","Glass Knife","A Thousand Cuts","Crippling Poison","Quick Slash","Malaise","Dodge and Roll","Poisoned Stab","Acrobatics","Adrenaline+1","Predator","Backstab","Backstab","Sucker Punch+1","Glass Knife+1","Sucker Punch+1","After Image","Dagger Throw+1","Bane+1","Sucker Punch+1","Malaise","Poisoned Stab+1","Expertise+1","Malaise","Sucker Punch+1","Backstab+1","Tools of the Trade+1","Predator+1","Dagger Throw+1","Flying Knee+1","Choke+1","Acrobatics+1"],"max_hp_per_floor":[68,67,66,65,64,63,62,61,60,59,58,57,56,55,54,53,52,51,50,49,48,47,46,45,44,43,42,41,40,39,45,44,43,42,41,40,39,38,37,37],"relics":["Ring of the Snake","Blue Candle","Ancient Tea Set","Smiling Mask","Bird Faced Urn","Molten Egg 2","Sozu","Bottled Flame","War Paint","Frozen Egg 2","Bag of Preparation","Strawberry","Black Star"],"card_choices":[{"not_picked":["Prepared","Deadly Poison"],"picked":"Crippling Poison","floor":1},{"not_picked":["Deflect","Eviscerate"],"picked":"Quick Slash","floor":3},{"not_picked":["Bane","Expertise"],"picked":"Malaise","floor":4},{"not_picked":["Bane","Setup"],"picked":"Dodge and Roll","floor":5},{"not_picked":["Crippling Poison","Dodge and Roll"],"picked":"Poisoned Stab","floor":6},{"not_picked":["Eviscerate","Well Laid Plans"],"picked":"Acrobatics","floor":7},{"not_picked":["Reflex","Cloak And Dagger"],"picked":"Adrenaline","floor":8},{"not_picked":["Accuracy","Deadly Poison"],"picked":"Predator","floor":10},{"not_picked":["Flying Knee","Bane"],"picked":"Backstab","floor":12},{"not_picked":["Poisoned Stab","Malaise"],"picked":"Backstab","floor":13},{"not_picked":["Underhanded Strike","Heel Hook"],"picked":"Sucker Punch","floor":14},{"not_picked":["Grand Finale+1","Night Terror"],"picked":"Glass Knife+1","floor":16},{"not_picked":["Dagger Spray+1","All Out Attack+1"],"picked":"Sucker Punch+1","floor":18},{"not_picked":["Blade Dance","Storm of Steel"],"picked":"Bane+1","floor":20},{"not_picked":["Cloak And Dagger","Flechettes+1"],"picked":"Sucker Punch+1","floor":21},{"not_picked":["Concentrate","Well Laid Plans"],"picked":"Malaise","floor":22},{"not_picked":["Bouncing Flask","Blur"],"picked":"Poisoned Stab+1","floor":23},{"not_picked":["Setup","Acrobatics"],"picked":"Expertise+1","floor":24},{"not_picked":["Deflect","Prepared","Deadly Poison"],"picked":"SKIP","floor":25},{"not_picked":["Unload+1","Setup"],"picked":"Malaise","floor":27},{"not_picked":["Infinite Blades+1","Underhanded Strike+1"],"picked":"Sucker Punch+1","floor":29},{"not_picked":["Dagger Throw+1","Dagger Spray+1"],"picked":"Backstab+1","floor":31},{"not_picked":["Phantasmal Killer","Venomology"],"picked":"Tools of the Trade+1","floor":33},{"not_picked":["Backflip","Accuracy+1"],"picked":"Predator+1","floor":35},{"not_picked":["Infinite Blades+1","Backflip"],"picked":"Dagger Throw+1","floor":36},{"not_picked":["Cloak And Dagger+1","Flechettes+1"],"picked":"Flying Knee+1","floor":37},{"not_picked":["Escape Plan","PiercingWail+1"],"picked":"Choke+1","floor":38},{"not_picked":["Prepared","Accuracy+1"],"picked":"Acrobatics+1","floor":39}],"player_experience":245054,"potions_floor_usage":[6,6,6,7,10,14,16,16,16,16,23],"damage_taken":[{"damage":0,"enemies":"Cultist","floor":1,"turns":2},{"damage":4,"enemies":"Jaw Worm","floor":3,"turns":3},{"damage":0,"enemies":"2 Louse","floor":4,"turns":3},{"damage":12,"enemies":"2 Fungi Beasts","floor":5,"turns":3},{"damage":1,"enemies":"Lagavulin","floor":6,"turns":5},{"damage":12,"enemies":"Lagavulin Event","floor":7,"turns":7},{"damage":2,"enemies":"Large Slime","floor":8,"turns":2},{"damage":0,"enemies":"3 Sentries","floor":10,"turns":5},{"damage":0,"enemies":"Exordium Thugs","floor":12,"turns":2},{"damage":0,"enemies":"Red Slaver","floor":13,"turns":2},{"damage":0,"enemies":"Gremlin Nob","floor":14,"turns":2},{"damage":0,"enemies":"The Guardian","floor":16,"turns":12},{"damage":5,"enemies":"Chosen","floor":18,"turns":2},{"damage":0,"enemies":"Spheric Guardian","floor":20,"turns":1},{"damage":7,"enemies":"Chosen and Byrds","floor":21,"turns":5},{"damage":4,"enemies":"Centurion and Healer","floor":22,"turns":4},{"damage":1,"enemies":"Gremlin Leader","floor":23,"turns":5},{"damage":0,"enemies":"Cultist and Chosen","floor":24,"turns":3},{"damage":0,"enemies":"Chosen and Byrds","floor":25,"turns":4},{"damage":6,"enemies":"Snake Plant","floor":27,"turns":3},{"damage":0,"enemies":"Centurion and Healer","floor":29,"turns":2},{"damage":11,"enemies":"Book of Stabbing","floor":31,"turns":6},{"damage":5,"enemies":"Collector","floor":33,"turns":8},{"damage":9,"enemies":"3 Darklings","floor":35,"turns":5},{"damage":6,"enemies":"Orb Walker","floor":36,"turns":2},{"damage":0,"enemies":"Maw","floor":37,"turns":7},{"damage":12,"enemies":"3 Darklings","floor":38,"turns":6},{"damage":10,"enemies":"4 Shapes","floor":39,"turns":2},{"damage":35,"enemies":"Nemesis","floor":40,"turns":3}],"relics_obtained":[{"floor":6,"key":"Blue Candle"},{"floor":7,"key":"Ancient Tea Set"},{"floor":9,"key":"Smiling Mask"},{"floor":10,"key":"Bird Faced Urn"},{"floor":14,"key":"Molten Egg 2"},{"floor":23,"key":"Frozen Egg 2"},{"floor":26,"key":"Bag of Preparation"},{"floor":31,"key":"Strawberry"}],"event_choices":[{"event_name":"World of Goop","player_choice":"Gather Gold","floor":2,"damage_taken":0},{"event_name":"Dead Adventurer","player_choice":"Searched \u00273\u0027 times","floor":7,"damage_taken":0},{"event_name":"Golden Shrine","player_choice":"Pray","floor":11,"damage_taken":0},{"event_name":"Beggar","player_choice":"Gave Gold","floor":30,"damage_taken":0}],"boss_relics":[{"not_picked":["Lizard Tail","Orrery"],"picked":"Sozu"},{"not_picked":["Astrolabe","Runic Dome"],"picked":"Black Star"}],"items_purged_floors":[19],"potions_floor_spawned":[1,3,6,8,14,16,21,23,27,29,31,35,38,39],"seed_played":"7492258390209351747","killed_by":"Nemesis","ascension_level":0,"potions_obtained":[{"floor":1,"key":"GamblersBrew"},{"floor":6,"key":"Block Potion"},{"floor":8,"key":"Poison Potion"},{"floor":14,"key":"SpeedPotion"},{"floor":16,"key":"PowerPotion"}],"is_trial":false}