{"gold_per_floor":[119,119,137,107,107,142,142,170,170,24,24,24],"floor_reached":12,"playtime":494,"items_purged":[],"score":113,"play_id":"77c4fff3-4dd0-4f15-bcab-636cab4329d2","local_time":"20190223203930","is_ascension_mode":true,"campfire_choices":[{"data":"Chaos","floor":7,"key":"SMITH"}],"neow_cost":"NONE","seed_source_timestamp":441034832912865,"circlet_count":0,"master_deck":["Strike_B","Strike_B","Defend_B","Defend_B","Defend_B","Defend_B","Zap","Dualcast","Capacitor","Chaos+1","All For One","Go for the Eyes","Stack"],"relics":["Cracked Core","Du-Vu Doll","Question Card","Mango","Boot"],"potions_floor_usage":[6],"damage_taken":[{"damage":5,"enemies":"Small Slimes","floor":1,"turns":3},{"damage":0,"enemies":"Cultist","floor":3,"turns":4},{"damage":35,"enemies":"3 Sentries","floor":6,"turns":12},{"damage":25,"enemies":"Lagavulin","floor":8,"turns":8},{"damage":26,"enemies":"3 Sentries","floor":12,"turns":7}],"seed_played":"5041694985059902809","potions_obtained":[{"floor":1,"key":"Block Potion"}],"is_trial":false,"path_per_floor":["M","?","M","?","?","E","R","E","T","$","?","E"],"character_chosen":"DEFECT","items_purchased":["Boot"],"campfire_rested":0,"item_purchase_floors":[10],"current_hp_per_floor":[77,77,77,77,70,35,35,10,24,24,24,0],"gold":24,"neow_bonus":"TEN_PERCENT_HP_BONUS","is_prod":false,"is_daily":false,"chose_seed":false,"campfire_upgraded":1,"win_rate":0,"timestamp":1550950770,"path_taken":["M","?","M","?","?","E","R","E","T","$","?","E"],"build_version":"2019-01-23","purchased_purges":0,"victory":false,"max_hp_per_floor":[82,82,82,82,82,82,82,82,96,96,96,96],"card_choices":[{"not_picked":["Lockon","Sweeping Beam"],"picked":"Capacitor","floor":1},{"not_picked":["Heatsinks","Turbo"],"picked":"Chaos","floor":3},{"not_picked":["Skim","Stack"],"picked":"All For One","floor":6},{"not_picked":["Storm","Consume"],"picked":"Go for the Eyes","floor":8}],"player_experience":986753,"relics_obtained":[{"floor":6,"key":"Du-Vu Doll"},{"floor":8,"key":"Question Card"},{"floor":9,"key":"Mango"}],"event_choices":[{"damage_healed":0,"gold_gain":0,"player_choice":"Fled","damage_taken":0,"max_hp_gain":0,"max_hp_loss":0,"event_name":"Scrap Ooze","floor":2,"gold_loss":0},{"damage_healed":0,"gold_gain":0,"player_choice":"Left Gold","damage_taken":0,"max_hp_gain":0,"max_hp_loss":0,"event_name":"World of Goop","floor":4,"gold_loss":30},{"cards_removed":["Strike_B"],"damage_healed":0,"gold_gain":0,"player_choice":"Card Removal","damage_taken":7,"max_hp_gain":0,"max_hp_loss":0,"event_name":"Golden Wing","floor":5,"gold_loss":0},{"damage_healed":0,"gold_gain":0,"cards_transformed":["Strike_B"],"player_choice":"Change","damage_taken":0,"max_hp_gain":0,"max_hp_loss":0,"event_name":"Living Wall","floor":11,"gold_loss":0,"cards_obtained":["Stack"]}],"is_beta":false,"boss_relics":[],"items_purged_floors":[],"is_endless":false,"potions_floor_spawned":[1],"killed_by":"3 Sentries","ascension_level":1}