{"gold_per_floor":[117,128,142,142,162,193,193,220,220,220],"floor_reached":10,"playtime":658,"items_purged":[],"score":156,"play_id":"4a5ca780-2973-4e97-8534-ee45e733aef6","local_time":"20190227224215","is_ascension_mode":true,"campfire_choices":[{"data":"Bash","floor":7,"key":"SMITH"}],"neow_cost":"NONE","seed_source_timestamp":14273033269142,"circlet_count":0,"master_deck":["AscendersBane","Strike_R","Strike_R","Strike_R","Strike_R","Defend_R","Defend_R","Defend_R","Defend_R","Bash+1","Impervious","Pommel Strike","Iron Wave","Intimidate","Armaments","Pommel Strike","Dropkick"],"relics":["Burning Blood","Sundial","Dodecahedron","Pantograph"],"potions_floor_usage":[6,8,10],"damage_taken":[{"damage":7,"enemies":"Small Slimes","floor":1,"turns":4},{"damage":2,"enemies":"Cultist","floor":2,"turns":4},{"damage":3,"enemies":"2 Louse","floor":3,"turns":3},{"damage":13,"enemies":"Red Slaver","floor":5,"turns":5},{"damage":25,"enemies":"Lagavulin","floor":6,"turns":8},{"damage":35,"enemies":"3 Sentries","floor":8,"turns":10},{"damage":36,"enemies":"Gremlin Nob","floor":10,"turns":4}],"seed_played":"6583027655487291982","potions_obtained":[{"floor":3,"key":"Energy Potion"},{"floor":5,"key":"Explosive Potion"},{"floor":8,"key":"Weak Potion"}],"is_trial":false,"path_per_floor":["M","M","M","?","M","E","R","E","T","E"],"character_chosen":"IRONCLAD","items_purchased":[],"campfire_rested":0,"item_purchase_floors":[],"current_hp_per_floor":[67,71,74,74,67,48,48,19,19,0],"gold":220,"neow_bonus":"ONE_RANDOM_RARE_CARD","is_prod":false,"is_daily":false,"chose_seed":false,"campfire_upgraded":1,"win_rate":0,"timestamp":1551260535,"path_taken":["M","M","M","?","?","E","R","E","T","E"],"build_version":"2019-01-23","purchased_purges":0,"victory":false,"max_hp_per_floor":[75,75,75,75,75,75,75,75,75,75],"card_choices":[{"not_picked":["Warcry","Thunderclap"],"picked":"Pommel Strike","floor":1},{"not_picked":["Fire Breathing","Rupture"],"picked":"Iron Wave","floor":2},{"not_picked":["Fire Breathing","Entrench"],"picked":"Intimidate","floor":3},{"not_picked":["Infernal Blade","True Grit"],"picked":"Armaments","floor":5},{"not_picked":["Havoc","Shrug It Off"],"picked":"Pommel Strike","floor":6},{"not_picked":["Burning Pact","Rage"],"picked":"Dropkick","floor":8}],"player_experience":468759,"relics_obtained":[{"floor":6,"key":"Sundial"},{"floor":8,"key":"Dodecahedron"},{"floor":9,"key":"Pantograph"}],"event_choices":[{"cards_removed":["Strike_R"],"damage_healed":0,"gold_gain":0,"player_choice":"Offered Basic","damage_taken":0,"max_hp_gain":0,"max_hp_loss":0,"event_name":"Bonfire Elementals","floor":4,"gold_loss":0}],"is_beta":false,"boss_relics":[],"items_purged_floors":[],"is_endless":false,"potions_floor_spawned":[3,5,8],"killed_by":"Gremlin Nob","ascension_level":20}