{"gold_per_floor":[111,111,121,137,137,168,181,209,233,233,243,243,262],"floor_reached":13,"playtime":1257,"items_purged":[],"score":107,"play_id":"9f923ca5-c655-48b9-8bd4-1bd7fe975d0b","local_time":"20180929233650","is_ascension_mode":true,"campfire_choices":[{"data":"Eviscerate","floor":10.0,"key":"SMITH"},{"floor":12.0,"key":"REST"}],"neow_cost":"TEN_PERCENT_HP_LOSS","seed_source_timestamp":18482155133048,"circlet_count":0,"master_deck":["Defend_G","Defend_G","Defend_G","Defend_G","Strike_G","Strike_G","Strike_G","Strike_G","Survivor","Neutralize","Dagger Throw","Tools of the Trade","Dagger Spray","Malaise","Backflip","Eviscerate+1","All Out Attack"],"special_seed":0,"relics":["Ring of the Snake","Snake Skull","Regal Pillow","Centennial Puzzle"],"potions_floor_usage":[],"damage_taken":[{"damage":0.0,"enemies":"Small Slimes","floor":1.0,"turns":4.0},{"damage":0.0,"enemies":"Cultist","floor":3.0,"turns":5.0},{"damage":2.0,"enemies":"Jaw Worm","floor":4.0,"turns":4.0},{"damage":27.0,"enemies":"3 Sentries","floor":6.0,"turns":7.0},{"damage":1.0,"enemies":"Looter","floor":7.0,"turns":5.0},{"damage":10.0,"enemies":"Lagavulin","floor":8.0,"turns":10.0},{"damage":5.0,"enemies":"2 Fungi Beasts","floor":11.0,"turns":5.0},{"damage":5.0,"enemies":"Exordium Wildlife","floor":13.0,"turns":5.0}],"seed_played":"-2759332561965621564","potions_obtained":[{"floor":4.0,"key":"AttackPotion"},{"floor":7.0,"key":"Fire Potion"},{"floor":8.0,"key":"EssenceOfSteel"}],"is_trial":false,"path_per_floor":["M","?","M","M","$","E","M","E","T","R","M","R"],"character_chosen":"THE_SILENT","items_purchased":[],"campfire_rested":1,"item_purchase_floors":[],"current_hp_per_floor":[63,63,63,61,61,34,33,23,23,23,18,51,46],"gold":262,"neow_bonus":"REMOVE_TWO","is_prod":false,"is_daily":false,"chose_seed":false,"campfire_upgraded":1,"win_rate":0,"timestamp":1538278610,"path_taken":["M","?","M","M","$","E","M","E","T","R","M","R","M"],"build_version":"2018-09-27","purchased_purges":0,"victory":false,"max_hp_per_floor":[63,63,63,63,63,63,63,63,63,63,63,63,63],"card_choices":[{"not_picked":["Caltrops","PiercingWail"],"picked":"Dagger Throw","floor":1.0},{"not_picked":["Bane","Crippling Poison"],"picked":"Dagger Spray","floor":3.0},{"not_picked":["Blade Dance","Dodge and Roll","Quick Slash"],"picked":"SKIP","floor":4.0},{"not_picked":["Poisoned Stab","Bane"],"picked":"Malaise","floor":6.0},{"not_picked":["Sucker Punch","Accuracy"],"picked":"Backflip","floor":7.0},{"not_picked":["Leg Sweep","Underhanded Strike"],"picked":"Eviscerate","floor":8.0},{"not_picked":["Flechettes","Endless Agony"],"picked":"All Out Attack","floor":11.0}],"player_experience":692494,"relics_obtained":[{"floor":6.0,"key":"Snake Skull"},{"floor":8.0,"key":"Regal Pillow"},{"floor":9.0,"key":"Centennial Puzzle"}],"event_choices":[{"event_name":"Match and Keep!","player_choice":"1 cards matched","floor":2.0,"damage_taken":0.0}],"is_beta":false,"boss_relics":[],"items_purged_floors":[],"is_endless":false,"potions_floor_spawned":[4,7,8],"killed_by":"Exordium Wildlife","ascension_level":2}