{"gold_per_floor":[13,23,40,40,61,61,81,81,81,81,97,131,131,152,152,152],"floor_reached":16,"playtime":895,"items_purged":[],"score":208,"play_id":"b8e7f8d2-073f-4cef-beeb-362c45fc31d8","local_time":"20190228153336","is_ascension_mode":true,"campfire_choices":[{"data":"Neutralize","floor":6,"key":"SMITH"},{"data":"Bouncing Flask","floor":8,"key":"SMITH"},{"data":"Wraith Form v2","floor":13,"key":"SMITH"},{"floor":15,"key":"REST"}],"neow_cost":"NO_GOLD","seed_source_timestamp":11686221387434,"circlet_count":0,"master_deck":["AscendersBane","Defend_G","Defend_G","Defend_G","Defend_G","Defend_G","Strike_G","Strike_G","Strike_G","Strike_G","Survivor","Neutralize+1","Footwork","Blur","Blur","Bouncing Flask+1","Burst","Wraith Form v2+1","Poisoned Stab"],"relics":["Ring of the Snake","Golden Idol","Bag of Preparation","Omamori"],"potions_floor_usage":[12,16,16],"damage_taken":[{"damage":14,"enemies":"Cultist","floor":1,"turns":7},{"damage":0,"enemies":"2 Louse","floor":2,"turns":4},{"damage":0,"enemies":"Small Slimes","floor":3,"turns":5},{"damage":0,"enemies":"Blue Slaver","floor":5,"turns":7},{"damage":0,"enemies":"Red Slaver","floor":7,"turns":5},{"damage":0,"enemies":"Looter","floor":11,"turns":4},{"damage":29,"enemies":"Gremlin Nob","floor":12,"turns":4},{"damage":11,"enemies":"Large Slime","floor":14,"turns":12},{"damage":47,"enemies":"Slime Boss","floor":16,"turns":14}],"seed_played":"3555971866382241252","potions_obtained":[{"floor":3,"key":"Ancient Potion"},{"floor":7,"key":"Strength Potion"},{"floor":12,"key":"Weak Potion"}],"is_trial":false,"path_per_floor":["M","M","M","?","M","R","M","R","T","?","M","E","R","M","R","B"],"character_chosen":"THE_SILENT","items_purchased":[],"campfire_rested":1,"item_purchase_floors":[],"current_hp_per_floor":[57,57,57,57,57,57,57,57,57,57,57,28,28,17,38,0],"gold":152,"neow_bonus":"TWENTY_PERCENT_HP_BONUS","is_prod":false,"is_daily":false,"chose_seed":false,"campfire_upgraded":3,"win_rate":0,"timestamp":1551321216,"path_taken":["M","M","M","?","M","R","M","R","T","?","?","E","R","M","R","BOSS"],"build_version":"2019-01-23","purchased_purges":0,"victory":false,"max_hp_per_floor":[78,78,78,71,71,71,71,71,71,71,71,71,71,71,71,71],"card_choices":[{"not_picked":["Bane","Dagger Throw"],"picked":"Footwork","floor":1},{"not_picked":["Slice","Flechettes","Calculated Gamble"],"picked":"SKIP","floor":2},{"not_picked":["Reflex","Acrobatics"],"picked":"Blur","floor":3},{"not_picked":["Underhanded Strike","Setup"],"picked":"Blur","floor":5},{"not_picked":["Backflip","Slice"],"picked":"Bouncing Flask","floor":7},{"not_picked":["PiercingWail","Bouncing Flask"],"picked":"Burst","floor":11},{"not_picked":["Footwork","Dodge and Roll"],"picked":"Wraith Form v2","floor":12},{"not_picked":["Flying Knee","Cloak And Dagger"],"picked":"Poisoned Stab","floor":14}],"player_experience":477931,"relics_obtained":[{"floor":9,"key":"Bag of Preparation"},{"floor":12,"key":"Omamori"}],"event_choices":[{"damage_healed":0,"gold_gain":0,"player_choice":"Lose Max HP","damage_taken":0,"relics_obtained":["Golden Idol"],"max_hp_gain":0,"max_hp_loss":7,"event_name":"Golden Idol","floor":4,"gold_loss":0},{"cards_removed":["Strike_G"],"damage_healed":0,"gold_gain":0,"player_choice":"Card Removal","damage_taken":0,"max_hp_gain":0,"max_hp_loss":0,"event_name":"Wheel of Change","floor":10,"gold_loss":0}],"is_beta":false,"boss_relics":[],"items_purged_floors":[],"is_endless":false,"potions_floor_spawned":[3,7,12],"killed_by":"Slime Boss","ascension_level":20}