{"gold_per_floor":[114,114,124,48,66,66,83,97,124,143,161,193,213,213,213,213],"floor_reached":16,"playtime":1621,"items_purged":[],"score":106,"play_id":"872f71ce-d3a3-448f-83a4-9ea337342df1","local_time":"20190114222250","is_ascension_mode":false,"campfire_choices":[{"floor":6,"key":"RECALL"},{"floor":15,"key":"REST"}],"neow_cost":"NONE","seed_source_timestamp":277719289425262,"circlet_count":0,"master_deck":["Defend_G","Defend_G","Defend_G","Defend_G","Defend_G","Strike_G","Strike_G","Strike_G","Survivor","Neutralize","Deflect","Noxious Fumes","Blur","Burst","Deflect","Acrobatics","Expertise"],"relics":["Ring of the Snake","Snake Skull","Vajra"],"potions_floor_usage":[12,12,13,16],"damage_taken":[{"damage":6,"enemies":"2 Louse","floor":1,"turns":3},{"damage":1,"enemies":"Cultist","floor":3,"turns":5},{"damage":0,"enemies":"Jaw Worm","floor":5,"turns":4},{"damage":0,"enemies":"2 Fungi Beasts","floor":7,"turns":5},{"damage":0,"enemies":"3 Louse","floor":8,"turns":5},{"damage":0,"enemies":"Blue Slaver","floor":10,"turns":6},{"damage":3,"enemies":"Exordium Wildlife","floor":11,"turns":4},{"damage":58,"enemies":"Gremlin Nob","floor":12,"turns":7},{"damage":0,"enemies":"2 Fungi Beasts","floor":13,"turns":6},{"damage":32,"enemies":"Slime Boss","floor":16,"turns":13}],"seed_played":"4487505969877146456","potions_obtained":[{"floor":2,"key":"EssenceOfSteel"},{"floor":2,"key":"Weak Potion"},{"floor":2,"key":"Regen Potion"},{"floor":8,"key":"EssenceOfSteel"},{"floor":12,"key":"SkillPotion"}],"is_trial":false,"path_per_floor":["M","?","M","$","M","R","M","M","T","M","M","E","M","?","R","B"],"character_chosen":"THE_SILENT","items_purchased":["Noxious Fumes"],"campfire_rested":1,"item_purchase_floors":[4],"current_hp_per_floor":[64,64,63,63,63,63,63,63,63,63,60,16,16,9,30,0],"gold":213,"neow_bonus":"REMOVE_CARD","is_prod":false,"is_daily":false,"chose_seed":false,"campfire_upgraded":0,"win_rate":0,"timestamp":1547522570,"path_taken":["M","?","M","$","M","R","M","M","T","M","?","E","M","?","R","BOSS"],"build_version":"2019-01-10","purchased_purges":0,"victory":false,"max_hp_per_floor":[70,70,70,70,70,70,70,70,70,70,70,70,70,70,70,70],"card_choices":[{"not_picked":["All Out Attack","Dagger Spray"],"picked":"Deflect","floor":1},{"not_picked":["Sucker Punch","Poisoned Stab","Quick Slash"],"picked":"SKIP","floor":3},{"not_picked":["Sucker Punch","Cloak And Dagger"],"picked":"Blur","floor":5},{"not_picked":["Quick Slash","Underhanded Strike","Dodge and Roll"],"picked":"SKIP","floor":7},{"not_picked":["Riddle With Holes","Prepared"],"picked":"Burst","floor":8},{"not_picked":["Slice","Choke","Dagger Throw"],"picked":"SKIP","floor":10},{"not_picked":["Poisoned Stab","Sucker Punch"],"picked":"Deflect","floor":11},{"not_picked":["Dagger Throw","Deflect"],"picked":"Acrobatics","floor":12},{"not_picked":["Deflect","Prepared"],"picked":"Expertise","floor":13}],"player_experience":105583,"relics_obtained":[{"floor":9,"key":"Snake Skull"},{"floor":12,"key":"Vajra"}],"event_choices":[{"damage_healed":0,"gold_gain":0,"player_choice":"Got Potions","damage_taken":0,"max_hp_gain":0,"max_hp_loss":0,"event_name":"Lab","floor":2,"gold_loss":0},{"cards_removed":["Strike_G"],"damage_healed":0,"gold_gain":0,"player_choice":"Card Removal","damage_taken":7,"max_hp_gain":0,"max_hp_loss":0,"event_name":"Golden Wing","floor":14,"gold_loss":0}],"is_beta":false,"boss_relics":[],"items_purged_floors":[],"is_endless":false,"potions_floor_spawned":[5,8,10,12],"killed_by":"Slime Boss","ascension_level":0}