{"path_per_floor":["M","M","M","M","T","R","E","?","T","E","R","M","M","?","R","B",null,"M","M","M","$","?","R","E","R","T","M","M","E","R","?","R","B",null,"M","M","$","M","M","R","$","R","T","M","M","E","?","?","R","B"],"character_chosen":"IRONCLAD","items_purchased":["Flex","Shovel","Shrug It Off","Flex","Dropkick","Bag of Preparation"],"gold_per_floor":[114,129,144,159,159,159,189,213,213,243,243,258,273,273,273,373,373,388,403,418,16,16,16,46,46,46,61,76,106,106,106,106,206,206,221,236,142,157,172,172,22,22,22,37,52,82,82,82,82,82],"floor_reached":51,"campfire_rested":0,"playtime":1596,"item_purchase_floors":[21,21,21,37,37,41],"current_hp_per_floor":[78,77,76,75,74,73,72,71,70,69,68,67,66,53,53,63,62,61,57,59,58,42,42,48,48,48,47,64,68,67,61,61,55,63,62,61,60,52,60,59,58,57,56,55,54,55,54,47,47,31],"items_purged":[],"gold":82,"score":879,"play_id":"92b3ecd5-b819-48da-aa07-c15eb00336f3","local_time":"20180621034041","daily_mods":["Brewmaster","Time Dilation","Terminal"],"is_prod":false,"is_daily":true,"chose_seed":false,"is_ascension_mode":false,"campfire_upgraded":3,"win_rate":0,"timestamp":1529509241,"campfire_choices":[{"data":"Venomology","floor":6,"key":"SMITH"},{"data":"Seeing Red","floor":11,"key":"SMITH"},{"data":"Uppercut","floor":15,"key":"SMITH"},{"floor":23,"key":"DIG"},{"floor":25,"key":"DIG"},{"floor":30,"key":"DIG"},{"floor":32,"key":"DIG"},{"floor":40,"key":"DIG"},{"floor":42,"key":"DIG"},{"floor":49,"key":"DIG"}],"path_taken":["M","M","?","M","?","R","E","?","T","E","R","?","M","?","R","BOSS","M","M","M","$","?","R","E","R","T","M","M","E","R","?","R","BOSS","M","M","$","M","M","R","$","R","T","M","M","E","?","?","R","BOSS"],"build_version":"2018-06-19v2","seed_source_timestamp":0,"purchased_purges":0,"circlet_count":0,"victory":true,"master_deck":["Strike_R","Strike_R","Strike_R","Strike_R","Strike_R","Defend_R+1","Defend_R","Defend_R","Defend_R","Bash","Venomology+1","Venomology","Venomology","Venomology","Venomology","Shrug It Off+1","Battle Trance","Thunderclap","Twin Strike","Seeing Red+1","Sword Boomerang","Seeing Red","Warcry","Uppercut+1","Immolate","Havoc","Dropkick","Flex","Inflame","Pommel Strike","Headbutt+1","Pummel+1","Dropkick+1","Flex","Shrug It Off","Necronomicurse","Carnage","RitualDagger","Reaper","Iron Wave+1","Shrug It Off","Flex","Dropkick","Pommel Strike+1","Flame Barrier","Clash","Madness","Madness"],"max_hp_per_floor":[78,77,76,75,74,73,72,71,70,69,68,67,66,65,64,63,62,61,60,59,58,57,56,69,68,67,68,69,68,67,66,65,64,63,62,61,60,59,60,59,58,57,56,55,54,55,54,53,52,51],"special_seed":17702,"relics":["Burning Blood","White Beast Statue","Bottled Flame","Turnip","Odd Mushroom","Kunai","Pantograph","Orrery","Shovel","Necronomicon","Bag of Marbles","Mango","Singing Bowl","Shuriken","Thread and Needle","Art of War","Vajra","Coffee Dripper","Dodecahedron","Bag of Preparation","Sundial","Centennial Puzzle","Pen Nib","Omamori"],"card_choices":[{"not_picked":["Sword Boomerang","Fire Breathing"],"picked":"Shrug It Off","floor":1},{"not_picked":["Dual Wield","Twin Strike"],"picked":"Battle Trance","floor":2},{"not_picked":["Clothesline","Bloodletting"],"picked":"Thunderclap","floor":3},{"not_picked":["Bloodletting","Barricade"],"picked":"Twin Strike","floor":4},{"not_picked":["Sentinel","Combust"],"picked":"Seeing Red","floor":7},{"not_picked":["Heavy Blade","True Grit"],"picked":"Sword Boomerang","floor":8},{"not_picked":["Blood for Blood","Heavy Blade"],"picked":"Seeing Red","floor":10},{"not_picked":["Bloodletting","Perfected Strike"],"picked":"Warcry","floor":12},{"not_picked":["Reckless Charge","Twin Strike"],"picked":"Uppercut","floor":13},{"not_picked":["Demon Form","Fiend Fire"],"picked":"Immolate","floor":16},{"not_picked":["True Grit","Burning Pact"],"picked":"Havoc","floor":17},{"not_picked":["Clothesline","Spot Weakness"],"picked":"Dropkick","floor":17},{"not_picked":["Power Through","Wild Strike"],"picked":"Flex","floor":17},{"not_picked":["Thunderclap","Flame Barrier"],"picked":"Inflame","floor":17},{"not_picked":["Armaments","Perfected Strike"],"picked":"Pommel Strike","floor":17},{"not_picked":["Burning Pact","Spot Weakness"],"picked":"Headbutt+1","floor":18},{"not_picked":["Clothesline","Entrench"],"picked":"Pummel+1","floor":19},{"not_picked":["Thunderclap","Clash+1"],"picked":"Dropkick+1","floor":20},{"not_picked":["Dark Embrace","Spot Weakness"],"picked":"Metallicize","floor":24},{"not_picked":["Hemokinesis+1","Second Wind","Searing Blow+1"],"picked":"Singing Bowl","floor":27},{"not_picked":["Perfected Strike","Intimidate","Power Through"],"picked":"Singing Bowl","floor":28},{"not_picked":["Wild Strike","Corruption"],"picked":"Carnage","floor":29},{"not_picked":["Demon Form","Juggernaut"],"picked":"Reaper","floor":33},{"not_picked":["Intimidate","Wild Strike+1"],"picked":"Iron Wave+1","floor":35},{"not_picked":["Ghostly Armor+1","Cleave"],"picked":"Shrug It Off","floor":36},{"not_picked":["True Grit+1","Shrug It Off"],"picked":"Pommel Strike+1","floor":38},{"not_picked":["Warcry","Heavy Blade","Clothesline"],"picked":"Singing Bowl","floor":39},{"not_picked":["Sword Boomerang","Spot Weakness"],"picked":"Flame Barrier","floor":44},{"not_picked":["Entrench+1","Thunderclap"],"picked":"Clash","floor":45},{"not_picked":["Reaper","Power Through+1","Armaments"],"picked":"Singing Bowl","floor":46}],"player_experience":309306,"potions_floor_usage":[1,1,2,2,3,3,3,4,4,7,7,7,7,7,7,7,7,8,8,8,10,10,10,13,13,13,16,16,16,16,16,16,18,20,20,20,24,24,24,27,27,28,28,28,29,29,29,29,29,33,33,33,33,33,36,36,38,39,39,39,39,46,46,46,50,50,50,50,50,50,50],"damage_taken":[{"damage":7,"enemies":"Cultist","floor":1,"turns":5},{"damage":6,"enemies":"Jaw Worm","floor":2,"turns":2},{"damage":0,"enemies":"Small Slimes","floor":3,"turns":4},{"damage":5,"enemies":"Looter","floor":4,"turns":2},{"damage":4,"enemies":"Lagavulin","floor":7,"turns":6},{"damage":6,"floor":8,"turns":4},{"damage":0,"enemies":"3 Sentries","floor":10,"turns":5},{"damage":0,"enemies":"2 Fungi Beasts","floor":12,"turns":2},{"damage":2,"enemies":"Exordium Thugs","floor":13,"turns":5},{"damage":1,"enemies":"Hexaghost","floor":16,"turns":9},{"damage":2,"enemies":"Spheric Guardian","floor":18,"turns":4},{"damage":10,"enemies":"2 Thieves","floor":19,"turns":3},{"damage":0,"enemies":"Cultist and Chosen","floor":20,"turns":5},{"damage":24,"enemies":"Gremlin Leader","floor":24,"turns":5},{"damage":9,"enemies":"Sentry and Sphere","floor":27,"turns":4},{"damage":0,"enemies":"Snake Plant","floor":28,"turns":3},{"damage":0,"enemies":"Book of Stabbing","floor":29,"turns":4},{"damage":22,"enemies":"Collector","floor":33,"turns":10},{"damage":6,"enemies":"3 Shapes","floor":35,"turns":1},{"damage":1,"enemies":"Orb Walker","floor":36,"turns":2},{"damage":14,"enemies":"4 Shapes","floor":38,"turns":3},{"damage":0,"enemies":"Spire Growth","floor":39,"turns":2},{"damage":0,"enemies":"3 Darklings","floor":44,"turns":1},{"damage":0,"enemies":"Flame Bruiser 2 Orb","floor":45,"turns":2},{"damage":0,"enemies":"Nemesis","floor":46,"turns":3},{"damage":27,"enemies":"Donu and Deca","floor":50,"turns":8}],"relics_obtained":[{"floor":5,"key":"Bottled Flame"},{"floor":7,"key":"Turnip"},{"floor":8,"key":"Odd Mushroom"},{"floor":9,"key":"Kunai"},{"floor":10,"key":"Pantograph"},{"floor":22,"key":"Necronomicon"},{"floor":23,"key":"Bag of Marbles"},{"floor":24,"key":"Mango"},{"floor":25,"key":"Singing Bowl"},{"floor":26,"key":"Shuriken"},{"floor":29,"key":"Thread and Needle"},{"floor":30,"key":"Art of War"},{"floor":32,"key":"Vajra"},{"floor":40,"key":"Dodecahedron"},{"floor":42,"key":"Sundial"},{"floor":43,"key":"Centennial Puzzle"},{"floor":46,"key":"Pen Nib"},{"floor":49,"key":"Omamori"}],"event_choices":[{"event_name":"Mushrooms","player_choice":"Fought Mushrooms","floor":8,"damage_taken":0},{"event_name":"Shining Light","player_choice":"Entered Light","floor":14,"damage_taken":0},{"event_name":"Cursed Tome","player_choice":"Obtained Book","floor":22,"damage_taken":0},{"event_name":"Nest","player_choice":"Joined the Cult","floor":31,"damage_taken":0},{"event_name":"Falling","player_choice":"Removed Power","floor":47,"damage_taken":0},{"event_name":"Winding Halls","player_choice":"Embrace Madness","floor":48,"damage_taken":0}],"boss_relics":[{"not_picked":["Philosopher\u0027s Stone","Snecko Eye"],"picked":"Orrery"},{"not_picked":["Cursed Key","Velvet Choker"],"picked":"Coffee Dripper"}],"items_purged_floors":[],"is_endless":false,"potions_floor_spawned":[1,2,3,4,7,8,10,12,13,16,18,19,20,24,27,28,29,33,35,36,38,39,44,45,46],"seed_played":"-8028192087519691","ascension_level":0,"potions_obtained":[{"floor":2,"key":"Swift Potion"},{"floor":3,"key":"AttackPotion"},{"floor":4,"key":"SteroidPotion"},{"floor":7,"key":"SneckoOil"},{"floor":8,"key":"Block Potion"},{"floor":10,"key":"Swift Potion"},{"floor":12,"key":"Ancient Potion"},{"floor":16,"key":"FearPotion"},{"floor":18,"key":"SkillPotion"},{"floor":19,"key":"Dexterity Potion"},{"floor":20,"key":"BloodPotion"},{"floor":24,"key":"Fire Potion"},{"floor":27,"key":"SkillPotion"},{"floor":28,"key":"Strength Potion"},{"floor":29,"key":"SkillPotion"},{"floor":33,"key":"Explosive Potion"},{"floor":35,"key":"EssenceOfSteel"},{"floor":36,"key":"EssenceOfSteel"},{"floor":38,"key":"Fire Potion"},{"floor":39,"key":"SkillPotion"}],"is_trial":false}