{"path_per_floor":["M","M","M","M","$","E","R","?","T","M","M","M","R","$","R","B",null,"M","?","M","M"],"character_chosen":"IRONCLAD","items_purchased":["Shrug It Off"],"gold_per_floor":[110,123,133,149,28,60,60,60,83,101,116,129,129,29,29,129,129,142,122,134,148,148],"floor_reached":22,"campfire_rested":2,"playtime":2000,"item_purchase_floors":[],"current_hp_per_floor":[80,80,80,80,80,35,59,59,59,61,64,68,68,68,80,29,80,80,80,68,34,34],"items_purged":["Strike_R","Injury"],"gold":148,"score":190,"play_id":"6539ce50-6def-4a6c-b8b4-28eec40569be","local_time":"20180620194638","is_prod":false,"is_daily":false,"chose_seed":false,"is_ascension_mode":false,"campfire_upgraded":1,"win_rate":0.0,"timestamp":1529538398,"campfire_choices":[{"floor":7.0,"key":"REST"},{"data":"Offering","floor":13.0,"key":"SMITH"},{"floor":15.0,"key":"REST"}],"path_taken":["M","M","M","M","$","E","R","?","T","M","?","M","R","$","R","BOSS","M","?","M","?","M"],"build_version":"2018-06-14v2","seed_source_timestamp":0,"purchased_purges":2,"victory":false,"master_deck":["Strike_R","Strike_R","Defend_R","Defend_R","Flame Barrier","Reaper","Headbutt","Warcry","Shrug It Off","Burning Pact","Bash","Offering+1","Rampage","Flame Barrier","Bludgeon","Ghostly Armor+1","True Grit+1","Shockwave+1","True Grit+1"],"max_hp_per_floor":[80,80,80,80,80,80,80,80,80,80,80,80,80,80,80,80,80,80,80,80,80,80],"special_seed":0,"relics":["Burning Blood","Omamori","Orichalcum","Astrolabe"],"card_choices":[{"not_picked":["Armaments","Twin Strike","Spot Weakness"],"picked":"SKIP","floor":1.0},{"not_picked":["Havoc","Dropkick","Twin Strike"],"picked":"SKIP","floor":2.0},{"not_picked":["Heavy Blade","Pommel Strike"],"picked":"Headbutt","floor":3.0},{"not_picked":["Sword Boomerang","Shockwave"],"picked":"Warcry","floor":4.0},{"not_picked":["Limit Break","Pummel"],"picked":"Burning Pact","floor":6.0},{"not_picked":["Wild Strike","Havoc","Iron Wave"],"picked":"SKIP","floor":10.0},{"not_picked":["Sword Boomerang","Thunderclap"],"picked":"Rampage","floor":11.0},{"not_picked":["Cleave","Rage"],"picked":"Flame Barrier","floor":12.0},{"not_picked":["Reaper","Double Tap"],"picked":"Bludgeon","floor":16.0},{"not_picked":["Flex","Fire Breathing+1"],"picked":"True Grit+1","floor":18},{"not_picked":["True Grit","Clash+1","Fire Breathing"],"picked":"SKIP","floor":20},{"not_picked":["Iron Wave","Thunderclap+1","Power Through"],"picked":"SKIP","floor":21}],"player_experience":53298,"potions_floor_usage":[],"damage_taken":[{"damage":0.0,"enemies":"Small Slimes","floor":1.0,"turns":4.0},{"damage":5.0,"enemies":"Cultist","floor":2.0,"turns":4.0},{"damage":4.0,"enemies":"2 Louse","floor":3.0,"turns":3.0},{"damage":3.0,"enemies":"Red Slaver","floor":4.0,"turns":5.0},{"damage":55.0,"enemies":"Gremlin Nob","floor":6.0,"turns":6.0},{"damage":4.0,"enemies":"Looter","floor":10.0,"turns":5.0},{"damage":8.0,"enemies":"Gremlin Gang","floor":11.0,"turns":6.0},{"damage":10.0,"enemies":"Large Slime","floor":12.0,"turns":7.0},{"damage":65.0,"enemies":"Slime Boss","floor":16.0,"turns":13.0},{"damage":3,"enemies":"3 Byrds","floor":18,"turns":2},{"damage":18,"enemies":"Shell Parasite","floor":20,"turns":10},{"damage":40,"enemies":"Chosen and Byrds","floor":21,"turns":9},{"damage":0,"enemies":"3 Cultists","floor":22,"turns":2}],"relics_obtained":[{"floor":6.0,"key":"Omamori"},{"floor":9.0,"key":"Orichalcum"}],"event_choices":[{"event_name":"Match and Keep!","player_choice":"2 cards matched","floor":8.0,"damage_taken":0.0},{"event_name":"The Woman in Blue","player_choice":"Bought 1 Potion","floor":19,"damage_taken":0}],"boss_relics":[{"not_picked":["Runic Dome","Mark of Pain"],"picked":"Astrolabe"}],"items_purged_floors":[],"is_endless":false,"potions_floor_spawned":[1,3,16],"seed_played":"-5642715434128579319","killed_by":"3 Cultists","ascension_level":0,"potions_obtained":[{"floor":1.0,"key":"PowerPotion"},{"floor":3.0,"key":"AttackPotion"},{"floor":16.0,"key":"Fire Potion"},{"floor":19,"key":"FearPotion"}],"is_trial":false}