{"gold_per_floor":[10,10,21,37,47,47,76,76,103,27,41,61,61,80,80,156,156,173,67,67,80,91,117,117,129,129,129,129],"floor_reached":28,"playtime":4173,"items_purged":[],"score":509,"play_id":"8742de78-e077-47f7-a3d5-bfd2c85eb733","local_time":"20190218234933","is_ascension_mode":true,"campfire_choices":[{"data":"Double Tap","floor":6,"key":"SMITH"},{"floor":8,"key":"REST"},{"data":"Disarm","floor":13,"key":"SMITH"},{"data":"Carnage","floor":15,"key":"SMITH"},{"data":"True Grit","floor":24,"key":"SMITH"},{"data":"Inflame","floor":27,"key":"SMITH"}],"neow_cost":"NO_GOLD","seed_source_timestamp":18719340914821,"circlet_count":0,"master_deck":["AscendersBane","Strike_R","Strike_R","Defend_R","Defend_R","Defend_R","Defend_R","Bash","Uppercut+1","Cleave","Shrug It Off","Double Tap+1","Feed","Disarm+1","Carnage+1","Reaper","True Grit+1","Feel No Pain","Iron Wave","Headbutt","Inflame+1","Exhume","Twin Strike+1"],"relics":["Burning Blood","Strawberry","Ancient Tea Set","Sozu","Anchor","Happy Flower"],"potions_floor_usage":[5,11,18,23],"damage_taken":[{"damage":4,"enemies":"Small Slimes","floor":1,"turns":4},{"damage":6,"enemies":"Cultist","floor":3,"turns":4},{"damage":8,"enemies":"2 Louse","floor":4,"turns":2},{"damage":11,"enemies":"Gremlin Gang","floor":5,"turns":6},{"damage":62,"enemies":"3 Sentries","floor":7,"turns":11},{"damage":10,"enemies":"Lots of Slimes","floor":11,"turns":4},{"damage":7,"enemies":"Blue Slaver","floor":12,"turns":6},{"damage":1,"enemies":"2 Fungi Beasts","floor":14,"turns":4},{"damage":10,"enemies":"The Guardian","floor":16,"turns":16},{"damage":12,"enemies":"2 Thieves","floor":18,"turns":3},{"damage":8,"enemies":"Shell Parasite","floor":21,"turns":8},{"damage":37,"enemies":"Shelled Parasite and Fungi","floor":22,"turns":7},{"damage":56,"enemies":"Slavers","floor":23,"turns":7},{"damage":30,"enemies":"Chosen and Byrds","floor":25,"turns":7},{"damage":28,"enemies":"3 Cultists","floor":28,"turns":4}],"seed_played":"4624291095634722197","potions_obtained":[{"floor":1,"key":"Swift Potion"},{"floor":3,"key":"SpeedPotion"},{"floor":7,"key":"EssenceOfSteel"},{"floor":11,"key":"Swift Potion"},{"floor":16,"key":"AttackPotion"}],"is_trial":false,"path_per_floor":["M","?","M","M","M","R","E","R","T","$","M","M","R","M","R","B",null,"M","$","?","M","M","E","R","M","T","R","M"],"character_chosen":"IRONCLAD","items_purchased":["Disarm","Feel No Pain","Iron Wave"],"campfire_rested":1,"item_purchase_floors":[10,19,19],"current_hp_per_floor":[70,70,70,68,63,63,14,38,38,38,37,39,39,47,47,46,82,84,84,84,91,68,30,30,21,21,21,0],"gold":129,"neow_bonus":"REMOVE_TWO","is_prod":false,"is_daily":false,"chose_seed":false,"campfire_upgraded":5,"win_rate":0,"timestamp":1550486973,"path_taken":["M","?","M","M","?","R","E","R","T","$","M","M","R","M","R","BOSS","M","?","?","?","M","E","R","M","T","R","M"],"build_version":"2019-01-23","purchased_purges":0,"victory":false,"max_hp_per_floor":[75,75,75,75,75,75,82,82,82,82,85,88,88,91,91,94,94,94,94,94,97,97,97,97,100,100,100,103],"card_choices":[{"not_picked":["Seeing Red","Headbutt"],"picked":"Uppercut","floor":1},{"not_picked":["True Grit","Reckless Charge"],"picked":"Cleave","floor":3},{"not_picked":["Armaments","Body Slam"],"picked":"Shrug It Off","floor":4},{"not_picked":["Uppercut","Flex"],"picked":"Double Tap","floor":5},{"not_picked":["Burning Pact","Heavy Blade"],"picked":"Feed","floor":7},{"not_picked":["Pommel Strike","Entrench","Fire Breathing"],"picked":"SKIP","floor":11},{"not_picked":["Anger","Second Wind","Heavy Blade"],"picked":"SKIP","floor":12},{"not_picked":["Combust","Twin Strike"],"picked":"Carnage","floor":14},{"not_picked":["Dark Embrace","Fiend Fire"],"picked":"Reaper","floor":16},{"not_picked":["Sword Boomerang","Perfected Strike"],"picked":"True Grit","floor":18},{"not_picked":["Dual Wield","Corruption"],"picked":"Headbutt","floor":21},{"not_picked":["Hemokinesis","Twin Strike"],"picked":"Inflame","floor":22},{"not_picked":["Spot Weakness","Searing Blow"],"picked":"Exhume","floor":23},{"not_picked":["Headbutt","Pummel"],"picked":"Twin Strike+1","floor":25}],"player_experience":347850,"relics_obtained":[{"floor":7,"key":"Strawberry"},{"floor":9,"key":"Ancient Tea Set"},{"floor":23,"key":"Anchor"},{"floor":26,"key":"Happy Flower"}],"event_choices":[{"damage_healed":0,"gold_gain":0,"player_choice":"Forge","damage_taken":0,"max_hp_gain":0,"max_hp_loss":0,"event_name":"Accursed Blacksmith","floor":2,"gold_loss":0,"cards_upgraded":["Uppercut"]},{"cards_removed":["Strike_R"],"damage_healed":0,"gold_gain":0,"player_choice":"Purged","damage_taken":0,"max_hp_gain":0,"max_hp_loss":0,"event_name":"Purifier","floor":20,"gold_loss":0}],"is_beta":false,"boss_relics":[{"not_picked":["Ectoplasm","Pandora\u0027s Box"],"picked":"Sozu"}],"items_purged_floors":[],"is_endless":false,"potions_floor_spawned":[1,3,7,11,16,18,21,25],"killed_by":"3 Cultists","ascension_level":20}