{"gold_per_floor":[114,114,132,132,144,144,174,46,46,57,57,84,98,115,115,218,218,228,24,28,28,43,77,90,90,143,143,160,171,171,183,183,183],"floor_reached":33,"playtime":3077,"items_purged":["Strike_G"],"score":309,"play_id":"3a40900b-2ec8-4099-8c2a-998144f1c4e2","local_time":"20180930002819","is_ascension_mode":true,"campfire_choices":[{"data":"Acrobatics","floor":6,"key":"SMITH"},{"data":"Underhanded Strike","floor":11,"key":"SMITH"},{"data":"Caltrops","floor":15,"key":"SMITH"},{"data":"RitualDagger","floor":25,"key":"SMITH"},{"floor":27,"key":"REST"},{"floor":32,"key":"REST"}],"neow_cost":"","seed_source_timestamp":19840998764089,"circlet_count":0,"master_deck":["Defend_G","Defend_G","Defend_G","Defend_G","Defend_G+1","Strike_G","Strike_G","Strike_G+1","Strike_G","Survivor","Neutralize+1","Acrobatics+1","Heel Hook","Underhanded Strike+1","Caltrops+1","PiercingWail","Venomology","Concentrate+1","Backflip","RitualDagger+1","Underhanded Strike","Underhanded Strike","Heel Hook","Decay","Predator+1"],"relics":["Ring of the Serpent","Paper Crane","Mummified Hand","Bag of Preparation","OrangePellets","Peace Pipe","Ancient Tea Set"],"potions_floor_usage":[7,12,18,20,22,23,24,28,28,29,29,33,33,33,33],"damage_taken":[{"damage":2,"enemies":"Small Slimes","floor":1,"turns":6},{"damage":2,"enemies":"2 Louse","floor":3,"turns":3},{"damage":0,"enemies":"Jaw Worm","floor":5,"turns":5},{"damage":18,"enemies":"Gremlin Nob","floor":7,"turns":5},{"damage":0,"enemies":"Exordium Wildlife","floor":10,"turns":3},{"damage":8,"enemies":"3 Sentries","floor":12,"turns":11},{"damage":0,"enemies":"Blue Slaver","floor":13,"turns":3},{"damage":1,"enemies":"Red Slaver","floor":14,"turns":3},{"damage":16,"enemies":"Hexaghost","floor":16,"turns":10},{"damage":0,"enemies":"3 Byrds","floor":18,"turns":2},{"damage":4,"enemies":"2 Thieves","floor":20,"turns":5},{"damage":4,"enemies":"Centurion and Healer","floor":22,"turns":7},{"damage":8,"enemies":"Book of Stabbing","floor":23,"turns":5},{"damage":30,"enemies":"3 Cultists","floor":24,"turns":7},{"damage":33,"enemies":"Sentry and Sphere","floor":28,"turns":8},{"damage":8,"enemies":"Snecko","floor":29,"turns":7},{"damage":6,"enemies":"Snake Plant","floor":31,"turns":5},{"damage":53,"enemies":"Champ","floor":33,"turns":15}],"seed_played":"5488836506748350221","potions_obtained":[{"floor":3,"key":"PowerPotion"},{"floor":7,"key":"Regen Potion"},{"floor":10,"key":"Energy Potion"},{"floor":13,"key":"SpeedPotion"},{"floor":16,"key":"PowerPotion"},{"floor":28,"key":"Swift Potion"},{"floor":31,"key":"Ancient Potion"}],"is_trial":false,"path_per_floor":["M","?","M","?","M","R","E","$","T","M","R","E","M","M","R","B",null,"M","$","M","?","M","E","M","R","T","R","M","M","?","M","R"],"character_chosen":"THE_SILENT","items_purchased":["Underhanded Strike","OrangePellets"],"campfire_rested":2,"item_purchase_floors":[8,19],"current_hp_per_floor":[68,68,66,52,52,52,34,34,34,34,34,41,41,40,40,24,70,70,70,66,60,56,48,18,18,18,39,21,13,13,7,28,0],"gold":183,"neow_bonus":"","is_prod":false,"is_daily":false,"chose_seed":false,"campfire_upgraded":4,"win_rate":0,"timestamp":1538281699,"path_taken":["M","?","M","?","M","R","E","$","T","?","R","E","M","M","R","BOSS","M","$","M","?","M","E","M","R","T","R","?","M","?","?","R","BOSS"],"build_version":"2018-09-27","purchased_purges":1,"victory":false,"max_hp_per_floor":[70,70,70,70,70,70,70,70,70,70,70,70,70,70,70,70,70,70,70,70,70,70,70,70,70,70,70,70,70,70,70,70,70],"card_choices":[{"not_picked":["Dodge and Roll","Masterful Stab","Blade Dance"],"picked":"SKIP","floor":1},{"not_picked":["Choke","Underhanded Strike"],"picked":"Acrobatics","floor":3},{"not_picked":["Quick Slash","Blade Dance","Cloak And Dagger"],"picked":"SKIP","floor":5},{"not_picked":["Bane","All Out Attack"],"picked":"Heel Hook","floor":7},{"not_picked":["Poisoned Stab","Dodge and Roll","Cloak And Dagger"],"picked":"SKIP","floor":10},{"not_picked":["Envenom","Choke","Dash"],"picked":"SKIP","floor":12},{"not_picked":["Dagger Throw","Setup"],"picked":"Caltrops","floor":13},{"not_picked":["Blade Dance","Predator"],"picked":"PiercingWail","floor":14},{"not_picked":["Doppelganger","Grand Finale"],"picked":"Venomology","floor":16},{"not_picked":["Slice","PiercingWail"],"picked":"Concentrate+1","floor":18},{"not_picked":["Dagger Throw","Cloak And Dagger"],"picked":"Backflip","floor":20},{"not_picked":["Outmaneuver","Glass Knife","Blade Dance+1"],"picked":"SKIP","floor":22},{"not_picked":["Distraction","Cloak And Dagger","Blade Dance"],"picked":"SKIP","floor":23},{"not_picked":["Flying Knee+1","Dagger Throw+1"],"picked":"Underhanded Strike","floor":24},{"not_picked":["Deflect","Poisoned Stab"],"picked":"Underhanded Strike","floor":28},{"not_picked":["Acrobatics","Blade Dance+1"],"picked":"Heel Hook","floor":29},{"not_picked":["Tactician+1","Slice"],"picked":"Predator+1","floor":31}],"player_experience":693751,"relics_obtained":[{"floor":7,"key":"Paper Crane"},{"floor":9,"key":"Mummified Hand"},{"floor":12,"key":"Bag of Preparation"},{"floor":23,"key":"Peace Pipe"},{"floor":26,"key":"Ancient Tea Set"}],"event_choices":[{"event_name":"Living Wall","player_choice":"Grow","floor":2,"damage_taken":0},{"event_name":"Shining Light","player_choice":"Entered Light","floor":4,"damage_taken":0},{"event_name":"Nest","player_choice":"Joined the Cult","floor":21,"damage_taken":0},{"event_name":"Forgotten Altar","player_choice":"Smashed Altar","floor":30,"damage_taken":0}],"is_beta":false,"boss_relics":[{"not_picked":["Cursed Key","Sozu"],"picked":"Ring of the Serpent"}],"items_purged_floors":[8],"is_endless":false,"potions_floor_spawned":[3,7,10,13,16,23,24,28,31],"killed_by":"Champ","ascension_level":2}