{"gold_per_floor":[365,365,365,378,7,35,35,121,121,131,131,190,258,274,274,372,372,414,40,40,55,90,90,132,132,158,212,228,282,282,320,320,419,419,455,555,655,669,247,247,265,281,327,327,20,33,33,87,87,87],"floor_reached":51,"playtime":4621,"items_purged":["Strike_R","Strike_R","Regret"],"score":1370,"play_id":"3a775ec6-5778-4580-bd7e-bbc29b30a099","local_time":"20190125213150","is_ascension_mode":true,"campfire_choices":[{"data":"Bash","floor":7,"key":"SMITH"},{"data":"HandOfGreed","floor":11,"key":"SMITH"},{"floor":15,"key":"REST"},{"data":"Feel No Pain","floor":23,"key":"SMITH"},{"data":"Feed","floor":25,"key":"SMITH"},{"data":"Defend_R","floor":32,"key":"SMITH"},{"data":"Metallicize","floor":40,"key":"SMITH"},{"floor":47,"key":"REST"},{"data":"Defend_R","floor":49,"key":"SMITH"}],"neow_cost":"PERCENT_DAMAGE","seed_source_timestamp":9088155394058,"circlet_count":0,"master_deck":["AscendersBane","Strike_R+1","Strike_R","Strike_R","Defend_R+1","Defend_R+1","Defend_R","Defend_R+1","Bash+1","Cleave","HandOfGreed+1","Thunderclap","Spot Weakness+1","Warcry+1","Feed+1","True Grit+1","Feel No Pain+1","Warcry+1","Dark Shackles+1","Intimidate+1","Feed","True Grit+1","Headbutt+1","Metallicize+1","Heavy Blade+1","Burning Pact+1","Warcry+1","Flash of Steel+1","Burning Pact+1","Headbutt"],"relics":["Burning Blood","Happy Flower","Letter Opener","Paper Frog","Toxic Egg 2","Bag of Preparation","Busted Crown","Membership Card","Bronze Scales","Anchor","Orichalcum","Centennial Puzzle","Cursed Key","FossilizedHelix","Bag of Marbles","Self Forming Clay","Toy Ornithopter","Red Skull","DollysMirror","Shuriken","Whetstone"],"potions_floor_usage":[4,6,8,12,24,29,29,33,33,50,50],"damage_taken":[{"damage":5,"enemies":"Small Slimes","floor":1,"turns":3},{"damage":1,"enemies":"Cultist","floor":4,"turns":3},{"damage":0,"enemies":"Gremlin Nob","floor":6,"turns":2},{"damage":24,"enemies":"3 Sentries","floor":8,"turns":10},{"damage":7,"enemies":"Jaw Worm","floor":10,"turns":3},{"damage":18,"enemies":"Lagavulin","floor":12,"turns":4},{"damage":14,"enemies":"Exordium Wildlife","floor":13,"turns":4},{"damage":0,"enemies":"2 Fungi Beasts","floor":14,"turns":1},{"damage":32,"enemies":"The Guardian","floor":16,"turns":9},{"damage":7,"enemies":"Chosen","floor":18,"turns":3},{"damage":2,"enemies":"Shell Parasite","floor":21,"turns":4},{"damage":0,"enemies":"Snake Plant","floor":22,"turns":2},{"damage":15,"enemies":"Sentry and Sphere","floor":24,"turns":4},{"damage":8,"enemies":"Slavers","floor":27,"turns":4},{"damage":0,"enemies":"Centurion and Healer","floor":28,"turns":7},{"damage":17,"enemies":"Gremlin Leader","floor":29,"turns":6},{"damage":6,"enemies":"3 Cultists","floor":31,"turns":4},{"damage":45,"enemies":"Champ","floor":33,"turns":12},{"damage":0,"enemies":"3 Shapes","floor":35,"turns":4},{"damage":22,"enemies":"Mind Bloom Boss Battle","floor":36,"turns":7},{"damage":0,"enemies":"Orb Walker","floor":38,"turns":3},{"damage":0,"enemies":"Transient","floor":41,"turns":5},{"damage":9,"enemies":"Writhing Mass","floor":42,"turns":4},{"damage":0,"enemies":"Maw","floor":46,"turns":6},{"damage":0,"enemies":"Reptomancer","floor":48,"turns":4},{"damage":27,"enemies":"Awakened One","floor":50,"turns":11}],"seed_played":"7118433726737600179","potions_obtained":[{"floor":3,"key":"Fruit Juice"},{"floor":3,"key":"Block Potion"},{"floor":6,"key":"SkillPotion"},{"floor":12,"key":"Explosive Potion"},{"floor":14,"key":"Fire Potion"},{"floor":22,"key":"EssenceOfSteel"},{"floor":28,"key":"Explosive Potion"},{"floor":29,"key":"EssenceOfSteel"},{"floor":31,"key":"Regen Potion"},{"floor":33,"key":"PowerPotion"}],"is_trial":false,"path_per_floor":["M","?","?","M","$","E","R","E","T","M","R","E","M","M","R","B",null,"M","$","?","M","M","R","M","R","T","E","M","E","?","M","R","B",null,"M","?","?","M","$","R","M","M","T","?","$","M","R","E","R","B",null],"character_chosen":"IRONCLAD","items_purchased":["HandOfGreed","Happy Flower","AttackPotion","Membership Card","True Grit+1","Feel No Pain","Warcry+1","Bronze Scales","Burning Pact+1","Warcry+1","Bag of Marbles","Self Forming Clay","Dexterity Potion","Toy Ornithopter","DollysMirror","Shuriken","Headbutt"],"campfire_rested":2,"item_purchase_floors":[5,5,5,19,19,19,19,19,39,39,39,39,39,39,45,45,45],"current_hp_per_floor":[51,36,36,46,46,52,52,34,34,33,33,21,13,19,43,17,64,63,63,63,67,73,73,67,67,67,69,82,71,71,71,71,47,82,91,79,79,89,89,89,95,92,92,82,82,92,109,109,109,97],"gold":87,"neow_bonus":"TWO_FIFTY_GOLD","is_prod":false,"is_daily":false,"chose_seed":false,"campfire_upgraded":7,"win_rate":0,"timestamp":1548405110,"path_taken":["M","?","?","?","$","E","R","E","T","M","R","E","M","M","R","BOSS","M","$","?","?","M","R","M","R","T","E","?","E","?","M","R","BOSS","M","?","?","M","$","R","?","M","T","?","$","M","R","E","R","BOSS"],"build_version":"2019-01-23","purchased_purges":3,"victory":true,"max_hp_per_floor":[75,75,75,80,80,80,80,80,80,80,80,80,80,80,80,80,80,80,80,80,80,80,80,83,83,83,87,94,94,94,94,94,94,94,97,101,101,105,105,105,105,105,105,105,105,109,109,109,109,113],"card_choices":[{"not_picked":["Armaments","True Grit"],"picked":"Cleave","floor":1},{"not_picked":["Power Through","Bloodletting","Warcry"],"picked":"SKIP","floor":4},{"not_picked":["Evolve","Dual Wield","Rupture"],"picked":"SKIP","floor":6},{"not_picked":["Body Slam","Berserk"],"picked":"Thunderclap","floor":8},{"not_picked":["Evolve","Perfected Strike","Dropkick"],"picked":"SKIP","floor":10},{"not_picked":["Clothesline","Fire Breathing"],"picked":"Spot Weakness+1","floor":12},{"not_picked":["Flex+1","Heavy Blade"],"picked":"Warcry+1","floor":13},{"not_picked":["Berserk","Reckless Charge","Headbutt"],"picked":"SKIP","floor":14},{"not_picked":["Berserk","Barricade"],"picked":"Feed","floor":16},{"not_picked":["Anger"],"picked":"SKIP","floor":18},{"not_picked":["Body Slam"],"picked":"SKIP","floor":21},{"not_picked":["Combust"],"picked":"SKIP","floor":22},{"not_picked":[],"picked":"Intimidate+1","floor":24},{"not_picked":[],"picked":"Feed","floor":27},{"not_picked":["Flex+1"],"picked":"SKIP","floor":28},{"not_picked":["Cleave"],"picked":"SKIP","floor":29},{"not_picked":["Cleave"],"picked":"SKIP","floor":29},{"not_picked":["Perfected Strike"],"picked":"SKIP","floor":31},{"not_picked":[],"picked":"Headbutt","floor":35},{"not_picked":[],"picked":"Metallicize","floor":36},{"not_picked":[],"picked":"Heavy Blade+1","floor":38},{"not_picked":["Body Slam"],"picked":"SKIP","floor":41},{"not_picked":["Combust"],"picked":"SKIP","floor":42},{"not_picked":[],"picked":"Flash of Steel","floor":44},{"not_picked":["Headbutt"],"picked":"SKIP","floor":46},{"not_picked":["Headbutt"],"picked":"SKIP","floor":46},{"not_picked":["Second Wind+1"],"picked":"SKIP","floor":48}],"player_experience":43369,"relics_obtained":[{"floor":6,"key":"Letter Opener"},{"floor":8,"key":"Paper Frog"},{"floor":9,"key":"Toxic Egg 2"},{"floor":12,"key":"Bag of Preparation"},{"floor":26,"key":"Anchor"},{"floor":27,"key":"Orichalcum"},{"floor":29,"key":"Centennial Puzzle"},{"floor":36,"key":"FossilizedHelix"},{"floor":43,"key":"Red Skull"},{"floor":48,"key":"Whetstone"}],"event_choices":[{"damage_healed":0,"gold_gain":0,"player_choice":"Entered Light","damage_taken":15,"max_hp_gain":0,"max_hp_loss":0,"event_name":"Shining Light","floor":2,"gold_loss":0,"cards_upgraded":["Strike_R","Defend_R"]},{"damage_healed":0,"gold_gain":0,"player_choice":"Got Potions","damage_taken":0,"max_hp_gain":0,"max_hp_loss":0,"event_name":"Lab","floor":3,"gold_loss":0},{"damage_healed":0,"gold_gain":0,"player_choice":"1 cards matched","damage_taken":0,"max_hp_gain":0,"max_hp_loss":0,"event_name":"Match and Keep!","floor":20,"gold_loss":0,"cards_obtained":["Dark Shackles"]},{"damage_healed":0,"gold_gain":0,"player_choice":"Read","damage_taken":0,"max_hp_gain":0,"max_hp_loss":0,"event_name":"The Library","floor":30,"gold_loss":0,"cards_obtained":["True Grit"]},{"damage_healed":0,"gold_gain":0,"player_choice":"Fight","damage_taken":0,"max_hp_gain":0,"max_hp_loss":0,"event_name":"MindBloom","floor":36,"gold_loss":0},{"damage_healed":0,"gold_gain":100,"player_choice":"Pray","damage_taken":0,"max_hp_gain":0,"max_hp_loss":0,"event_name":"Golden Shrine","floor":37,"gold_loss":0},{"damage_healed":0,"gold_gain":0,"player_choice":"Memory 3","damage_taken":10,"max_hp_gain":0,"max_hp_loss":0,"event_name":"SensoryStone","floor":44,"gold_loss":0}],"is_beta":false,"boss_relics":[{"not_picked":["Runic Dome","Runic Cube"],"picked":"Busted Crown"},{"not_picked":["Snecko Eye","Mark of Pain"],"picked":"Cursed Key"}],"items_purged_floors":[19,39,45],"is_endless":false,"potions_floor_spawned":[6,12,14,16,22,28,29,31,33,41,42],"ascension_level":14}