{"path_per_floor":["M","?","?","M","M","E","R","E","T","R","M","M","M","?","R"],"character_chosen":"DEFECT","items_purchased":[],"gold_per_floor":[116,191,366,386,401,435,435,464,464,464,479,494,504,504,504,504],"floor_reached":16,"campfire_rested":3,"playtime":362,"item_purchase_floors":[],"current_hp_per_floor":[75,64,64,64,64,29,51,8,8,30,30,18,3,3,25,0],"items_purged":[],"gold":504,"score":140,"play_id":"6c7cdaa4-7513-42c3-b82f-470d268fd86e","local_time":"20180530190804","is_prod":false,"is_daily":false,"chose_seed":false,"is_ascension_mode":true,"campfire_upgraded":0,"win_rate":0,"timestamp":1527664084,"campfire_choices":[{"floor":7,"key":"REST"},{"floor":10,"key":"REST"},{"floor":15,"key":"REST"}],"path_taken":["M","?","?","M","M","E","R","E","T","R","?","M","M","?","R","BOSS"],"build_version":"2018-05-28","seed_source_timestamp":159035950594051,"purchased_purges":0,"victory":false,"master_deck":["Strike_B","Strike_B","Strike_B","Strike_B","Defend_B","Defend_B","Defend_B","Defend_B","Zap","Dualcast","Tempest","Doubt","Streamline","Leap","Lockon","Sunder","Hologram","Steam Power","Cold Snap"],"max_hp_per_floor":[75,75,75,75,75,75,75,75,75,75,75,75,75,75,75,75],"relics":["Cracked Core","NeowsBlessing","Pantograph","Turnip","Sundial"],"card_choices":[{"not_picked":["Beam Cell","Compile Driver"],"picked":"Tempest","floor":1},{"not_picked":["Stack","Self Repair"],"picked":"Streamline","floor":4},{"not_picked":["Compile Driver","Turbo"],"picked":"Leap","floor":5},{"not_picked":["Go for the Eyes","Cold Snap"],"picked":"Lockon","floor":6},{"not_picked":["Skim","Glacier"],"picked":"Sunder","floor":8},{"not_picked":["Tempest","Storm"],"picked":"Hologram","floor":11},{"not_picked":["Chill","Barrage"],"picked":"Steam Power","floor":12},{"not_picked":["Recycle","Streamline"],"picked":"Cold Snap","floor":13}],"player_experience":304785,"potions_floor_usage":[6,8,8,13],"damage_taken":[{"damage":0,"enemies":"2 Louse","floor":1,"turns":1},{"damage":0,"enemies":"Small Slimes","floor":4,"turns":1},{"damage":0,"enemies":"Cultist","floor":5,"turns":1},{"damage":35,"enemies":"3 Sentries","floor":6,"turns":8},{"damage":43,"enemies":"Lagavulin","floor":8,"turns":7},{"damage":0,"enemies":"2 Fungi Beasts","floor":11,"turns":2},{"damage":12,"enemies":"Blue Slaver","floor":12,"turns":4},{"damage":15,"enemies":"Exordium Thugs","floor":13,"turns":3},{"damage":55,"enemies":"Hexaghost","floor":16,"turns":9}],"relics_obtained":[{"floor":6,"key":"Pantograph"},{"floor":8,"key":"Turnip"},{"floor":9,"key":"Sundial"}],"event_choices":[{"event_name":"World of Goop","player_choice":"Gather Gold","floor":2,"damage_taken":0},{"event_name":"Liars Game","player_choice":"agreed","floor":3,"damage_taken":0},{"event_name":"Shining Light","player_choice":"Ignored","floor":14,"damage_taken":0}],"boss_relics":[],"items_purged_floors":[],"potions_floor_spawned":[1,5,6,8],"seed_played":"-6540963197486121582","killed_by":"Hexaghost","ascension_level":5,"potions_obtained":[{"floor":1,"key":"LiquidBronze"},{"floor":5,"key":"SpeedPotion"},{"floor":6,"key":"Explosive Potion"},{"floor":8,"key":"Dexterity Potion"}],"is_trial":false}