{"gold_per_floor":[169,186,186,202,5,35,35,48,48,78,78,44,44,64,64,168,168,181,181,206,31,47,82,82,163,188,188,215,227,258,277,277,374,374,384,384,399,45,45,45,77,77,77,77,102,119,119,38,38,38],"floor_reached":51,"playtime":3451,"items_purged":["Strike_G+1"],"score":1024,"play_id":"652097f4-44c9-4935-83c1-9bf26e26f690","local_time":"20190127162540","is_ascension_mode":true,"campfire_choices":[{"data":"Skewer","floor":7,"key":"SMITH"},{"floor":13,"key":"REST"},{"data":"Bouncing Flask","floor":15,"key":"SMITH"},{"data":"Neutralize","floor":24,"key":"SMITH"},{"data":"After Image","floor":27,"key":"SMITH"},{"data":"Dagger Spray","floor":32,"key":"SMITH"},{"data":"Well Laid Plans","floor":40,"key":"SMITH"},{"floor":42,"key":"REST"},{"floor":44,"key":"REST"},{"data":"Noxious Fumes","floor":49,"key":"SMITH"}],"neow_cost":"NONE","seed_source_timestamp":14887279621050,"circlet_count":0,"master_deck":["Defend_G+1","Defend_G+1","Defend_G+1","Defend_G+1","Defend_G+1","Strike_G+1","Strike_G+1","Strike_G+1","Survivor+1","Neutralize+1","Bouncing Flask+1","Dash+1","Skewer+1","Catalyst+1","Leg Sweep+1","Dagger Spray+1","After Image+1","Dodge and Roll+1","Deadly Poison+1","Backflip+1","PiercingWail+1","Dash+1","Blur+1","Deflect+1","Burst+1","PiercingWail+1","Outmaneuver+1","Well Laid Plans+1","Backflip+1","Corpse Explosion+1","Noxious Fumes+1"],"relics":["Tiny House","Anchor","Pantograph","Toxic Egg 2","Matryoshka","Snecko Eye","Red Mask","Tiny Chest","War Paint","Gremlin Horn","Mummified Hand","Happy Flower","Whetstone","Centennial Puzzle","Regal Pillow","Runic Dome","TwistedFunnel","Ice Cream","Ornamental Fan","Strawberry"],"potions_floor_usage":[10,16,23,28,30,33,50,50],"damage_taken":[{"damage":12,"enemies":"Jaw Worm","floor":1,"turns":3},{"damage":0,"enemies":"Small Slimes","floor":2,"turns":4},{"damage":0,"enemies":"Cultist","floor":4,"turns":3},{"damage":26,"enemies":"3 Sentries","floor":6,"turns":9},{"damage":0,"enemies":"2 Fungi Beasts","floor":8,"turns":3},{"damage":12,"enemies":"Gremlin Nob","floor":10,"turns":3},{"damage":0,"enemies":"Large Slime","floor":14,"turns":4},{"damage":1,"enemies":"The Guardian","floor":16,"turns":11},{"damage":1,"enemies":"2 Thieves","floor":18,"turns":4},{"damage":11,"enemies":"Masked Bandits","floor":20,"turns":6},{"damage":12,"enemies":"3 Byrds","floor":22,"turns":7},{"damage":21,"enemies":"Slavers","floor":23,"turns":7},{"damage":0,"enemies":"Gremlin Leader","floor":28,"turns":7},{"damage":0,"enemies":"Snake Plant","floor":29,"turns":4},{"damage":0,"enemies":"Book of Stabbing","floor":30,"turns":5},{"damage":0,"enemies":"Centurion and Healer","floor":31,"turns":6},{"damage":5,"enemies":"Collector","floor":33,"turns":8},{"damage":0,"enemies":"3 Darklings","floor":35,"turns":6},{"damage":0,"enemies":"3 Shapes","floor":37,"turns":5},{"damage":0,"enemies":"Nemesis","floor":41,"turns":5},{"damage":4,"enemies":"Giant Head","floor":45,"turns":8},{"damage":0,"enemies":"Jaw Worm Horde","floor":46,"turns":3},{"damage":0,"enemies":"Donu and Deca","floor":50,"turns":5}],"seed_played":"-4630074007745577856","potions_obtained":[{"floor":0,"key":"PowerPotion"},{"floor":6,"key":"Weak Potion"},{"floor":10,"key":"SpeedPotion"},{"floor":16,"key":"Strength Potion"},{"floor":28,"key":"Regen Potion"},{"floor":29,"key":"EssenceOfSteel"},{"floor":31,"key":"Strength Potion"},{"floor":33,"key":"Dexterity Potion"},{"floor":45,"key":"Poison Potion"}],"is_trial":false,"path_per_floor":["M","M","?","M","$","E","R","M","T","E","?","$","R","M","R","B",null,"M","?","?","$","M","E","R","T","T","R","E","M","E","M","R","B",null,"M","?","M","$","?","R","E","R","T","R","E","M","?","$","R","B",null],"character_chosen":"THE_SILENT","items_purchased":["Anchor","SteroidPotion","Leg Sweep+1","Tiny Chest","Backflip+1","TwistedFunnel","Well Laid Plans","Noxious Fumes"],"campfire_rested":3,"item_purchase_floors":[5,5,12,21,21,38,38,48],"current_hp_per_floor":[63,63,48,48,48,22,22,22,22,10,3,3,25,25,25,49,75,74,74,63,63,51,30,30,30,30,30,30,30,45,45,45,65,75,75,75,75,75,75,75,75,75,75,75,78,78,78,78,78,78],"gold":38,"neow_bonus":"BOSS_RELIC","is_prod":false,"is_daily":false,"chose_seed":false,"campfire_upgraded":7,"win_rate":0,"timestamp":1548559540,"path_taken":["M","M","?","M","$","E","R","M","T","E","?","$","R","M","R","BOSS","M","?","?","$","?","E","R","?","T","R","E","M","E","M","R","BOSS","M","?","?","$","?","R","E","R","T","R","E","M","?","$","R","BOSS"],"build_version":"2019-01-23","purchased_purges":1,"victory":true,"max_hp_per_floor":[75,75,75,75,75,75,75,75,75,75,75,75,75,75,75,75,75,75,75,75,75,75,75,75,75,75,75,75,75,75,75,75,75,75,75,75,75,75,75,75,75,75,75,75,82,82,78,78,78,78],"card_choices":[{"not_picked":["Quick Slash","Dagger Throw"],"picked":"Bouncing Flask","floor":0},{"not_picked":["Flying Knee","Choke"],"picked":"Dash","floor":1},{"not_picked":["Caltrops","PiercingWail"],"picked":"Skewer","floor":2},{"not_picked":["Flying Knee","Accuracy"],"picked":"Catalyst","floor":4},{"not_picked":["Slice","Finisher","Outmaneuver"],"picked":"SKIP","floor":6},{"not_picked":["Sucker Punch","Dagger Throw","Bane"],"picked":"SKIP","floor":8},{"not_picked":["Blade Dance+1","Slice","Predator"],"picked":"SKIP","floor":10},{"not_picked":["Finisher","Underhanded Strike"],"picked":"Dagger Spray","floor":14},{"not_picked":["Die Die Die","Envenom"],"picked":"After Image","floor":16},{"not_picked":["Prepared+1","Deadly Poison+1"],"picked":"Dodge and Roll+1","floor":18},{"not_picked":["Choke","Blade Dance+1"],"picked":"Deadly Poison+1","floor":20},{"not_picked":["Dodge and Roll+1","Masterful Stab"],"picked":"PiercingWail+1","floor":22},{"not_picked":["Acrobatics+1","Poisoned Stab"],"picked":"Dash","floor":23},{"not_picked":["Phantasmal Killer+1","Bane","Endless Agony"],"picked":"SKIP","floor":28},{"not_picked":["Blade Dance+1","Dagger Throw+1","Deadly Poison+1"],"picked":"SKIP","floor":29},{"not_picked":["Flying Knee+1","Bouncing Flask+1"],"picked":"Blur+1","floor":30},{"not_picked":["Sucker Punch","Prepared+1"],"picked":"Deflect+1","floor":31},{"not_picked":["Unload","After Image"],"picked":"Burst+1","floor":33},{"not_picked":["Underhanded Strike","Dagger Throw+1"],"picked":"PiercingWail+1","floor":35},{"not_picked":["Acrobatics+1","Deadly Poison+1"],"picked":"Outmaneuver+1","floor":37},{"not_picked":["PiercingWail+1","Deadly Poison+1"],"picked":"Backflip+1","floor":41},{"not_picked":["All Out Attack+1","Skewer+1"],"picked":"Corpse Explosion+1","floor":45},{"not_picked":["Quick Slash+1","Flechettes+1","PiercingWail+1"],"picked":"SKIP","floor":46}],"player_experience":106818,"relics_obtained":[{"floor":6,"key":"Pantograph"},{"floor":9,"key":"Toxic Egg 2"},{"floor":10,"key":"Matryoshka"},{"floor":20,"key":"Red Mask"},{"floor":23,"key":"War Paint"},{"floor":25,"key":"Gremlin Horn"},{"floor":25,"key":"Mummified Hand"},{"floor":26,"key":"Happy Flower"},{"floor":26,"key":"Whetstone"},{"floor":28,"key":"Centennial Puzzle"},{"floor":30,"key":"Regal Pillow"},{"floor":41,"key":"Ice Cream"},{"floor":43,"key":"Ornamental Fan"},{"floor":45,"key":"Strawberry"}],"event_choices":[{"damage_healed":0,"gold_gain":0,"player_choice":"Entered Light","damage_taken":15,"max_hp_gain":0,"max_hp_loss":0,"event_name":"Shining Light","floor":3,"gold_loss":0,"cards_upgraded":["Strike_G","Defend_G"]},{"damage_healed":0,"gold_gain":0,"player_choice":"Fled","damage_taken":7,"max_hp_gain":0,"max_hp_loss":0,"event_name":"Scrap Ooze","floor":11,"gold_loss":0},{"damage_healed":0,"gold_gain":0,"player_choice":"Simplicity","damage_taken":0,"max_hp_gain":0,"max_hp_loss":0,"event_name":"Back to Basics","floor":19,"gold_loss":0,"cards_upgraded":["Defend_G","Defend_G","Defend_G","Defend_G","Strike_G","Strike_G","Strike_G"]},{"damage_healed":0,"gold_gain":0,"player_choice":"Fought Bandits","damage_taken":0,"max_hp_gain":0,"max_hp_loss":0,"event_name":"Masked Bandits","floor":20,"gold_loss":0},{"damage_healed":0,"gold_gain":0,"player_choice":"Got Potions","damage_taken":0,"max_hp_gain":0,"max_hp_loss":0,"event_name":"Lab","floor":36,"gold_loss":0},{"cards_removed":["Strike_G"],"damage_healed":0,"gold_gain":0,"player_choice":"Removed Attack","damage_taken":0,"max_hp_gain":0,"max_hp_loss":0,"event_name":"Falling","floor":39,"gold_loss":0},{"damage_healed":0,"gold_gain":0,"player_choice":"Max HP","damage_taken":0,"max_hp_gain":0,"max_hp_loss":4,"event_name":"Winding Halls","floor":47,"gold_loss":0}],"is_beta":false,"boss_relics":[{"not_picked":["Orrery","WristBlade"],"picked":"Snecko Eye"},{"not_picked":["Eternal Feather","Velvet Choker"],"picked":"Runic Dome"}],"items_purged_floors":[38],"is_endless":false,"potions_floor_spawned":[6,10,16,28,29,31,33,41,45],"ascension_level":3}