{"gold_per_floor":[119,6,6,21,21,21,21,47,47,47,58,77,77,90,90,195,195,212,231,241,253,353,353,369,369,369,389,389,408,424,339,339,442,442,460,72,72,90,90,90,107,107,107,107,119,119],"floor_reached":46,"playtime":4518,"items_purged":["Strike_G","Strike_G"],"score":449,"play_id":"04d7da3e-61eb-4e17-b1c6-f8b3d5c989ca","local_time":"20181104015059","is_ascension_mode":false,"campfire_choices":[{"data":"Dodge and Roll","floor":6.0,"key":"SMITH"},{"data":"Prepared","floor":10.0,"key":"SMITH"},{"data":"Noxious Fumes","floor":13.0,"key":"SMITH"},{"data":"Neutralize","floor":15.0,"key":"SMITH"},{"data":"Footwork","floor":23.0,"key":"SMITH"},{"data":"Defend_G","floor":25.0,"key":"SMITH"},{"data":"Terror","floor":28.0,"key":"SMITH"},{"data":"Well Laid Plans","floor":32.0,"key":"SMITH"},{"data":"Burst","floor":40,"key":"SMITH"},{"floor":42,"key":"REST"},{"floor":44,"key":"REST"}],"neow_cost":"NONE","seed_source_timestamp":0,"circlet_count":0,"master_deck":["Defend_G+1","Defend_G+1","Defend_G","Defend_G+1","Strike_G","Survivor","Neutralize+1","Poisoned Stab","Footwork+1","Dodge and Roll+1","Prepared+1","Noxious Fumes+1","Flying Knee","Backflip","Unload","Deadly Poison","Poisoned Stab+1","Terror+1","Blur","Well Laid Plans+1","Predator","Burst+1","Noxious Fumes+1","Predator"],"special_seed":0,"relics":["Ring of the Snake","NeowsBlessing","Bottled Lightning","Bottled Flame","Empty Cage","Question Card","Blood Vial","HoveringKite","Ancient Tea Set","Happy Flower"],"potions_floor_usage":[46],"damage_taken":[{"damage":0.0,"enemies":"Small Slimes","floor":1.0,"turns":1.0},{"damage":0.0,"enemies":"Cultist","floor":4.0,"turns":1.0},{"damage":0.0,"enemies":"Gremlin Nob","floor":8.0,"turns":1.0},{"damage":0.0,"enemies":"2 Louse","floor":11.0,"turns":4.0},{"damage":2.0,"enemies":"Gremlin Gang","floor":12.0,"turns":4.0},{"damage":0.0,"enemies":"Large Slime","floor":14.0,"turns":5.0},{"damage":2.0,"enemies":"The Guardian","floor":16.0,"turns":11.0},{"damage":2.0,"enemies":"Shell Parasite","floor":18.0,"turns":7.0},{"damage":3.0,"enemies":"3 Byrds","floor":19.0,"turns":5.0},{"damage":4.0,"enemies":"Centurion and Healer","floor":20.0,"turns":8.0},{"damage":9.0,"enemies":"3 Cultists","floor":21.0,"turns":6.0},{"damage":4.0,"enemies":"Chosen and Byrds","floor":24.0,"turns":7.0},{"damage":1.0,"enemies":"Snake Plant","floor":27.0,"turns":4.0},{"damage":15.0,"enemies":"3 Cultists","floor":29.0,"turns":6.0},{"damage":0.0,"enemies":"Sentry and Sphere","floor":30.0,"turns":8.0},{"damage":28.0,"enemies":"Automaton","floor":33.0,"turns":14.0},{"damage":5,"enemies":"Orb Walker","floor":35,"turns":5},{"damage":28,"enemies":"3 Darklings","floor":38,"turns":7},{"damage":44,"enemies":"Sphere and 2 Shapes","floor":41,"turns":6},{"damage":41,"enemies":"Transient","floor":45,"turns":5},{"damage":22,"enemies":"Spire Growth","floor":46,"turns":5}],"seed_played":"-8130967061979714339","potions_obtained":[{"floor":1.0,"key":"Weak Potion"},{"floor":3.0,"key":"FairyPotion"},{"floor":3.0,"key":"Fruit Juice"},{"floor":3.0,"key":"EntropicBrew"},{"floor":14.0,"key":"PowerPotion"},{"floor":16.0,"key":"AttackPotion"},{"floor":19.0,"key":"Swift Potion"},{"floor":21.0,"key":"Explosive Potion"},{"floor":30.0,"key":"GhostInAJar"},{"floor":33.0,"key":"FearPotion"},{"floor":35,"key":"Ancient Potion"}],"is_trial":false,"path_per_floor":["M","$","?","M","?","R","?","E","T","R","M","M","R","M","R","B",null,"M","M","M","M","?","R","M","R","T","M","R","M","M","?","R","B",null,"M","$","?","M","?","R","M","R","T","R","M","M"],"character_chosen":"THE_SILENT","items_purchased":["Footwork","Burst","Ancient Tea Set"],"campfire_rested":2,"item_purchase_floors":[2,36,36],"current_hp_per_floor":[70,70,75,75,60,60,65,65,65,65,65,63,63,63,63,61,80,78,75,71,62,62,62,58,58,58,57,57,42,42,42,42,16,80,75,75,75,49,49,49,7,31,31,55,16,0],"gold":119,"neow_bonus":"THREE_ENEMY_KILL","is_prod":false,"is_daily":false,"chose_seed":false,"campfire_upgraded":9,"win_rate":0.0,"timestamp":1541310659,"path_taken":["M","$","?","?","?","R","?","E","T","R","M","M","R","M","R","BOSS","M","M","M","M","?","R","?","R","T","M","R","M","M","?","R","BOSS","M","$","?","M","?","R","?","R","T","R","M","M"],"build_version":"2018-11-02","purchased_purges":2,"victory":false,"max_hp_per_floor":[70,70,75,75,75,75,80,80,80,80,80,80,80,80,80,80,80,80,80,80,80,80,80,80,80,80,80,80,80,80,80,80,80,80,80,80,80,80,80,80,80,80,80,80,80,80],"card_choices":[{"not_picked":["Outmaneuver","Calculated Gamble"],"picked":"Poisoned Stab","floor":1.0},{"not_picked":["Finisher","Tactician"],"picked":"Dodge and Roll","floor":4.0},{"not_picked":["Underhanded Strike","Footwork"],"picked":"Prepared","floor":8.0},{"not_picked":["Quick Slash","Outmaneuver"],"picked":"Noxious Fumes","floor":11.0},{"not_picked":["Acrobatics","Quick Slash"],"picked":"Flying Knee","floor":12.0},{"not_picked":["Slice","Flechettes"],"picked":"Backflip","floor":14.0},{"not_picked":["Bullet Time","Malaise"],"picked":"Unload","floor":16.0},{"not_picked":["Dagger Throw","Endless Agony","Prepared"],"picked":"SKIP","floor":18.0},{"not_picked":["Footwork","Slice","Dodge and Roll"],"picked":"SKIP","floor":19.0},{"not_picked":["Deflect","Backstab"],"picked":"Deadly Poison","floor":20.0},{"not_picked":["Flechettes+1","Poisoned Stab+1","Dodge and Roll"],"picked":"SKIP","floor":21.0},{"not_picked":["Flechettes+1","Dodge and Roll"],"picked":"Poisoned Stab+1","floor":21.0},{"not_picked":["Flechettes+1","Sucker Punch","Dagger Spray"],"picked":"SKIP","floor":24.0},{"not_picked":["Flechettes+1","Sucker Punch","Dagger Spray"],"picked":"SKIP","floor":24.0},{"not_picked":["Deadly Poison","Prepared","Flying Knee"],"picked":"Terror","floor":27.0},{"not_picked":["Flechettes","Acrobatics","Underhanded Strike+1"],"picked":"Blur","floor":29.0},{"not_picked":["Quick Slash+1","Flying Knee+1","Reflex"],"picked":"Well Laid Plans","floor":30.0},{"not_picked":["Flying Knee+1","Prepared+1","Backflip"],"picked":"Predator","floor":35},{"not_picked":["Dagger Spray","Poisoned Stab","Backflip","Well Laid Plans+1"],"picked":"SKIP","floor":38},{"not_picked":["Dagger Throw+1","Acrobatics","PiercingWail"],"picked":"Noxious Fumes+1","floor":41},{"not_picked":["Dagger Spray+1","Wraith Form v2","Poisoned Stab+1"],"picked":"Predator","floor":45}],"player_experience":7168,"relics_obtained":[{"floor":8.0,"key":"Bottled Lightning"},{"floor":9.0,"key":"Bottled Flame"},{"floor":26.0,"key":"Question Card"},{"floor":43,"key":"Happy Flower"}],"event_choices":[{"damage_healed":0.0,"max_hp_gain":0.0,"max_hp_loss":0.0,"gold_gain":0.0,"event_name":"Lab","player_choice":"Got Potions","floor":3.0,"gold_loss":0.0,"damage_taken":0.0},{"damage_healed":0.0,"max_hp_gain":0.0,"max_hp_loss":0.0,"gold_gain":0.0,"event_name":"Shining Light","player_choice":"Entered Light","floor":5.0,"gold_loss":0.0,"damage_taken":15.0,"cards_upgraded":["Defend_G","Defend_G"]},{"damage_healed":0.0,"max_hp_gain":5.0,"max_hp_loss":0.0,"gold_gain":0.0,"event_name":"Big Fish","player_choice":"Donut","floor":7.0,"gold_loss":0.0,"damage_taken":0.0},{"damage_healed":0.0,"max_hp_gain":0.0,"max_hp_loss":0.0,"gold_gain":100.0,"event_name":"Golden Shrine","player_choice":"Pray","floor":22.0,"gold_loss":0.0,"damage_taken":0.0},{"damage_healed":0.0,"max_hp_gain":0.0,"max_hp_loss":0.0,"gold_gain":0.0,"event_name":"Addict","player_choice":"Obtained Relic","floor":31.0,"gold_loss":85.0,"damage_taken":0.0,"relics_obtained":["Blood Vial"]},{"cards_removed":["Strike_G"],"damage_healed":0,"gold_gain":0,"player_choice":"Removed Attack","damage_taken":0,"max_hp_gain":0,"max_hp_loss":0,"event_name":"Falling","floor":37,"gold_loss":0},{"damage_healed":0,"gold_gain":0,"player_choice":"Bought 0 Potions","damage_taken":0,"max_hp_gain":0,"max_hp_loss":0,"event_name":"The Woman in Blue","floor":39,"gold_loss":0}],"is_beta":true,"boss_relics":[{"not_picked":["Velvet Choker","Cursed Key"],"picked":"Empty Cage"},{"not_picked":["Black Star","WristBlade"],"picked":"HoveringKite"}],"items_purged_floors":[2,36],"is_endless":false,"potions_floor_spawned":[1,14,16,19,21,30,33,35],"killed_by":"Spire Growth","ascension_level":0}