{"gold_per_floor":[110,110,130,130,146,146,185,185,210,226,269,292,327,351,351,481,481,495,520,520,545,545,581,581,581,656,656,674,589,629,629,629,748,748,766,789,759,759,1758,1758,1758],"floor_reached":41,"playtime":4329,"items_purged":[],"score":604,"play_id":"62cfe934-41bd-4740-8b8c-952475e14d1c","local_time":"20190226003610","is_ascension_mode":false,"campfire_choices":[{"data":"Juggernaut","floor":6.0,"key":"SMITH"},{"floor":8.0,"key":"REST"},{"floor":15.0,"key":"REST"},{"floor":24.0,"key":"REST"},{"floor":27.0,"key":"REST"},{"floor":32.0,"key":"REST"},{"floor":40,"key":"REST"}],"neow_cost":"NONE","seed_source_timestamp":0,"circlet_count":0,"master_deck":["Strike_R","Strike_R","Strike_R","Strike_R","Defend_R","Defend_R","Defend_R","Juggernaut+1","Inflame","Injury","Inflame","Pain","Searing Blow","Dropkick","Thunderclap","Rampage","Twin Strike","Heavy Blade+1","Sword Boomerang+1","Reaper+1","Thunderclap+1","RitualDagger+1","Warcry+1","Evolve","Feed+1","Rage+1","Blood for Blood+1","Offering","Flame Barrier+1","Clash+1","Evolve+1","Headbutt+1","Heavy Blade+1","Parasite","Normality","Normality"],"special_seed":0,"relics":["Burning Blood","Golden Idol","WarpedTongs","Art of War","Oddly Smooth Stone","Juzu Bracelet","Molten Egg 2","White Beast Statue","Happy Flower","Vajra","Tiny Chest","WingedGreaves","Red Mask","Nilry\u0027s Codex","Astrolabe"],"potions_floor_usage":[38,38,38],"damage_taken":[{"damage":1.0,"enemies":"Cultist","floor":1.0,"turns":4.0},{"damage":9.0,"enemies":"2 Louse","floor":3.0,"turns":3.0},{"damage":8.0,"enemies":"Small Slimes","floor":5.0,"turns":4.0},{"damage":30.0,"enemies":"Gremlin Nob","floor":7.0,"turns":4.0},{"damage":23.0,"enemies":"Looter","floor":10.0,"turns":3.0},{"damage":31.0,"enemies":"3 Sentries","floor":11.0,"turns":8.0},{"damage":14.0,"enemies":"Exordium Thugs","floor":12.0,"turns":3.0},{"damage":22.0,"enemies":"Gremlin Nob","floor":13.0,"turns":4.0},{"damage":4.0,"enemies":"Large Slime","floor":14.0,"turns":4.0},{"damage":39.0,"enemies":"Hexaghost","floor":16.0,"turns":8.0},{"damage":16.0,"enemies":"Shell Parasite","floor":18.0,"turns":4.0},{"damage":14.0,"enemies":"3 Byrds","floor":21.0,"turns":5.0},{"damage":53.0,"enemies":"Book of Stabbing","floor":23.0,"turns":6.0},{"damage":15.0,"enemies":"Shelled Parasite and Fungi","floor":28.0,"turns":3.0},{"damage":17.0,"enemies":"Masked Bandits","floor":30.0,"turns":4.0},{"damage":89.0,"enemies":"Collector","floor":33.0,"turns":7.0},{"damage":60.0,"enemies":"3 Darklings","floor":35.0,"turns":8.0},{"damage":17.0,"enemies":"Orb Walker","floor":36.0,"turns":4.0},{"damage":37,"enemies":"Writhing Mass","floor":38,"turns":6},{"damage":51,"enemies":"Sphere and 2 Shapes","floor":41,"turns":9}],"seed_played":"5367856374536005680","potions_obtained":[{"floor":1.0,"key":"BloodPotion"},{"floor":3.0,"key":"Weak Potion"},{"floor":7.0,"key":"GamblersBrew"},{"floor":10.0,"key":"Strength Potion"},{"floor":18.0,"key":"Weak Potion"},{"floor":21.0,"key":"SkillPotion"},{"floor":23.0,"key":"Strength Potion"},{"floor":28.0,"key":"PowerPotion"},{"floor":30.0,"key":"Energy Potion"},{"floor":33.0,"key":"SkillPotion"},{"floor":35.0,"key":"SkillPotion"},{"floor":36.0,"key":"Ancient Potion"},{"floor":37.0,"key":"SmokeBomb"},{"floor":37.0,"key":"Dexterity Potion"}],"is_trial":false,"path_per_floor":["?","?","M","T","?","?","?","?","?","?","?","?"],"character_chosen":"IRONCLAD","items_purchased":[],"campfire_rested":6,"item_purchase_floors":[],"current_hp_per_floor":[80,80,77,77,75,75,51,75,75,58,41,33,17,19,43,10,80,70,70,64,65,65,25,49,49,49,73,64,64,61,45,69,12,80,46,35,35,7,7,31,0],"gold":1758,"neow_bonus":"ONE_RANDOM_RARE_CARD","is_prod":false,"is_daily":false,"chose_seed":false,"campfire_upgraded":1,"win_rate":0.0,"timestamp":1551116170,"path_taken":["M","?","M","?","M","R","E","R","T","?","E","M","E","M","R","BOSS","M","?","?","M","?","E","R","?","T","R","M","?","?","?","R","BOSS","M","M","?","M","?","R","M"],"build_version":"2019-01-23","purchased_purges":0,"victory":false,"max_hp_per_floor":[80,80,80,80,80,80,80,80,80,80,80,80,80,80,80,80,80,80,80,80,80,80,80,80,80,80,80,80,80,80,80,80,80,80,80,80,80,80,80,80,80],"card_choices":[{"not_picked":["Feel No Pain","Wild Strike"],"picked":"Inflame","floor":1.0},{"not_picked":["Rampage","Carnage"],"picked":"Inflame","floor":3.0},{"not_picked":["Heavy Blade","Sword Boomerang"],"picked":"Searing Blow","floor":5.0},{"not_picked":["Second Wind","Headbutt"],"picked":"Dropkick","floor":7.0},{"not_picked":["Cleave","Headbutt"],"picked":"Thunderclap","floor":10.0},{"not_picked":["Warcry","Pommel Strike"],"picked":"Rampage","floor":11.0},{"not_picked":["Searing Blow","Iron Wave"],"picked":"Twin Strike","floor":12.0},{"not_picked":["Infernal Blade","Body Slam"],"picked":"Heavy Blade","floor":13.0},{"not_picked":["Uppercut+1","Impervious"],"picked":"Sword Boomerang+1","floor":14.0},{"not_picked":["Double Tap","Impervious"],"picked":"Reaper+1","floor":16.0},{"not_picked":["Flame Barrier+1","True Grit+1"],"picked":"Thunderclap+1","floor":18.0},{"not_picked":["Sever Soul+1","Flame Barrier"],"picked":"Warcry+1","floor":21.0},{"not_picked":["Burning Pact","Clash+1"],"picked":"Evolve","floor":23.0},{"not_picked":["Clothesline+1","True Grit"],"picked":"Rage+1","floor":28.0},{"not_picked":["Cleave+1","Reckless Charge+1"],"picked":"Blood for Blood+1","floor":30.0},{"not_picked":["Impervious","Juggernaut"],"picked":"Offering","floor":33.0},{"not_picked":["Shrug It Off","Flex"],"picked":"Headbutt+1","floor":35.0},{"not_picked":["Pommel Strike+1","Corruption"],"picked":"Heavy Blade+1","floor":36.0}],"player_experience":205718,"relics_obtained":[{"floor":7.0,"key":"Art of War"},{"floor":9.0,"key":"Oddly Smooth Stone"},{"floor":11.0,"key":"Juzu Bracelet"},{"floor":13.0,"key":"Molten Egg 2"},{"floor":19.0,"key":"Happy Flower"},{"floor":23.0,"key":"Vajra"},{"floor":26.0,"key":"Tiny Chest"},{"floor":30.0,"key":"Red Mask"},{"floor":31.0,"key":"Nilry\u0027s Codex"}],"event_choices":[{"damage_healed":0.0,"max_hp_gain":0.0,"max_hp_loss":0.0,"gold_gain":0.0,"event_name":"Golden Idol","player_choice":"Take Wound","floor":2.0,"gold_loss":0.0,"damage_taken":0.0,"relics_obtained":["Golden Idol"],"cards_obtained":["Injury"]},{"damage_healed":0.0,"max_hp_gain":0.0,"max_hp_loss":0.0,"gold_gain":0.0,"event_name":"Accursed Blacksmith","player_choice":"Rummage","floor":4.0,"gold_loss":0.0,"damage_taken":0.0,"relics_obtained":["WarpedTongs"],"cards_obtained":["Pain"]},{"damage_healed":0.0,"max_hp_gain":0.0,"max_hp_loss":0.0,"gold_gain":0.0,"event_name":"Nest","player_choice":"Joined the Cult","floor":20.0,"gold_loss":0.0,"damage_taken":6.0,"cards_obtained":["RitualDagger"]},{"damage_healed":0.0,"max_hp_gain":0.0,"max_hp_loss":0.0,"gold_gain":0.0,"event_name":"Vampires","player_choice":"Ignored","floor":22.0,"gold_loss":0.0,"damage_taken":0.0},{"damage_healed":0.0,"max_hp_gain":0.0,"max_hp_loss":0.0,"gold_gain":0.0,"event_name":"The Library","player_choice":"Read","floor":25.0,"gold_loss":0.0,"damage_taken":0.0,"cards_obtained":["Feed"]},{"damage_healed":0.0,"max_hp_gain":0.0,"max_hp_loss":0.0,"gold_gain":0.0,"event_name":"Addict","player_choice":"Obtained Relic","floor":29.0,"gold_loss":85.0,"damage_taken":0.0,"relics_obtained":["WingedGreaves"]},{"damage_healed":0.0,"max_hp_gain":0.0,"max_hp_loss":0.0,"gold_gain":0.0,"event_name":"Masked Bandits","player_choice":"Fought Bandits","floor":30.0,"gold_loss":0.0,"damage_taken":0.0},{"damage_healed":0.0,"max_hp_gain":0.0,"max_hp_loss":0.0,"gold_gain":0.0,"event_name":"Cursed Tome","player_choice":"Obtained Book","floor":31.0,"gold_loss":0.0,"damage_taken":16.0},{"damage_healed":0.0,"max_hp_gain":0.0,"max_hp_loss":0.0,"gold_gain":0.0,"event_name":"The Woman in Blue","player_choice":"Bought 2 Potions","floor":37.0,"gold_loss":0.0,"damage_taken":0.0},{"damage_healed":0,"gold_gain":999,"player_choice":"Gold","damage_taken":0,"max_hp_gain":0,"max_hp_loss":0,"event_name":"MindBloom","floor":39,"gold_loss":0,"cards_obtained":["Normality","Normality"]}],"is_beta":false,"boss_relics":[{"not_picked":["Coffee Dripper","Runic Pyramid"],"picked":"White Beast Statue"},{"not_picked":["Busted Crown","Mark of Pain"],"picked":"Astrolabe"}],"items_purged_floors":[],"is_endless":false,"potions_floor_spawned":[1,3,7,10,18,21,23,28,30,33,35,36,38],"killed_by":"Sphere and 2 Shapes","ascension_level":0}