{"gold_per_floor":[119,119,44,64,75,103,103,103,127,127,177,13,134,198,198,326,326,341,391,414,438,462,462,95,113,166,26,76,110,131,197,197,197],"floor_reached":33,"playtime":3124,"items_purged":["Strike_G","Strike_G"],"score":280,"play_id":"08dc743e-4a5a-49bc-a59b-d821400862f1","local_time":"20180923002815","is_ascension_mode":true,"campfire_choices":[{"data":"Reflex","floor":7.0,"key":"SMITH"},{"data":"Die Die Die","floor":10.0,"key":"SMITH"},{"data":"Dagger Spray","floor":15.0,"key":"SMITH"},{"floor":23.0,"key":"REST"},{"data":"Panacea","floor":32,"key":"SMITH"}],"neow_cost":"CURSE","seed_source_timestamp":0,"circlet_count":0,"master_deck":["Defend_G","Defend_G","Defend_G","Defend_G","Strike_G","Strike_G","Survivor","Neutralize","Die Die Die+1","Slice","Dagger Spray+1","Leg Sweep","Dagger Throw","Reflex+1","Panacea+1","Venomology","Acrobatics","Dodge and Roll+1","Dagger Throw","Finisher","Blur","Leg Sweep","Outmaneuver","Bandage Up","Endless Agony"],"special_seed":0,"relics":["Ring of the Snake","Vajra","SsserpentHead","Dream Catcher","Golden Idol","White Beast Statue","Enchiridion","DollysMirror","Lantern","Bag of Marbles"],"potions_floor_usage":[31,33,33,33],"damage_taken":[{"damage":0.0,"enemies":"2 Louse","floor":1.0,"turns":2.0},{"damage":0.0,"enemies":"Small Slimes","floor":4.0,"turns":2.0},{"damage":0.0,"enemies":"Cultist","floor":5.0,"turns":3.0},{"damage":31.0,"enemies":"Gremlin Nob","floor":6.0,"turns":6.0},{"damage":11.0,"enemies":"Red Slaver","floor":14.0,"turns":6.0},{"damage":22.0,"enemies":"Hexaghost","floor":16.0,"turns":9.0},{"damage":16.0,"enemies":"Spheric Guardian","floor":18.0,"turns":4.0},{"damage":2.0,"enemies":"3 Byrds","floor":20.0,"turns":4.0},{"damage":0.0,"enemies":"Snecko","floor":21.0,"turns":6.0},{"damage":9.0,"enemies":"Cultist and Chosen","floor":22.0,"turns":6.0},{"damage":10.0,"enemies":"3 Cultists","floor":25.0,"turns":3.0},{"damage":4.0,"enemies":"Gremlin Leader","floor":29.0,"turns":9.0},{"damage":1.0,"enemies":"Snake Plant","floor":30.0,"turns":8.0},{"damage":5,"enemies":"Centurion and Healer","floor":31,"turns":5},{"damage":70,"enemies":"Champ","floor":33,"turns":18}],"seed_played":"5235308638524686539","potions_obtained":[{"floor":5.0,"key":"Weak Potion"},{"floor":6.0,"key":"SteroidPotion"},{"floor":18.0,"key":"Dexterity Potion"},{"floor":20.0,"key":"SpeedPotion"},{"floor":21.0,"key":"GamblersBrew"},{"floor":22.0,"key":"GamblersBrew"},{"floor":25.0,"key":"PowerPotion"},{"floor":29.0,"key":"SkillPotion"},{"floor":30,"key":"Weak Potion"},{"floor":31,"key":"FearPotion"}],"is_trial":false,"path_per_floor":["M","?","$","M","M","E","R","?","T","R","?","$","?","M","R","B",null,"M","?","M","M","M","R","$","M","T","$","?","E","M","M","R"],"character_chosen":"THE_SILENT","items_purchased":["Panacea","Regen Potion","Blur","DollysMirror","Outmaneuver","Bandage Up"],"campfire_rested":1,"item_purchase_floors":[12,12,24,24,27,27],"current_hp_per_floor":[70,67,67,67,67,36,36,36,36,36,36,36,36,40,40,18,62,46,30,28,28,19,37,37,27,27,27,27,27,30,29,29,0],"gold":197,"neow_bonus":"TRANSFORM_TWO_CARDS","is_prod":false,"is_daily":false,"chose_seed":false,"campfire_upgraded":4,"win_rate":0,"timestamp":1537676895,"path_taken":["M","?","$","M","?","E","R","?","T","R","?","$","?","?","R","BOSS","M","?","M","M","M","R","$","M","T","$","?","E","M","?","R","BOSS"],"build_version":"2018-09-20","purchased_purges":2,"victory":false,"max_hp_per_floor":[70,67,67,67,67,67,67,67,67,67,62,62,62,62,62,62,62,62,62,62,62,62,62,62,62,62,62,62,62,62,62,62,62],"card_choices":[{"not_picked":["Outmaneuver","Choke"],"picked":"Dagger Spray","floor":1.0},{"not_picked":["Terror","Crippling Poison"],"picked":"Leg Sweep","floor":4.0},{"not_picked":["Finisher","Skewer"],"picked":"Dagger Throw","floor":5.0},{"not_picked":["Burst","Bouncing Flask","Reflex"],"picked":"SKIP","floor":6.0},{"not_picked":["Burst","Bouncing Flask"],"picked":"Reflex","floor":6.0},{"not_picked":["Bouncing Flask","Bane","Concentrate"],"picked":"SKIP","floor":14.0},{"not_picked":["Bullet Time","A Thousand Cuts"],"picked":"Venomology","floor":16.0},{"not_picked":["Underhanded Strike","Setup"],"picked":"Acrobatics","floor":18.0},{"not_picked":["Skewer","Blade Dance"],"picked":"Dodge and Roll+1","floor":20.0},{"not_picked":["Accuracy+1","Catalyst"],"picked":"Dagger Throw","floor":21.0},{"not_picked":["Deflect+1","Acrobatics"],"picked":"Finisher","floor":22.0},{"not_picked":["Cloak And Dagger+1","Blur","Predator+1"],"picked":"SKIP","floor":25.0},{"not_picked":["Concentrate","Cloak And Dagger","Reflex"],"picked":"SKIP","floor":29.0},{"not_picked":["Concentrate","Cloak And Dagger","Reflex"],"picked":"SKIP","floor":29.0},{"not_picked":["Deadly Poison","Poisoned Stab"],"picked":"Endless Agony","floor":30},{"not_picked":["Night Terror","Flechettes","Sucker Punch"],"picked":"SKIP","floor":31}],"player_experience":622394,"relics_obtained":[{"floor":6.0,"key":"Vajra"},{"floor":9.0,"key":"Dream Catcher"},{"floor":19.0,"key":"Enchiridion"},{"floor":26.0,"key":"Lantern"},{"floor":29.0,"key":"Bag of Marbles"}],"event_choices":[{"event_name":"Living Wall","player_choice":"Forget","floor":2.0,"damage_taken":0.0},{"event_name":"FaceTrader","player_choice":"Trade","floor":8.0,"damage_taken":0.0},{"event_name":"Golden Idol","player_choice":"Lose Max HP","floor":11.0,"damage_taken":0.0},{"event_name":"Golden Wing","player_choice":"Gained Gold","floor":13.0,"damage_taken":0.0},{"event_name":"Cursed Tome","player_choice":"Obtained Book","floor":19.0,"damage_taken":0.0}],"is_beta":false,"boss_relics":[{"not_picked":["Runic Pyramid","Velvet Choker"],"picked":"White Beast Statue"}],"items_purged_floors":[3,24],"is_endless":false,"potions_floor_spawned":[5,6,18,20,21,22,25,29,30,31],"killed_by":"Champ","ascension_level":1}