{"gold_per_floor":[110,110,110,130,55,55,80,98,98,15,65,21,21,46,46,124,124,135,60,75,95,95,95,52,52,75,75,132,144,144,144,144,218,218,237,237,247,270,250,250,276,292,292,292,312,312,323,341,341,341],"floor_reached":50,"playtime":2860,"items_purged":["Strike_G"],"score":1267,"play_id":"b60b2f71-e9db-45bf-8a35-b2320ece20f0","local_time":"20190211020457","is_ascension_mode":true,"campfire_choices":[{"data":"Dagger Spray","floor":6.0,"key":"SMITH"},{"data":"Noxious Fumes","floor":13.0,"key":"SMITH"},{"data":"Cloak And Dagger","floor":15.0,"key":"SMITH"},{"data":"Catalyst","floor":23.0,"key":"SMITH"},{"data":"Footwork","floor":25.0,"key":"SMITH"},{"data":"Deadly Poison","floor":30.0,"key":"SMITH"},{"data":"Leg Sweep","floor":32.0,"key":"SMITH"},{"data":"Footwork","floor":40,"key":"SMITH"},{"data":"Well Laid Plans","floor":44,"key":"SMITH"},{"floor":49,"key":"REST"}],"neow_cost":"NONE","seed_source_timestamp":0,"circlet_count":0,"master_deck":["AscendersBane","Defend_G","Defend_G","Defend_G","Defend_G","Defend_G","Strike_G","Strike_G","Strike_G","Strike_G","Survivor","Neutralize+1","Dagger Spray+1","Footwork+1","Noxious Fumes+1","Cloak And Dagger+1","Catalyst+1","Leg Sweep+1","Dodge and Roll","Corpse Explosion","Outmaneuver+1","Deadly Poison+1","Well Laid Plans+1","Backflip+1","Poisoned Stab+1","Bullet Time","Footwork+1","Dash","Crippling Poison+1","Catalyst+1","Backflip+1","Choke+1"],"special_seed":0,"relics":["Ring of the Snake","NeowsBlessing","The Specimen","Snake Skull","Torii","Kunai","Snecko Eye","WingedGreaves","Ancient Tea Set","Tiny Chest","Sozu","Anchor","Toxic Egg 2","Bottled Lightning"],"potions_floor_usage":[35],"damage_taken":[{"damage":0.0,"enemies":"Jaw Worm","floor":1.0,"turns":1.0},{"damage":0.0,"enemies":"Small Slimes","floor":4.0,"turns":1.0},{"damage":0.0,"enemies":"Gremlin Nob","floor":7.0,"turns":1.0},{"damage":1.0,"enemies":"Cultist","floor":8.0,"turns":5.0},{"damage":9.0,"enemies":"Lagavulin","floor":14.0,"turns":9.0},{"damage":0.0,"enemies":"The Guardian","floor":16.0,"turns":9.0},{"damage":1.0,"enemies":"2 Thieves","floor":18.0,"turns":3.0},{"damage":1.0,"enemies":"Shell Parasite","floor":20.0,"turns":5.0},{"damage":7.0,"enemies":"Centurion and Healer","floor":21.0,"turns":5.0},{"damage":1.0,"enemies":"Gremlin Leader","floor":28.0,"turns":6.0},{"damage":1.0,"enemies":"Cultist and Chosen","floor":29.0,"turns":4.0},{"damage":8.0,"enemies":"Collector","floor":33.0,"turns":5.0},{"damage":15,"enemies":"3 Darklings","floor":35,"turns":5},{"damage":10,"enemies":"Orb Walker","floor":37,"turns":5},{"damage":0,"enemies":"Nemesis","floor":41,"turns":7},{"damage":0,"enemies":"4 Shapes","floor":42,"turns":3},{"damage":8,"enemies":"Jaw Worm Horde","floor":45,"turns":4},{"damage":0,"enemies":"Maw","floor":47,"turns":5},{"damage":0,"enemies":"3 Darklings","floor":48,"turns":3},{"damage":45,"enemies":"Awakened One","floor":50,"turns":8}],"seed_played":"5701169990843964155","potions_obtained":[{"floor":7.0,"key":"Energy Potion"},{"floor":14.0,"key":"Fire Potion"},{"floor":16.0,"key":"GhostInAJar"},{"floor":20.0,"key":"Block Potion"},{"floor":33.0,"key":"SteroidPotion"}],"is_trial":false,"path_per_floor":["M","?","?","M","$","R","E","M","T","$","?","$","R","E","R","B",null,"M","$","M","M","T","R","$","R","T","?","E","M","R","?","R","B",null,"M","?","M","T","?","R","E","M","T","R","M","?","M","M","R","B"],"character_chosen":"THE_SILENT","items_purchased":["Footwork","Catalyst","Leg Sweep","Well Laid Plans"],"campfire_rested":1,"item_purchase_floors":[5,10,12,24],"current_hp_per_floor":[59,59,59,59,59,59,59,58,58,58,52,52,52,43,43,43,60,59,59,58,51,51,51,51,51,51,51,50,49,49,49,49,41,60,45,45,35,35,35,35,35,35,35,35,27,27,27,27,45,0],"gold":341,"neow_bonus":"THREE_ENEMY_KILL","is_prod":false,"is_daily":false,"chose_seed":false,"campfire_upgraded":9,"win_rate":0,"timestamp":1549803897,"path_taken":["M","?","?","?","$","R","E","M","T","$","?","$","R","E","R","BOSS","M","$","M","?","?","R","?","R","T","?","E","M","R","?","R","BOSS","M","?","M","?","?","R","E","M","T","R","?","?","M","?","R","BOSS"],"build_version":"2019-01-23","purchased_purges":1,"victory":false,"max_hp_per_floor":[66,66,66,66,66,66,66,66,66,66,66,66,66,66,66,66,66,66,66,66,66,66,66,66,66,66,66,66,66,66,66,66,66,66,66,63,63,63,63,63,63,63,63,63,63,63,63,63,63,63],"card_choices":[{"not_picked":["Infinite Blades","Deadly Poison"],"picked":"Poisoned Stab","floor":1.0},{"not_picked":["Bane","Caltrops"],"picked":"Dagger Spray","floor":4.0},{"not_picked":["All Out Attack","Tactician"],"picked":"Noxious Fumes","floor":7.0},{"not_picked":["Heel Hook","Outmaneuver"],"picked":"Cloak And Dagger","floor":8.0},{"not_picked":["Dagger Throw","Setup"],"picked":"Dodge and Roll","floor":14.0},{"not_picked":["Bullet Time","Envenom"],"picked":"Corpse Explosion","floor":16.0},{"not_picked":["Expertise","Terror"],"picked":"Outmaneuver+1","floor":18.0},{"not_picked":["Slice+1","Accuracy","Poisoned Stab"],"picked":"SKIP","floor":20.0},{"not_picked":["Backflip","Dodge and Roll"],"picked":"Deadly Poison","floor":21.0},{"not_picked":["Quick Slash","Terror+1"],"picked":"Backflip+1","floor":28.0},{"not_picked":["Dagger Throw","Dagger Spray"],"picked":"Poisoned Stab+1","floor":29.0},{"not_picked":["Wraith Form v2","Unload"],"picked":"Bullet Time","floor":33.0},{"not_picked":["Eviscerate","Setup"],"picked":"Footwork","floor":35},{"not_picked":["Backflip","Terror"],"picked":"Dash","floor":37},{"not_picked":["Finisher","Riddle With Holes","Masterful Stab"],"picked":"SKIP","floor":41},{"not_picked":["Finisher","Riddle With Holes","Masterful Stab"],"picked":"SKIP","floor":41},{"not_picked":["Caltrops","Sucker Punch","Calculated Gamble+1"],"picked":"SKIP","floor":42},{"not_picked":["Backstab+1","Well Laid Plans"],"picked":"Crippling Poison+1","floor":45},{"not_picked":["Dagger Throw","Caltrops+1"],"picked":"Backflip+1","floor":47},{"not_picked":["Masterful Stab+1","Sucker Punch"],"picked":"Choke+1","floor":48}],"player_experience":219582,"relics_obtained":[{"floor":7.0,"key":"Snake Skull"},{"floor":9.0,"key":"Torii"},{"floor":14.0,"key":"Kunai"},{"floor":22.0,"key":"WingedGreaves"},{"floor":26.0,"key":"Ancient Tea Set"},{"floor":28.0,"key":"Tiny Chest"},{"floor":38,"key":"Anchor"},{"floor":41,"key":"Toxic Egg 2"},{"floor":43,"key":"Bottled Lightning"}],"event_choices":[{"damage_healed":0.0,"max_hp_gain":0.0,"max_hp_loss":0.0,"gold_gain":0.0,"event_name":"Living Wall","player_choice":"Grow","floor":2.0,"gold_loss":0.0,"damage_taken":0.0,"cards_upgraded":["Neutralize"]},{"cards_removed":["Poisoned Stab"],"damage_healed":0.0,"max_hp_gain":0.0,"max_hp_loss":0.0,"gold_gain":0.0,"event_name":"WeMeetAgain","player_choice":"Gave Card","floor":3.0,"gold_loss":0.0,"damage_taken":0.0,"relics_obtained":["The Specimen"]},{"damage_healed":0.0,"max_hp_gain":0.0,"max_hp_loss":0.0,"gold_gain":50.0,"event_name":"FaceTrader","player_choice":"Touch","floor":11.0,"gold_loss":0.0,"damage_taken":6.0},{"damage_healed":0.0,"max_hp_gain":0.0,"max_hp_loss":0.0,"gold_gain":0.0,"event_name":"Vampires","player_choice":"Ignored","floor":31.0,"gold_loss":0.0,"damage_taken":0.0},{"damage_healed":0,"gold_gain":0,"player_choice":"Max HP","damage_taken":0,"max_hp_gain":0,"max_hp_loss":3,"event_name":"Winding Halls","floor":36,"gold_loss":0},{"damage_healed":0,"gold_gain":0,"player_choice":"Bought 1 Potion","damage_taken":0,"max_hp_gain":0,"max_hp_loss":0,"event_name":"The Woman in Blue","floor":39,"gold_loss":0},{"damage_healed":0,"gold_gain":0,"player_choice":"Copied","damage_taken":0,"max_hp_gain":0,"max_hp_loss":0,"event_name":"Duplicator","floor":46,"gold_loss":0,"cards_obtained":["Catalyst"]}],"is_beta":false,"boss_relics":[{"not_picked":["Fusion Hammer","Eternal Feather"],"picked":"Snecko Eye"},{"not_picked":["Empty Cage","Runic Dome"],"picked":"Sozu"}],"items_purged_floors":[19],"is_endless":false,"potions_floor_spawned":[7,14,16,18,20,33,37,41,42],"killed_by":"Awakened One","ascension_level":20}