{"gold_per_floor":[116,191,191,205,222,222,254,254,254,254,265,278,288,302,302,405,405,416,434,434,359,372,372,386,414,414,414,445,445,445],"floor_reached":30,"playtime":2115,"items_purged":[],"score":324,"play_id":"4d9bde23-bee5-406d-99a3-10ad76dc317e","local_time":"20180928225802","is_ascension_mode":true,"campfire_choices":[{"data":"Bane","floor":6.0,"key":"SMITH"},{"data":"Doppelganger","floor":8.0,"key":"SMITH"},{"floor":10.0,"key":"REST"},{"floor":15.0,"key":"REST"},{"floor":23,"key":"REST"}],"neow_cost":"","seed_source_timestamp":0,"circlet_count":0,"master_deck":["Defend_G+1","Defend_G+1","Defend_G+1","Defend_G+1","Defend_G+1","Strike_G+1","Strike_G+1","Strike_G+1","Strike_G+1","Survivor","Neutralize","Bane+1","Poisoned Stab","Dodge and Roll","Doppelganger+1","Infinite Blades","Well Laid Plans+1","Acrobatics","Bane","Corpse Explosion","Predator+1","Bane","Bane"],"special_seed":0,"relics":["Ring of the Snake","WingedGreaves","Kunai","Busted Crown","Oddly Smooth Stone","Sundial","Smiling Mask"],"potions_floor_usage":[24,28,28],"damage_taken":[{"damage":2.0,"enemies":"Jaw Worm","floor":1.0,"turns":6.0},{"damage":2.0,"enemies":"Small Slimes","floor":4.0,"turns":4.0},{"damage":0.0,"enemies":"Cultist","floor":5.0,"turns":3.0},{"damage":16.0,"enemies":"Lagavulin","floor":7.0,"turns":6.0},{"damage":14.0,"enemies":"Lots of Slimes","floor":11.0,"turns":6.0},{"damage":1.0,"enemies":"Blue Slaver","floor":12.0,"turns":4.0},{"damage":5.0,"enemies":"Red Slaver","floor":13.0,"turns":4.0},{"damage":15.0,"enemies":"3 Louse","floor":14.0,"turns":4.0},{"damage":6.0,"enemies":"Hexaghost","floor":16.0,"turns":12.0},{"damage":5,"enemies":"Spheric Guardian","floor":18,"turns":5},{"damage":8,"enemies":"Chosen","floor":19,"turns":4},{"damage":21,"enemies":"Shelled Parasite and Fungi","floor":22,"turns":7},{"damage":8,"enemies":"Snake Plant","floor":24,"turns":4},{"damage":15,"enemies":"Gremlin Leader","floor":25,"turns":5},{"damage":12,"enemies":"Slavers","floor":28,"turns":3},{"damage":4,"enemies":"Colosseum Slavers","floor":29,"turns":6},{"damage":19,"enemies":"Snecko","floor":30,"turns":4}],"seed_played":"3718448325753504801","potions_obtained":[{"floor":5.0,"key":"SpeedPotion"},{"floor":7.0,"key":"GamblersBrew"},{"floor":14.0,"key":"GhostInAJar"}],"is_trial":false,"path_per_floor":["M","?","?","M","M","R","E","R","T","R","M","M","M","M","R","B",null,"M","M","?","?","M","R","M","E","T","?","E","?"],"character_chosen":"THE_SILENT","items_purchased":[],"campfire_rested":3,"item_purchase_floors":[],"current_hp_per_floor":[68,57,43,41,41,41,25,25,25,46,32,31,26,11,32,26,70,65,57,57,57,36,57,49,34,34,34,22,18,0],"gold":445,"neow_bonus":"","is_prod":false,"is_daily":false,"chose_seed":false,"campfire_upgraded":2,"win_rate":0,"timestamp":1538189882,"path_taken":["M","?","?","M","M","R","E","R","T","R","M","?","M","M","R","BOSS","M","M","?","?","M","R","?","E","T","?","E","?","M"],"build_version":"2018-09-27","purchased_purges":0,"victory":false,"max_hp_per_floor":[70,70,70,70,70,70,70,70,70,70,70,70,70,70,70,70,70,70,70,70,70,70,70,70,70,70,70,70,70,70],"card_choices":[{"not_picked":["Backflip","Deadly Poison"],"picked":"Bane","floor":1.0},{"not_picked":["Tactician","Underhanded Strike"],"picked":"Poisoned Stab","floor":4.0},{"not_picked":["Flying Knee","PiercingWail"],"picked":"Dodge and Roll","floor":5.0},{"not_picked":["After Image","Slice"],"picked":"Doppelganger","floor":7.0},{"not_picked":["Poisoned Stab","Blade Dance"],"picked":"Infinite Blades","floor":11.0},{"not_picked":["Endless Agony","Backflip"],"picked":"Well Laid Plans","floor":12.0},{"not_picked":["Quick Slash","Underhanded Strike"],"picked":"Acrobatics","floor":13.0},{"not_picked":["Acrobatics","Prepared"],"picked":"Bane","floor":14.0},{"not_picked":["Storm of Steel","Grand Finale"],"picked":"Corpse Explosion","floor":16.0},{"not_picked":[],"picked":"Predator+1","floor":18},{"not_picked":[],"picked":"Bane","floor":19},{"not_picked":["Quick Slash"],"picked":"SKIP","floor":22},{"not_picked":["Deadly Poison+1"],"picked":"SKIP","floor":24},{"not_picked":["Endless Agony"],"picked":"SKIP","floor":25},{"not_picked":["Bane"],"picked":"SKIP","floor":28},{"not_picked":[],"picked":"Bane","floor":28}],"player_experience":678102,"relics_obtained":[{"floor":7.0,"key":"WingedGreaves"},{"floor":9.0,"key":"Kunai"},{"floor":25,"key":"Oddly Smooth Stone"},{"floor":26,"key":"Sundial"},{"floor":28,"key":"Smiling Mask"}],"event_choices":[{"event_name":"World of Goop","player_choice":"Gather Gold","floor":2.0,"damage_taken":0.0},{"event_name":"Shining Light","player_choice":"Entered Light","floor":3.0,"damage_taken":0.0},{"event_name":"Upgrade Shrine","player_choice":"Upgraded","floor":20,"damage_taken":0},{"event_name":"Beggar","player_choice":"Gave Gold","floor":21,"damage_taken":0},{"event_name":"Back to Basics","player_choice":"Simplicity","floor":27,"damage_taken":0},{"event_name":"Colosseum","player_choice":"Fight","floor":29,"damage_taken":0},{"event_name":"Colosseum","player_choice":"Fled From Nobs","floor":29,"damage_taken":0}],"is_beta":false,"boss_relics":[{"not_picked":["Tiny House","Black Star"],"picked":"Busted Crown"}],"items_purged_floors":[],"is_endless":false,"potions_floor_spawned":[5,7,14,18],"killed_by":"Snecko","ascension_level":2}