{"gold_per_floor":[113,113,133,133,151,182,182,357,382,396,396],"floor_reached":11,"playtime":272,"items_purged":[],"score":113,"play_id":"526a167c-7eca-4cc5-b76e-72e42a200931","local_time":"20190227020441","is_ascension_mode":true,"campfire_choices":[{"floor":7,"key":"REST"}],"neow_cost":"PERCENT_DAMAGE","seed_source_timestamp":45671147419470,"circlet_count":0,"master_deck":["AscendersBane","Defend_G","Defend_G","Defend_G","Defend_G","Defend_G","Strike_G","Strike_G","Strike_G","Strike_G","Strike_G","Survivor","Neutralize","Corpse Explosion+1","Predator","Acrobatics","Blade Dance","Dash","Doubt","Prepared"],"relics":["Ring of the Snake","Golden Idol","Happy Flower"],"potions_floor_usage":[11],"damage_taken":[{"damage":1,"enemies":"2 Louse","floor":1,"turns":2},{"damage":0,"enemies":"Jaw Worm","floor":3,"turns":4},{"damage":0,"enemies":"Small Slimes","floor":5,"turns":3},{"damage":37,"enemies":"Lagavulin","floor":6,"turns":6},{"damage":2,"enemies":"Exordium Wildlife","floor":10,"turns":2},{"damage":25,"enemies":"3 Sentries","floor":11,"turns":2}],"seed_played":"-4766242845919709131","potions_obtained":[{"floor":1,"key":"Energy Potion"},{"floor":3,"key":"Strength Potion"}],"is_trial":false,"path_per_floor":["M","?","M","?","M","E","R","?","T","M","E"],"character_chosen":"THE_SILENT","items_purchased":[],"campfire_rested":1,"item_purchase_floors":[],"current_hp_per_floor":[44,44,44,44,44,7,26,26,26,24,0],"gold":396,"neow_bonus":"THREE_RARE_CARDS","is_prod":false,"is_daily":false,"chose_seed":false,"campfire_upgraded":0,"win_rate":0,"timestamp":1551186281,"path_taken":["M","?","M","?","M","E","R","?","T","M","E"],"build_version":"2019-01-23","purchased_purges":0,"victory":false,"max_hp_per_floor":[70,70,70,65,65,65,65,65,65,65,65],"card_choices":[{"not_picked":["Night Terror","Venomology"],"picked":"Corpse Explosion","floor":0},{"not_picked":["Crippling Poison","Flechettes"],"picked":"Predator","floor":1},{"not_picked":["Flying Knee","Dodge and Roll"],"picked":"Acrobatics","floor":3},{"not_picked":["Slice","Prepared"],"picked":"Blade Dance","floor":5},{"not_picked":["Storm of Steel","Well Laid Plans"],"picked":"Dash","floor":6},{"not_picked":["All Out Attack","Tactician"],"picked":"Prepared","floor":10}],"player_experience":421683,"relics_obtained":[{"floor":6,"key":"Happy Flower"}],"event_choices":[{"damage_healed":0,"gold_gain":0,"player_choice":"Grow","damage_taken":0,"max_hp_gain":0,"max_hp_loss":0,"event_name":"Living Wall","floor":2,"gold_loss":0,"cards_upgraded":["Corpse Explosion"]},{"damage_healed":0,"gold_gain":0,"player_choice":"Lose Max HP","damage_taken":0,"relics_obtained":["Golden Idol"],"max_hp_gain":0,"max_hp_loss":5,"event_name":"Golden Idol","floor":4,"gold_loss":0},{"damage_healed":0,"gold_gain":175,"player_choice":"AGREE","damage_taken":0,"max_hp_gain":0,"max_hp_loss":0,"event_name":"Liars Game","floor":8,"gold_loss":0,"cards_obtained":["Doubt"]}],"is_beta":false,"boss_relics":[],"items_purged_floors":[],"is_endless":false,"potions_floor_spawned":[1,3],"killed_by":"3 Sentries","ascension_level":11}