{"gold_per_floor":[109,176,51,64,64,93,93,128,128,228,247,277,287,319,319,418,418,434,434,434,34,49,76,76,76,76,86,86,97,22,48,48,148,148,165,0,15,15,28,28,57,74,74,103,103,135,147,159,159,159],"floor_reached":51,"playtime":2940,"items_purged":["Strike_G"],"score":867,"play_id":"21ddb1d9-dcaf-418c-80e8-7e43fc016005","local_time":"20190223190126","is_ascension_mode":true,"campfire_choices":[{"data":"Neutralize","floor":7,"key":"SMITH"},{"data":"Deadly Poison","floor":15,"key":"SMITH"},{"data":"Footwork","floor":25,"key":"SMITH"},{"data":"Sucker Punch","floor":32,"key":"SMITH"},{"data":"Malaise","floor":40,"key":"SMITH"},{"floor":45,"key":"REST"},{"floor":49,"key":"REST"}],"neow_cost":"NONE","seed_source_timestamp":432680787690185,"circlet_count":0,"master_deck":["Defend_G","Defend_G","Defend_G","Defend_G","Defend_G","Strike_G","Strike_G","Strike_G","Strike_G","Survivor","Neutralize+1","Predator","Footwork+1","Deadly Poison+1","Poisoned Stab","Masterful Stab","Dagger Throw","Backstab","Deadly Poison","Sucker Punch+1","Riddle With Holes","Neutralize","Noxious Fumes","Backflip","Bouncing Flask","Acrobatics+1","Malaise+1","PiercingWail+1","Deep Breath","Discovery","Footwork+1","Flechettes"],"relics":["Velvet Choker","Snake Skull","Mango","Boot","Bottled Flame","Incense Burner","Question Card","Busted Crown","Ancient Tea Set","The Specimen","Vajra","Nilry\u0027s Codex","Bottled Lightning","PreservedInsect","White Beast Statue","Red Mask","Shuriken","Letter Opener","Gambling Chip","Centennial Puzzle"],"potions_floor_usage":[8,14,29,44,44,47,48,50,50,50],"damage_taken":[{"damage":10,"enemies":"Jaw Worm","floor":1,"turns":4},{"damage":0,"enemies":"Small Slimes","floor":4,"turns":4},{"damage":1,"enemies":"Lagavulin","floor":6,"turns":7},{"damage":7,"enemies":"Gremlin Nob","floor":8,"turns":4},{"damage":0,"enemies":"Cultist","floor":11,"turns":2},{"damage":14,"enemies":"Lagavulin","floor":12,"turns":5},{"damage":7,"enemies":"Large Slime","floor":13,"turns":6},{"damage":2,"enemies":"3 Sentries","floor":14,"turns":8},{"damage":14,"enemies":"Hexaghost","floor":16,"turns":8},{"damage":8,"enemies":"Spheric Guardian","floor":18,"turns":4},{"damage":5,"enemies":"3 Byrds","floor":22,"turns":3},{"damage":0,"enemies":"Gremlin Leader","floor":23,"turns":6},{"damage":7,"enemies":"Snake Plant","floor":27,"turns":3},{"damage":1,"enemies":"3 Cultists","floor":29,"turns":4},{"damage":10,"enemies":"Book of Stabbing","floor":31,"turns":6},{"damage":29,"enemies":"Collector","floor":33,"turns":8},{"damage":13,"enemies":"Orb Walker","floor":35,"turns":3},{"damage":0,"enemies":"3 Shapes","floor":37,"turns":5},{"damage":8,"enemies":"3 Darklings","floor":39,"turns":6},{"damage":1,"enemies":"Nemesis","floor":41,"turns":5},{"damage":1,"enemies":"Transient","floor":42,"turns":5},{"damage":46,"enemies":"Reptomancer","floor":44,"turns":4},{"damage":33,"enemies":"Nemesis","floor":46,"turns":4},{"damage":6,"enemies":"Sphere and 2 Shapes","floor":47,"turns":5},{"damage":10,"enemies":"Maw","floor":48,"turns":7},{"damage":31,"enemies":"Time Eater","floor":50,"turns":15}],"seed_played":"5513155798957863639","potions_obtained":[{"floor":6,"key":"GhostInAJar"},{"floor":11,"key":"Block Potion"},{"floor":18,"key":"Explosive Potion"},{"floor":35,"key":"SpeedPotion"},{"floor":37,"key":"Swift Potion"},{"floor":39,"key":"SmokeBomb"},{"floor":41,"key":"Regen Potion"},{"floor":42,"key":"SkillPotion"},{"floor":44,"key":"LiquidBronze"},{"floor":46,"key":"Fire Potion"},{"floor":47,"key":"Regen Potion"},{"floor":48,"key":"PowerPotion"}],"is_trial":false,"path_per_floor":["M","?","$","M","T","E","R","E","T","?","M","E","M","E","R","B",null,"M","?","?","$","M","E","?","R","T","M","?","M","$","E","R","B",null,"M","?","M","?","M","R","E","M","T","E","R","E","M","M","R","B",null],"character_chosen":"THE_SILENT","items_purchased":["Footwork","Deadly Poison","Noxious Fumes","Backflip","The Specimen"],"campfire_rested":2,"item_purchase_floors":[3,3,21,21,21],"current_hp_per_floor":[60,60,60,60,60,73,73,66,66,66,66,52,45,43,43,29,84,76,76,76,76,71,71,55,55,55,48,94,93,93,83,83,54,94,81,81,81,71,63,63,62,61,61,27,55,22,16,21,49,18],"gold":159,"neow_bonus":"BOSS_RELIC","is_prod":false,"is_daily":false,"chose_seed":false,"campfire_upgraded":5,"win_rate":0,"timestamp":1550944886,"path_taken":["M","?","$","M","?","E","R","E","T","?","M","E","?","E","R","BOSS","M","?","?","$","?","E","?","R","T","M","?","?","$","E","R","BOSS","M","?","M","?","?","R","E","?","T","E","R","E","M","M","R","BOSS"],"build_version":"2019-01-23","purchased_purges":1,"victory":true,"max_hp_per_floor":[70,70,70,70,70,84,84,84,84,84,84,84,84,84,84,84,84,84,84,84,84,84,84,84,84,84,84,94,94,94,94,94,94,94,94,94,94,94,94,94,94,94,94,94,94,94,94,94,94,94],"card_choices":[{"not_picked":["Sucker Punch","Finisher"],"picked":"Predator","floor":1},{"not_picked":["Tactician","Bane"],"picked":"Poisoned Stab","floor":4},{"not_picked":["Slice","Outmaneuver"],"picked":"Masterful Stab","floor":6},{"not_picked":["Quick Slash","Poisoned Stab"],"picked":"Dagger Throw","floor":8},{"not_picked":["Blur","Underhanded Strike"],"picked":"Backstab","floor":11},{"not_picked":["Infinite Blades","Predator"],"picked":"Deadly Poison","floor":12},{"not_picked":["Underhanded Strike","Deflect"],"picked":"Sucker Punch","floor":13},{"not_picked":["Deflect","Terror"],"picked":"Riddle With Holes","floor":14},{"not_picked":["Grand Finale","Phantasmal Killer","Storm of Steel"],"picked":"Tools of the Trade","floor":16},{"not_picked":["Prepared+1","Caltrops"],"picked":"SKIP","floor":18},{"not_picked":["Deadly Poison+1","Blade Dance+1"],"picked":"SKIP","floor":22},{"not_picked":["Bane"],"picked":"Bouncing Flask","floor":23},{"not_picked":["Blade Dance+1","Cloak And Dagger"],"picked":"SKIP","floor":27},{"not_picked":["Outmaneuver"],"picked":"Acrobatics+1","floor":29},{"not_picked":["Predator","Infinite Blades"],"picked":"SKIP","floor":31},{"not_picked":["Bullet Time"],"picked":"Malaise","floor":33},{"not_picked":["Blade Dance"],"picked":"PiercingWail+1","floor":35},{"not_picked":["Tactician+1","Underhanded Strike+1"],"picked":"SKIP","floor":37},{"not_picked":["Good Instincts"],"picked":"Deep Breath","floor":38},{"not_picked":["Bandage Up"],"picked":"Discovery","floor":38},{"not_picked":["Quick Slash+1","Poisoned Stab+1"],"picked":"SKIP","floor":39},{"not_picked":["Terror+1","Bane"],"picked":"SKIP","floor":41},{"not_picked":["Underhanded Strike+1"],"picked":"Footwork+1","floor":42},{"not_picked":["All Out Attack+1","Dagger Throw+1"],"picked":"SKIP","floor":44},{"not_picked":["Calculated Gamble+1"],"picked":"Flechettes","floor":46},{"not_picked":["Cloak And Dagger+1","Calculated Gamble+1"],"picked":"SKIP","floor":47},{"not_picked":["Outmaneuver","Noxious Fumes"],"picked":"SKIP","floor":48}],"player_experience":983813,"relics_obtained":[{"floor":5,"key":"Snake Skull"},{"floor":6,"key":"Mango"},{"floor":8,"key":"Boot"},{"floor":9,"key":"Bottled Flame"},{"floor":12,"key":"Incense Burner"},{"floor":14,"key":"Question Card"},{"floor":23,"key":"Vajra"},{"floor":24,"key":"Nilry\u0027s Codex"},{"floor":26,"key":"Bottled Lightning"},{"floor":31,"key":"PreservedInsect"},{"floor":41,"key":"Shuriken"},{"floor":43,"key":"Letter Opener"},{"floor":44,"key":"Gambling Chip"},{"floor":46,"key":"Centennial Puzzle"}],"event_choices":[{"damage_healed":0,"gold_gain":67,"player_choice":"Gained Gold","damage_taken":0,"max_hp_gain":0,"max_hp_loss":0,"event_name":"Golden Wing","floor":2,"gold_loss":0},{"damage_healed":0,"gold_gain":100,"player_choice":"Pray","damage_taken":0,"max_hp_gain":0,"max_hp_loss":0,"event_name":"Golden Shrine","floor":10,"gold_loss":0},{"damage_healed":0,"gold_gain":0,"player_choice":"Opened","damage_taken":0,"relics_obtained":["Ancient Tea Set"],"max_hp_gain":0,"max_hp_loss":0,"event_name":"The Mausoleum","floor":19,"gold_loss":0},{"damage_healed":0,"gold_gain":0,"player_choice":"1 cards matched","damage_taken":0,"max_hp_gain":0,"max_hp_loss":0,"event_name":"Match and Keep!","floor":20,"gold_loss":0,"cards_obtained":["Neutralize"]},{"damage_healed":0,"gold_gain":0,"player_choice":"Obtained Book","damage_taken":16,"max_hp_gain":0,"max_hp_loss":0,"event_name":"Cursed Tome","floor":24,"gold_loss":0},{"cards_removed":["Tools of the Trade"],"damage_healed":36,"gold_gain":0,"player_choice":"Offered Rare","damage_taken":0,"max_hp_gain":10,"max_hp_loss":0,"event_name":"Bonfire Elementals","floor":28,"gold_loss":0},{"damage_healed":0,"gold_gain":0,"player_choice":"Paid","damage_taken":0,"relics_obtained":["Red Mask"],"max_hp_gain":0,"max_hp_loss":0,"event_name":"Tomb of Lord Red Mask","floor":36,"gold_loss":165},{"damage_healed":0,"gold_gain":0,"player_choice":"Memory 3","damage_taken":10,"max_hp_gain":0,"max_hp_loss":0,"event_name":"SensoryStone","floor":38,"gold_loss":0}],"is_beta":false,"boss_relics":[{"not_picked":["WristBlade","Calling Bell"],"picked":"Busted Crown"},{"not_picked":["Eternal Feather","Sozu"],"picked":"White Beast Statue"}],"items_purged_floors":[30],"is_endless":false,"potions_floor_spawned":[6,11,18,35,37,39,41,42,44,46,47,48],"ascension_level":1}