{"gold_per_floor":[113,39,50,50,62,89,89,100,100,115,141,42,56,90,90,192,192,208,208,15,15,15,15,50,62,86,86,106,131,131,147,147,251,251,265,318,328,341,306,341,341,352,352,68,82,96,119,149,149,149,149,149,5,36,36],"floor_reached":55,"playtime":3202,"items_purged":["Shame"],"score":984,"play_id":"52077035-6ae4-4088-a0a3-2eb925752fda","local_time":"20190224173137","is_ascension_mode":true,"campfire_choices":[{"data":"Neutralize","floor":7,"key":"SMITH"},{"data":"Deadly Poison","floor":15,"key":"SMITH"},{"floor":23,"key":"RECALL"},{"data":"Crippling Poison","floor":27,"key":"SMITH"},{"data":"Dash","floor":30,"key":"SMITH"},{"data":"Noxious Fumes","floor":32,"key":"SMITH"},{"floor":41,"key":"REST"},{"data":"Dash","floor":49,"key":"SMITH"},{"data":"Leg Sweep","floor":52,"key":"SMITH"}],"neow_cost":"NONE","seed_source_timestamp":58988889249306,"circlet_count":0,"master_deck":["Defend_G","Defend_G","Defend_G","Defend_G","Defend_G","Strike_G","Strike_G","Strike_G","Strike_G","Strike_G","Survivor","Neutralize+1","Underhanded Strike+1","Crippling Poison+1","Leg Sweep+1","Deadly Poison+1","Riddle With Holes+1","Leg Sweep","Leg Sweep+1","Tools of the Trade","Bullet Time","Underhanded Strike","Writhe","Noxious Fumes+1","Riddle With Holes","Dash+1","Bouncing Flask+1","Envenom","Choke+1","Footwork+1","Dash+1","Bullet Time","Acrobatics+1","Footwork","Clumsy","Flechettes+1","Riddle With Holes","Backflip+1"],"relics":["Snecko Eye","Whetstone","Pantograph","Oddly Smooth Stone","Runic Dome","Sling","MutagenicStrength","Bronze Scales","Snake Skull","Pen Nib","Regal Pillow","Cursed Key","Du-Vu Doll","Blood Vial","Kunai","TwistedFunnel","War Paint","Shuriken","Happy Flower"],"potions_floor_usage":[6,12,14,14,29,29,33,40,50,55,55,55],"damage_taken":[{"damage":0,"enemies":"2 Louse","floor":1,"turns":3},{"damage":2,"enemies":"Jaw Worm","floor":3,"turns":5},{"damage":0,"enemies":"Cultist","floor":5,"turns":4},{"damage":5,"enemies":"Lagavulin","floor":6,"turns":7},{"damage":0,"enemies":"2 Fungi Beasts","floor":8,"turns":3},{"damage":8,"enemies":"Gremlin Gang","floor":10,"turns":5},{"damage":8,"enemies":"3 Sentries","floor":11,"turns":13},{"damage":0,"enemies":"Blue Slaver","floor":13,"turns":4},{"damage":2,"enemies":"Gremlin Nob","floor":14,"turns":3},{"damage":22,"enemies":"Slime Boss","floor":16,"turns":10},{"damage":0,"enemies":"3 Byrds","floor":18,"turns":5},{"damage":8,"enemies":"Book of Stabbing","floor":24,"turns":5},{"damage":0,"enemies":"Spheric Guardian","floor":25,"turns":3},{"damage":7,"enemies":"Centurion and Healer","floor":28,"turns":5},{"damage":0,"enemies":"Slavers","floor":29,"turns":3},{"damage":0,"enemies":"Snake Plant","floor":31,"turns":3},{"damage":0,"enemies":"Automaton","floor":33,"turns":8},{"damage":3,"enemies":"3 Darklings","floor":35,"turns":5},{"damage":30,"enemies":"2 Orb Walkers","floor":36,"turns":6},{"damage":6,"enemies":"Orb Walker","floor":37,"turns":3},{"damage":10,"enemies":"4 Shapes","floor":38,"turns":3},{"damage":3,"enemies":"Nemesis","floor":40,"turns":5},{"damage":0,"enemies":"Writhing Mass","floor":42,"turns":4},{"damage":1,"enemies":"Transient","floor":45,"turns":5},{"damage":0,"enemies":"Spire Growth","floor":46,"turns":2},{"damage":9,"enemies":"Giant Head","floor":48,"turns":6},{"damage":43,"enemies":"Donu and Deca","floor":50,"turns":7},{"damage":76,"enemies":"Shield and Spear","floor":54,"turns":4},{"damage":65,"enemies":"The Heart","floor":55,"turns":3}],"seed_played":"-7916062636538933401","potions_obtained":[{"floor":3,"key":"SkillPotion"},{"floor":6,"key":"SteroidPotion"},{"floor":8,"key":"GhostInAJar"},{"floor":14,"key":"Fruit Juice"},{"floor":16,"key":"AttackPotion"},{"floor":18,"key":"GamblersBrew"},{"floor":28,"key":"GhostInAJar"},{"floor":31,"key":"Block Potion"},{"floor":33,"key":"Strength Potion"},{"floor":36,"key":"Ancient Potion"},{"floor":38,"key":"Strength Potion"},{"floor":46,"key":"Explosive Potion"},{"floor":48,"key":"Strength Potion"}],"is_trial":false,"path_per_floor":["M","$","M","?","M","E","R","M","T","M","E","$","M","E","R","B",null,"M","?","$","?","?","R","E","M","T","R","M","E","R","M","R","B",null,"M","?","M","M","$","E","R","M","T","$","M","M","T","E","R","B",null,"R","$","E","B"],"character_chosen":"THE_SILENT","items_purchased":["Crippling Poison","Fruit Juice","Sling","Dash","TwistedFunnel","Riddle With Holes","Regen Potion"],"campfire_rested":1,"item_purchase_floors":[2,12,20,39,44,53,53],"current_hp_per_floor":[70,70,68,73,73,68,68,68,68,60,52,57,57,60,60,63,85,85,85,85,85,85,85,77,77,77,77,70,70,70,70,70,85,85,82,52,46,36,36,33,73,75,75,75,76,78,78,71,71,42,85,85,85,9,0],"gold":36,"neow_bonus":"BOSS_RELIC","is_prod":false,"is_daily":false,"chose_seed":false,"campfire_upgraded":7,"win_rate":0,"timestamp":1551025897,"path_taken":["M","$","M","?","M","E","R","M","T","M","E","$","M","E","R","BOSS","M","?","$","?","?","R","E","M","T","R","M","E","R","M","R","BOSS","M","?","M","M","?","E","R","M","T","$","M","M","?","E","R","BOSS","R","$","E","BOSS"],"build_version":"2019-01-23","purchased_purges":1,"victory":false,"max_hp_per_floor":[70,70,70,75,75,75,75,75,75,75,75,80,80,85,85,85,85,85,85,85,85,85,85,85,85,85,85,85,85,85,85,85,85,85,85,85,85,85,85,85,85,85,85,85,85,85,85,85,85,85,85,85,85,85,85],"card_choices":[{"not_picked":["Poisoned Stab","Reflex"],"picked":"Underhanded Strike","floor":1},{"not_picked":["Cloak And Dagger","Dagger Spray"],"picked":"Leg Sweep","floor":3},{"not_picked":["Crippling Poison","Prepared"],"picked":"Deadly Poison","floor":5},{"not_picked":["Accuracy","Wraith Form v2"],"picked":"Riddle With Holes","floor":6},{"not_picked":["Dagger Spray","Slice"],"picked":"Leg Sweep","floor":8},{"not_picked":["Dagger Spray","Deadly Poison","Escape Plan"],"picked":"SKIP","floor":10},{"not_picked":["Adrenaline","Outmaneuver","Well Laid Plans"],"picked":"SKIP","floor":11},{"not_picked":["Dagger Spray","Quick Slash"],"picked":"Leg Sweep","floor":13},{"not_picked":["Cloak And Dagger","Poisoned Stab"],"picked":"Tools of the Trade","floor":14},{"not_picked":["Wraith Form v2","Glass Knife"],"picked":"Bullet Time","floor":16},{"not_picked":["Acrobatics","Setup+1"],"picked":"Underhanded Strike","floor":18},{"not_picked":["Blur","Catalyst"],"picked":"Noxious Fumes","floor":24},{"not_picked":["Dash","Backflip+1"],"picked":"Riddle With Holes","floor":25},{"not_picked":["Quick Slash","Dodge and Roll+1"],"picked":"Dash","floor":28},{"not_picked":["Flechettes","Flying Knee","Outmaneuver"],"picked":"SKIP","floor":29},{"not_picked":["Flechettes","Flying Knee","Outmaneuver"],"picked":"SKIP","floor":29},{"not_picked":["Sucker Punch","Corpse Explosion"],"picked":"Bouncing Flask+1","floor":31},{"not_picked":["Wraith Form v2","Corpse Explosion"],"picked":"Envenom","floor":33},{"not_picked":["Acrobatics+1","Prepared+1","Deadly Poison+1"],"picked":"SKIP","floor":35},{"not_picked":["Heel Hook+1","Calculated Gamble"],"picked":"Choke+1","floor":36},{"not_picked":["Setup","Noxious Fumes"],"picked":"Footwork+1","floor":37},{"not_picked":["Escape Plan","Sucker Punch+1","Poisoned Stab"],"picked":"SKIP","floor":38},{"not_picked":["Underhanded Strike+1","Terror+1"],"picked":"Bullet Time","floor":40},{"not_picked":["Terror+1","Backstab+1"],"picked":"Acrobatics","floor":42},{"not_picked":["Dodge and Roll","Deflect+1","Outmaneuver+1"],"picked":"SKIP","floor":45},{"not_picked":["Acrobatics","Catalyst+1"],"picked":"Footwork","floor":46},{"not_picked":["Concentrate","Dagger Spray"],"picked":"Flechettes+1","floor":48},{"not_picked":["Masterful Stab+1","Bane"],"picked":"Backflip+1","floor":54}],"player_experience":1005068,"relics_obtained":[{"floor":6,"key":"Whetstone"},{"floor":11,"key":"Pantograph"},{"floor":14,"key":"Oddly Smooth Stone"},{"floor":24,"key":"Snake Skull"},{"floor":26,"key":"Pen Nib"},{"floor":29,"key":"Regal Pillow"},{"floor":36,"key":"Du-Vu Doll"},{"floor":40,"key":"Blood Vial"},{"floor":43,"key":"Kunai"},{"floor":47,"key":"War Paint"},{"floor":48,"key":"Shuriken"},{"floor":54,"key":"Happy Flower"}],"event_choices":[{"damage_healed":0,"gold_gain":0,"player_choice":"Donut","damage_taken":0,"max_hp_gain":5,"max_hp_loss":0,"event_name":"Big Fish","floor":4,"gold_loss":0},{"damage_healed":0,"gold_gain":0,"player_choice":"Ignored","damage_taken":0,"max_hp_gain":0,"max_hp_loss":0,"event_name":"Ghosts","floor":19,"gold_loss":0},{"damage_healed":0,"gold_gain":0,"player_choice":"Inject Mutagens","damage_taken":0,"relics_obtained":["MutagenicStrength"],"max_hp_gain":0,"max_hp_loss":0,"event_name":"Drug Dealer","floor":21,"gold_loss":0},{"damage_healed":0,"gold_gain":0,"player_choice":"Opened","damage_taken":0,"relics_obtained":["Bronze Scales"],"max_hp_gain":0,"max_hp_loss":0,"event_name":"The Mausoleum","floor":22,"gold_loss":0,"cards_obtained":["Writhe"]},{"damage_healed":0,"gold_gain":0,"player_choice":"Fight","damage_taken":0,"max_hp_gain":0,"max_hp_loss":0,"event_name":"Mysterious Sphere","floor":36,"gold_loss":0}],"is_beta":false,"boss_relics":[{"not_picked":["Empty Cage","Runic Pyramid"],"picked":"Runic Dome"},{"not_picked":["Busted Crown","Eternal Feather"],"picked":"Cursed Key"}],"items_purged_floors":[44],"is_endless":false,"potions_floor_spawned":[3,6,8,14,16,18,28,31,33,36,38,46,48],"killed_by":"The Heart","ascension_level":3}