{"gold_per_floor":[116,73,73,86,103,137,137,163,189,215,365,377,408,424,424,501,501,517,171,171,189,205,205,237,252,305,305,88,188,220,220,220,297,297,316,1315,1315,948,948,948,948,948,974,974,990,1017,361,391,391,391,391,391,391,92,119,119],"floor_reached":57,"playtime":2953,"items_purged":["Normality","Strike_R","Strike_R"],"score":2899,"play_id":"09d07a8a-ce67-44f0-8dff-7568caf53d58","local_time":"20190224214559","is_ascension_mode":true,"campfire_choices":[{"data":"Uppercut","floor":7.0,"key":"SMITH"},{"data":"Demon Form","floor":15,"key":"SMITH"},{"data":"Sword Boomerang","floor":23,"key":"SMITH"},{"data":"Spot Weakness","floor":27,"key":"SMITH"},{"data":"Heavy Blade","floor":32,"key":"SMITH"},{"floor":40,"key":"RECALL"},{"data":"Impervious","floor":42,"key":"SMITH"},{"data":"Bash","floor":44,"key":"SMITH"},{"data":"Evolve","floor":49,"key":"SMITH"},{"floor":53,"key":"REST"}],"neow_cost":"NONE","seed_source_timestamp":0,"circlet_count":0,"master_deck":["AscendersBane","Strike_R+1","Strike_R","Defend_R+1","Defend_R+1","Defend_R","Defend_R","Bash+1","Headbutt","Uppercut+1","Anger+1","Spot Weakness+1","Reaper","Demon Form+1","Sword Boomerang+1","Impervious+1","Corruption","Impervious+1","True Grit+1","Burning Pact+1","Heavy Blade+1","Double Tap+1","Shrug It Off+1","Pommel Strike+1","Burning Pact+1","Shrug It Off+1","Limit Break+1","Evolve+1","Reaper","Burning Pact+1","Headbutt+1"],"special_seed":0,"relics":["Burning Blood","NeowsBlessing","Vajra","Omamori","Strawberry","Happy Flower","Singing Bowl","Snecko Eye","Toxic Egg 2","Anchor","OrangePellets","Incense Burner","Mercury Hourglass","Smiling Mask","Sozu","Gremlin Horn","Bag of Marbles","Pocketwatch","Thread and Needle","Whetstone","War Paint","Letter Opener"],"potions_floor_usage":[24,56,56],"damage_taken":[{"damage":0.0,"enemies":"Small Slimes","floor":1.0,"turns":1.0},{"damage":0.0,"enemies":"Cultist","floor":4.0,"turns":1.0},{"damage":0.0,"enemies":"2 Louse","floor":5.0,"turns":1.0},{"damage":25.0,"enemies":"Gremlin Nob","floor":6.0,"turns":4.0},{"damage":20.0,"enemies":"Lagavulin","floor":8.0,"turns":6.0},{"damage":0,"enemies":"Large Slime","floor":12,"turns":3},{"damage":24,"enemies":"Gremlin Nob","floor":13,"turns":4},{"damage":24,"enemies":"Exordium Thugs","floor":14,"turns":5},{"damage":38,"enemies":"Hexaghost","floor":16,"turns":7},{"damage":23,"enemies":"Chosen","floor":18,"turns":4},{"damage":14,"enemies":"3 Byrds","floor":21,"turns":5},{"damage":19,"enemies":"Snake Plant","floor":22,"turns":4},{"damage":43,"enemies":"Slavers","floor":24,"turns":7},{"damage":30,"enemies":"Chosen and Byrds","floor":25,"turns":9},{"damage":25,"enemies":"Colosseum Slavers","floor":29,"turns":3},{"damage":0,"enemies":"Colosseum Nobs","floor":29,"turns":4},{"damage":0,"enemies":"Book of Stabbing","floor":30,"turns":5},{"damage":73,"enemies":"Collector","floor":33,"turns":10},{"damage":0,"enemies":"3 Darklings","floor":35,"turns":4},{"damage":0,"enemies":"3 Shapes","floor":45,"turns":2},{"damage":0,"enemies":"Reptomancer","floor":46,"turns":3},{"damage":0,"enemies":"Giant Head","floor":48,"turns":5},{"damage":17,"enemies":"Donu and Deca","floor":50,"turns":6},{"damage":79,"enemies":"Awakened One","floor":51,"turns":11},{"damage":3,"enemies":"Shield and Spear","floor":55,"turns":6},{"damage":95,"enemies":"The Heart","floor":56,"turns":7}],"seed_played":"-4081704382802391558","potions_obtained":[{"floor":1.0,"key":"Block Potion"},{"floor":5.0,"key":"Ancient Potion"},{"floor":12,"key":"Regen Potion"},{"floor":29,"key":"SkillPotion"}],"is_trial":false,"path_per_floor":["M","$","?","M","M","E","R","E","T","T","?","M","E","M","R","B",null,"M","$","?","M","M","R","E","M","T","R","$","?","E","?","R","B",null,"M","?","?","$","?","R","?","R","T","R","M","E","$","E","R","B","B",null,"R","$","E","B",null],"character_chosen":"IRONCLAD","items_purchased":["Uppercut","Corruption","Toxic Egg 2","OrangePellets","Gremlin Horn","Pommel Strike","Shrug It Off+1","Limit Break+1","Evolve","Thread and Needle","Burning Pact+1","War Paint"],"campfire_rested":1,"item_purchase_floors":[2,19,19,28,38,38,47,47,47,47,54,54],"current_hp_per_floor":[74,74,74,75,75,56,56,42,49,49,49,71,66,58,58,56,77,66,66,66,82,80,80,76,67,67,67,67,88,90,90,90,46,79,85,85,85,85,85,85,85,85,85,85,87,87,87,87,87,87,57,80,87,87,87,87],"gold":119,"neow_bonus":"THREE_ENEMY_KILL","is_prod":false,"is_daily":false,"chose_seed":false,"campfire_upgraded":8,"win_rate":0,"timestamp":1550997959,"path_taken":["M","$","?","?","M","E","R","E","T","?","?","M","E","M","R","BOSS","M","$","?","M","M","R","E","M","T","R","?","?","E","?","R","BOSS","M","?","?","$","?","R","?","R","T","R","M","E","$","E","R","BOSS","BOSS","R","$","E","BOSS"],"build_version":"2019-01-23","purchased_purges":3,"victory":true,"max_hp_per_floor":[75,75,75,75,75,75,75,75,82,82,82,82,82,84,84,84,84,86,86,86,86,86,86,86,88,88,88,88,88,90,90,90,90,90,90,90,85,85,85,85,85,85,85,85,87,87,87,87,87,87,87,87,87,87,87,87],"card_choices":[{"not_picked":["Infernal Blade","Iron Wave"],"picked":"Headbutt","floor":1.0},{"not_picked":["Wild Strike","Clash"],"picked":"Anger","floor":4.0},{"not_picked":["Clash","Second Wind"],"picked":"Spot Weakness","floor":5.0},{"not_picked":["Cleave","Flame Barrier"],"picked":"Reaper","floor":6.0},{"not_picked":["Warcry","Twin Strike"],"picked":"Demon Form","floor":8.0},{"not_picked":["Fire Breathing","Perfected Strike","Body Slam"],"picked":"SKIP","floor":12},{"not_picked":["Evolve","Body Slam"],"picked":"Sword Boomerang","floor":13},{"not_picked":["Heavy Blade","Rampage","Sword Boomerang"],"picked":"Singing Bowl","floor":14},{"not_picked":["Barricade","Dark Embrace"],"picked":"Impervious","floor":16},{"not_picked":["Cleave","Havoc","Thunderclap"],"picked":"Singing Bowl","floor":18},{"not_picked":["Intimidate+1","Rage+1"],"picked":"Ghostly Armor+1","floor":21},{"not_picked":["Heavy Blade","Anger"],"picked":"True Grit+1","floor":22},{"not_picked":["Bloodletting+1","Flex+1"],"picked":"Burning Pact+1","floor":24},{"not_picked":["Dropkick","Rupture+1","Power Through+1"],"picked":"Singing Bowl","floor":25},{"not_picked":["Wild Strike","Cleave"],"picked":"Heavy Blade","floor":29},{"not_picked":["Hemokinesis+1","Clash","Rupture"],"picked":"Singing Bowl","floor":30},{"not_picked":["Brutality","Immolate"],"picked":"Double Tap+1","floor":33},{"not_picked":["Armaments+1","True Grit+1"],"picked":"Shrug It Off+1","floor":35},{"not_picked":["Flex+1","Infernal Blade+1","Sword Boomerang"],"picked":"Singing Bowl","floor":45},{"not_picked":["Perfected Strike","Reckless Charge"],"picked":"Burning Pact+1","floor":46},{"not_picked":["Headbutt","Pommel Strike"],"picked":"Reaper","floor":48},{"not_picked":["Evolve+1","Clothesline"],"picked":"Headbutt+1","floor":55}],"player_experience":442741,"relics_obtained":[{"floor":6.0,"key":"Vajra"},{"floor":8.0,"key":"Omamori"},{"floor":9.0,"key":"Strawberry"},{"floor":10.0,"key":"Happy Flower"},{"floor":13,"key":"Singing Bowl"},{"floor":24,"key":"Anchor"},{"floor":29,"key":"Incense Burner"},{"floor":29,"key":"Mercury Hourglass"},{"floor":30,"key":"Smiling Mask"},{"floor":43,"key":"Bag of Marbles"},{"floor":46,"key":"Pocketwatch"},{"floor":48,"key":"Whetstone"},{"floor":55,"key":"Letter Opener"}],"event_choices":[{"cards_removed":["Strike_R"],"damage_healed":0.0,"max_hp_gain":0.0,"max_hp_loss":0.0,"gold_gain":0.0,"event_name":"Purifier","player_choice":"Purged","floor":3.0,"gold_loss":0.0,"damage_taken":0.0},{"damage_healed":0,"gold_gain":150,"player_choice":"AGREE","damage_taken":0,"max_hp_gain":0,"max_hp_loss":0,"event_name":"Liars Game","floor":11,"gold_loss":0,"cards_obtained":["Doubt"]},{"damage_healed":0,"gold_gain":0,"player_choice":"Copied","damage_taken":0,"max_hp_gain":0,"max_hp_loss":0,"event_name":"Duplicator","floor":20,"gold_loss":0,"cards_obtained":["Impervious"]},{"damage_healed":0,"gold_gain":0,"player_choice":"Fight","damage_taken":0,"max_hp_gain":0,"max_hp_loss":0,"event_name":"Colosseum","floor":29,"gold_loss":0},{"damage_healed":0,"gold_gain":0,"player_choice":"Fought Nobs","damage_taken":0,"max_hp_gain":0,"max_hp_loss":0,"event_name":"Colosseum","floor":29,"gold_loss":0},{"damage_healed":0,"gold_gain":0,"player_choice":"Ignored","damage_taken":0,"max_hp_gain":0,"max_hp_loss":0,"event_name":"Ghosts","floor":31,"gold_loss":0},{"damage_healed":0,"gold_gain":999,"player_choice":"Gold","damage_taken":0,"max_hp_gain":0,"max_hp_loss":0,"event_name":"MindBloom","floor":36,"gold_loss":0,"cards_obtained":["Normality","Normality"]},{"damage_healed":0,"gold_gain":0,"player_choice":"Max HP","damage_taken":0,"max_hp_gain":0,"max_hp_loss":5,"event_name":"Winding Halls","floor":37,"gold_loss":0},{"cards_removed":["Ghostly Armor"],"damage_healed":0,"gold_gain":0,"player_choice":"Removed Skill","damage_taken":0,"max_hp_gain":0,"max_hp_loss":0,"event_name":"Falling","floor":39,"gold_loss":0},{"damage_healed":0,"gold_gain":0,"player_choice":"Upgraded","damage_taken":0,"max_hp_gain":0,"max_hp_loss":0,"event_name":"Upgrade Shrine","floor":41,"gold_loss":0,"cards_upgraded":["Pommel Strike"]}],"is_beta":false,"boss_relics":[{"not_picked":["Mark of Pain","Fusion Hammer"],"picked":"Snecko Eye"},{"not_picked":["Runic Cube","Calling Bell"],"picked":"Sozu"}],"items_purged_floors":[38,47,54],"is_endless":false,"potions_floor_spawned":[1,5,12,14,18,22,29,33,35,48,55],"ascension_level":20}