{"gold_per_floor":[119,27,27,44,54,54,83,83,83,98,130,143,156,190,190,288,288,306,306,325,337,337],"floor_reached":22,"playtime":1008,"items_purged":[],"score":270,"play_id":"945feda0-37f9-4e16-8782-6ba02597b40e","local_time":"20190223214229","is_ascension_mode":true,"campfire_choices":[{"data":"Defragment","floor":6,"key":"SMITH"},{"data":"Zap","floor":15,"key":"SMITH"}],"neow_cost":"NONE","seed_source_timestamp":159713933612199,"circlet_count":0,"master_deck":["Strike_B","Strike_B","Defend_B","Defend_B","Defend_B","Defend_B","Zap+1","Dualcast","Leap","Ball Lightning","Coolheaded","Thunder Strike","Defragment+1","Leap","Compile Driver","Hologram","Loop+1","Loop+1","Biased Cognition+1","Conserve Battery","Seek","Ball Lightning","Reinforced Body"],"relics":["Cracked Core","Bottled Flame","Sundial","Frozen Egg 2","Question Card","Black Star"],"potions_floor_usage":[7,7,14,14,21],"damage_taken":[{"damage":1,"enemies":"Cultist","floor":1,"turns":3},{"damage":0,"enemies":"Small Slimes","floor":4,"turns":3},{"damage":0,"enemies":"Jaw Worm","floor":5,"turns":3},{"damage":16,"enemies":"Gremlin Nob","floor":7,"turns":5},{"damage":4,"enemies":"Red Slaver","floor":10,"turns":3},{"damage":22,"enemies":"Lagavulin","floor":11,"turns":5},{"damage":2,"enemies":"3 Louse","floor":12,"turns":3},{"damage":5,"enemies":"Blue Slaver","floor":13,"turns":3},{"damage":2,"enemies":"3 Sentries","floor":14,"turns":5},{"damage":22,"enemies":"Slime Boss","floor":16,"turns":8},{"damage":7,"enemies":"Chosen","floor":18,"turns":3},{"damage":13,"enemies":"Shell Parasite","floor":20,"turns":5},{"damage":26,"enemies":"Centurion and Healer","floor":21,"turns":5},{"damage":19,"enemies":"Colosseum Slavers","floor":22,"turns":3}],"seed_played":"3562305979015783677","potions_obtained":[{"floor":1,"key":"Weak Potion"},{"floor":4,"key":"EssenceOfSteel"},{"floor":10,"key":"Fire Potion"},{"floor":13,"key":"FocusPotion"},{"floor":14,"key":"SneckoOil"},{"floor":20,"key":"SkillPotion"}],"is_trial":false,"path_per_floor":["M","$","?","M","M","R","E","?","T","M","E","M","M","E","R","B",null,"M","?","M","M","?"],"character_chosen":"DEFECT","items_purchased":["Ball Lightning","Coolheaded"],"campfire_rested":0,"item_purchase_floors":[2,2],"current_hp_per_floor":[74,74,74,74,74,74,58,58,58,54,32,30,25,23,23,1,62,55,55,42,16,0],"gold":337,"neow_bonus":"TEN_PERCENT_HP_BONUS","is_prod":false,"is_daily":false,"chose_seed":false,"campfire_upgraded":2,"win_rate":0,"timestamp":1550986949,"path_taken":["M","?","?","M","M","R","E","?","T","M","E","M","M","E","R","BOSS","M","?","M","M","?"],"build_version":"2019-01-23","purchased_purges":0,"victory":false,"max_hp_per_floor":[82,82,82,82,82,82,82,82,82,82,82,82,82,82,82,82,82,82,82,82,82,82],"card_choices":[{"not_picked":["Undo","Go for the Eyes"],"picked":"Leap","floor":1},{"not_picked":["Recycle","Ball Lightning"],"picked":"Defragment","floor":4},{"not_picked":["Reprogram","Aggregate","Streamline"],"picked":"SKIP","floor":5},{"not_picked":["Fusion","Redo"],"picked":"Leap","floor":7},{"not_picked":["Blizzard","Barrage"],"picked":"Compile Driver","floor":10},{"not_picked":["Stack","Steam"],"picked":"Hologram","floor":11},{"not_picked":["Force Field","Chaos"],"picked":"Loop+1","floor":12},{"not_picked":["Hologram","Beam Cell","Reprogram"],"picked":"SKIP","floor":13},{"not_picked":["Genetic Algorithm","Compile Driver"],"picked":"Loop+1","floor":14},{"not_picked":["Thunder Strike","Hyperbeam","Reboot"],"picked":"Biased Cognition+1","floor":16},{"not_picked":["Beam Cell","Steam","Hologram+1"],"picked":"Conserve Battery","floor":18},{"not_picked":["Sweeping Beam+1","Tempest","Redo"],"picked":"Ball Lightning","floor":20},{"not_picked":["Fusion","Hologram","Beam Cell"],"picked":"Reinforced Body","floor":21}],"player_experience":420530,"relics_obtained":[{"floor":7,"key":"Bottled Flame"},{"floor":9,"key":"Sundial"},{"floor":11,"key":"Frozen Egg 2"},{"floor":14,"key":"Question Card"}],"event_choices":[{"damage_healed":0,"gold_gain":0,"cards_transformed":["Strike_B"],"player_choice":"Change","damage_taken":0,"max_hp_gain":0,"max_hp_loss":0,"event_name":"Living Wall","floor":3,"gold_loss":0,"cards_obtained":["Thunder Strike"]},{"cards_removed":["Strike_B"],"damage_healed":0,"gold_gain":0,"player_choice":"Offered Basic","damage_taken":0,"max_hp_gain":0,"max_hp_loss":0,"event_name":"Bonfire Elementals","floor":8,"gold_loss":0},{"damage_healed":0,"gold_gain":0,"player_choice":"Read","damage_taken":0,"max_hp_gain":0,"max_hp_loss":0,"event_name":"The Library","floor":19,"gold_loss":0,"cards_obtained":["Seek"]},{"damage_healed":0,"gold_gain":0,"player_choice":"Fight","damage_taken":0,"max_hp_gain":0,"max_hp_loss":0,"event_name":"Colosseum","floor":22,"gold_loss":0}],"is_beta":false,"boss_relics":[{"not_picked":["Runic Dome","Cursed Key"],"picked":"Black Star"}],"items_purged_floors":[],"is_endless":false,"potions_floor_spawned":[1,4,10,13,14,20],"killed_by":"Colosseum Slavers","ascension_level":6}