{"gold_per_floor":[109,125,125,21,21,21,36,52,52,52,68,88,88,88,88,189,189,209,225,225,239,39,64,64,81,81,81,81,81,92,111,111,213,213,225,63,80,91,91,118,129,129,155,155,155,155,122,22,22,22],"floor_reached":51,"playtime":5827,"items_purged":["Defend_G","Well Laid Plans+1"],"score":737,"play_id":"725e9a8c-948e-413c-9bad-36d6990e9ea0","local_time":"20190113161006","is_ascension_mode":false,"campfire_choices":[{"data":"Noxious Fumes","floor":6.0,"key":"SMITH"},{"data":"Bouncing Flask","floor":10.0,"key":"SMITH"},{"floor":15.0,"key":"REST"},{"data":"Adrenaline","floor":24,"key":"SMITH"},{"data":"Catalyst","floor":27,"key":"SMITH"},{"data":"Deflect","floor":29,"key":"SMITH"},{"floor":32,"key":"REST"},{"data":"Deflect","floor":42,"key":"SMITH"},{"data":"Panacea","floor":49,"key":"SMITH"}],"neow_cost":"NONE","seed_source_timestamp":224868878503467,"circlet_count":0,"master_deck":["Defend_G+1","Defend_G+1","Defend_G+1","Defend_G+1","Strike_G+1","Strike_G+1","Strike_G+1","Strike_G+1","Survivor+1","Neutralize+1","Bouncing Flask+1","Backflip+1","Noxious Fumes+1","Backflip+1","Prepared+1","Bouncing Flask+1","Caltrops+1","Backstab+1","Deflect+1","Envenom+1","Dark Shackles+1","Adrenaline+1","Catalyst+1","Catalyst+1","After Image+1","Prepared+1","Prepared+1","Wraith Form v2+1","Finesse+1","Footwork+1","Deflect+1","Panacea+1","Footwork+1"],"special_seed":0,"relics":["Ring of the Snake","Frozen Egg 2","Question Card","Runic Pyramid","TwistedFunnel","Bottled Tornado","FossilizedHelix","MutagenicStrength","Coffee Dripper","Mark of the Bloom","Bird Faced Urn","Centennial Puzzle"],"potions_floor_usage":[23,23,33,38,40],"damage_taken":[{"damage":1.0,"enemies":"Cultist","floor":1.0,"turns":5.0},{"damage":0.0,"enemies":"Small Slimes","floor":2.0,"turns":3.0},{"damage":4.0,"enemies":"2 Louse","floor":7.0,"turns":3.0},{"damage":0.0,"enemies":"Red Slaver","floor":8.0,"turns":4.0},{"damage":10.0,"enemies":"Looter","floor":11.0,"turns":3.0},{"damage":4.0,"enemies":"2 Fungi Beasts","floor":12.0,"turns":4.0},{"damage":24.0,"enemies":"The Guardian","floor":16.0,"turns":8.0},{"damage":11,"enemies":"Spheric Guardian","floor":18,"turns":4},{"damage":8,"enemies":"Shell Parasite","floor":19,"turns":3},{"damage":11,"enemies":"Cultist and Chosen","floor":21,"turns":5},{"damage":2,"enemies":"Book of Stabbing","floor":23,"turns":5},{"damage":4,"enemies":"3 Cultists","floor":25,"turns":5},{"damage":0,"enemies":"Shelled Parasite and Fungi","floor":30,"turns":3},{"damage":0,"enemies":"Centurion and Healer","floor":31,"turns":4},{"damage":26,"enemies":"Collector","floor":33,"turns":7},{"damage":0,"enemies":"Orb Walker","floor":35,"turns":3},{"damage":12,"enemies":"3 Shapes","floor":37,"turns":3},{"damage":0,"enemies":"Maw","floor":38,"turns":4},{"damage":0,"enemies":"Giant Head","floor":40,"turns":5},{"damage":0,"enemies":"3 Darklings","floor":41,"turns":4},{"damage":0,"enemies":"Time Eater","floor":50,"turns":5}],"seed_played":"8544449994178635065","potions_obtained":[{"floor":1.0,"key":"Strength Potion"},{"floor":11.0,"key":"Regen Potion"},{"floor":12.0,"key":"GhostInAJar"},{"floor":16.0,"key":"SteroidPotion"},{"floor":23,"key":"Ancient Potion"},{"floor":31,"key":"Ancient Potion"},{"floor":33,"key":"Ancient Potion"},{"floor":38,"key":"Weak Potion"},{"floor":40,"key":"Poison Potion"}],"is_trial":false,"path_per_floor":["M","M","?","$","?","R","M","M","T","R","M","M","?","?","R","B",null,"M","M","?","M","$","E","R","M","T","R","?","R","M","M","R","B",null,"M","$","M","M","?","E","M","R","T","R","?","?","$","$","R","B",null],"character_chosen":"THE_SILENT","items_purchased":["Noxious Fumes","Backflip","TwistedFunnel","Finesse","Footwork+1"],"campfire_rested":2,"item_purchase_floors":[4,4,22,36,47],"current_hp_per_floor":[69,69,55,55,55,55,51,51,51,51,41,37,30,30,51,27,70,59,51,51,40,40,53,53,49,49,49,49,49,49,49,70,44,70,70,70,58,58,58,58,58,58,58,58,58,58,58,58,58,58],"gold":22,"neow_bonus":"REMOVE_CARD","is_prod":false,"is_daily":false,"chose_seed":false,"campfire_upgraded":7,"win_rate":0.0,"timestamp":1547424606,"path_taken":["M","?","?","$","?","R","M","M","T","R","M","M","?","?","R","BOSS","M","M","?","M","$","E","R","M","T","R","?","R","M","M","R","BOSS","M","$","M","M","?","E","M","R","T","R","?","?","?","$","R","BOSS"],"build_version":"2019-01-10","purchased_purges":2,"victory":true,"max_hp_per_floor":[70,70,70,70,70,70,70,70,70,70,70,70,70,70,70,70,70,70,70,70,70,70,70,70,70,70,70,70,70,70,70,70,70,70,70,70,70,70,70,70,70,70,70,70,70,70,70,70,70,70],"card_choices":[{"not_picked":["Acrobatics","Flying Knee"],"picked":"Bouncing Flask","floor":1.0},{"not_picked":["Blur","Sucker Punch"],"picked":"Backflip","floor":2.0},{"not_picked":["Sucker Punch","Outmaneuver"],"picked":"Prepared","floor":7.0},{"not_picked":["Outmaneuver","Skewer"],"picked":"Bouncing Flask","floor":8.0},{"not_picked":["Blade Dance","Underhanded Strike"],"picked":"Caltrops+1","floor":11.0},{"not_picked":["Deadly Poison","Bane"],"picked":"Backstab","floor":12.0},{"not_picked":["Die Die Die","Wraith Form v2+1","Phantasmal Killer"],"picked":"Adrenaline","floor":16.0},{"not_picked":["Prepared","Heel Hook","Bane"],"picked":"Catalyst","floor":18},{"not_picked":["Deflect+1","Dagger Throw","Caltrops+1","Riddle With Holes"],"picked":"SKIP","floor":19},{"not_picked":["Underhanded Strike+1","Escape Plan+1","Sucker Punch"],"picked":"Catalyst","floor":21},{"not_picked":["Deflect","Blade Dance+1","Backflip"],"picked":"After Image+1","floor":23},{"not_picked":["Endless Agony","Noxious Fumes+1","Terror"],"picked":"Prepared","floor":25},{"not_picked":["Acrobatics","Eviscerate","Sucker Punch+1"],"picked":"Prepared+1","floor":30},{"not_picked":["Prepared","Bane","Flying Knee+1","Acrobatics"],"picked":"SKIP","floor":31},{"not_picked":["Phantasmal Killer","Venomology","Bullet Time"],"picked":"Wraith Form v2+1","floor":33},{"not_picked":["Masterful Stab","Flechettes+1","Deflect"],"picked":"Well Laid Plans+1","floor":35},{"not_picked":["Tactician","Poisoned Stab+1","Quick Slash","Outmaneuver"],"picked":"SKIP","floor":37},{"not_picked":["Backflip","Bane+1","Flechettes","Distraction"],"picked":"SKIP","floor":38},{"not_picked":["Noxious Fumes+1","Outmaneuver","Calculated Gamble"],"picked":"Footwork+1","floor":40},{"not_picked":["Backstab+1","Terror","Dash"],"picked":"Deflect","floor":41},{"not_picked":["Swift Strike","Impatience","HandOfGreed"],"picked":"Panacea","floor":46}],"player_experience":57736,"relics_obtained":[{"floor":9.0,"key":"Frozen Egg 2"},{"floor":23,"key":"Bottled Tornado"},{"floor":26,"key":"FossilizedHelix"},{"floor":40,"key":"Bird Faced Urn"},{"floor":43,"key":"Centennial Puzzle"}],"event_choices":[{"damage_healed":0.0,"max_hp_gain":0.0,"max_hp_loss":0.0,"gold_gain":0.0,"event_name":"Shining Light","player_choice":"Entered Light","floor":3.0,"gold_loss":0.0,"damage_taken":14.0,"cards_upgraded":["Survivor","Defend_G"]},{"damage_healed":0.0,"max_hp_gain":0.0,"max_hp_loss":0.0,"gold_gain":0.0,"event_name":"The Cleric","player_choice":"Leave","floor":5.0,"gold_loss":0.0,"damage_taken":0.0},{"damage_healed":0.0,"max_hp_gain":0.0,"max_hp_loss":0.0,"gold_gain":0.0,"event_name":"Scrap Ooze","player_choice":"Success","floor":13.0,"gold_loss":0.0,"damage_taken":7.0,"relics_obtained":["Question Card"]},{"damage_healed":0.0,"max_hp_gain":0.0,"max_hp_loss":0.0,"gold_gain":0.0,"event_name":"Match and Keep!","player_choice":"3 cards matched","floor":14.0,"gold_loss":0.0,"damage_taken":0.0,"cards_obtained":["Deflect","Envenom","Dark Shackles"]},{"damage_healed":0,"gold_gain":0,"player_choice":"Ignored","damage_taken":0,"max_hp_gain":0,"max_hp_loss":0,"event_name":"Vampires","floor":20,"gold_loss":0},{"damage_healed":0,"gold_gain":0,"player_choice":"Inject Mutagens","damage_taken":0,"relics_obtained":["MutagenicStrength"],"max_hp_gain":0,"max_hp_loss":0,"event_name":"Drug Dealer","floor":28,"gold_loss":0},{"damage_healed":0,"gold_gain":0,"player_choice":"Upgrade","damage_taken":0,"relics_obtained":["Mark of the Bloom"],"max_hp_gain":0,"max_hp_loss":0,"event_name":"MindBloom","floor":39,"gold_loss":0,"cards_upgraded":["Defend_G","Defend_G","Defend_G","Strike_G","Strike_G","Strike_G","Strike_G","Neutralize","Bouncing Flask","Backflip","Backflip","Prepared","Backstab","Dark Shackles","Catalyst","Prepared","Finesse"]},{"damage_healed":0,"gold_gain":0,"player_choice":"Ignored","damage_taken":0,"max_hp_gain":0,"max_hp_loss":0,"event_name":"Tomb of Lord Red Mask","floor":45,"gold_loss":0},{"damage_healed":0,"gold_gain":0,"player_choice":"Memory 1","damage_taken":0,"max_hp_gain":0,"max_hp_loss":0,"event_name":"SensoryStone","floor":46,"gold_loss":0}],"is_beta":false,"boss_relics":[{"not_picked":["Fusion Hammer","Tiny House"],"picked":"Runic Pyramid"},{"not_picked":["White Beast Statue","Snecko Eye"],"picked":"Coffee Dripper"}],"items_purged_floors":[36,48],"is_endless":false,"potions_floor_spawned":[1,11,12,16,21,23,31,33,35,38,40],"ascension_level":0}