{"gold_per_floor":[109,119,39,55,75,75,75,61,61,73,83,108,118,70,70,174,174,194,204,221,232,232],"floor_reached":22,"playtime":3896,"items_purged":[],"score":219,"play_id":"52e2b6fe-dff7-442c-b980-752e301b6544","local_time":"20190113090352","is_ascension_mode":false,"campfire_choices":[{"data":"Infinite Blades","floor":6,"key":"SMITH"},{"data":"Dash","floor":15,"key":"SMITH"}],"neow_cost":"NONE","seed_source_timestamp":205130544878734,"circlet_count":0,"master_deck":["Defend_G","Defend_G","Defend_G","Defend_G","Defend_G","Strike_G","Strike_G","Strike_G","Strike_G","Survivor","Neutralize","PiercingWail","Escape Plan","Infinite Blades+1","Dagger Spray","Iron Wave","Dash+1","Blur","Flechettes","Dash","Tools of the Trade","Acrobatics","Corpse Explosion","Leg Sweep","Deflect+1","Footwork"],"relics":["Ring of the Snake","Pantograph","Regal Pillow","Philosopher\u0027s Stone"],"potions_floor_usage":[16],"damage_taken":[{"damage":0,"enemies":"Jaw Worm","floor":1,"turns":4},{"damage":0,"enemies":"Cultist","floor":2,"turns":4},{"damage":0,"enemies":"Small Slimes","floor":4,"turns":5},{"damage":5,"enemies":"2 Fungi Beasts","floor":5,"turns":3},{"damage":7,"enemies":"Exordium Thugs","floor":8,"turns":6},{"damage":8,"enemies":"Lots of Slimes","floor":10,"turns":3},{"damage":1,"enemies":"Large Slime","floor":11,"turns":6},{"damage":8,"enemies":"3 Sentries","floor":12,"turns":8},{"damage":4,"enemies":"Red Slaver","floor":13,"turns":6},{"damage":52,"enemies":"The Guardian","floor":16,"turns":12},{"damage":4,"enemies":"Chosen","floor":18,"turns":5},{"damage":43,"enemies":"3 Byrds","floor":19,"turns":4},{"damage":14,"enemies":"Shelled Parasite and Fungi","floor":20,"turns":8},{"damage":14,"enemies":"Centurion and Healer","floor":21,"turns":8},{"damage":12,"enemies":"Snake Plant","floor":22,"turns":4}],"seed_played":"1913778623742605832","potions_obtained":[{"floor":2,"key":"SneckoOil"},{"floor":8,"key":"PowerPotion"},{"floor":12,"key":"AttackPotion"},{"floor":13,"key":"FairyPotion"},{"floor":16,"key":"Dexterity Potion"}],"is_trial":false,"path_per_floor":["M","M","$","M","M","R","?","M","T","M","M","E","M","$","R","B",null,"M","M","M","M","M"],"character_chosen":"THE_SILENT","items_purchased":["Escape Plan","Acrobatics"],"campfire_rested":0,"item_purchase_floors":[3,14],"current_hp_per_floor":[77,77,77,77,72,72,72,65,65,57,56,48,44,44,44,17,77,73,30,16,2,0],"gold":232,"neow_bonus":"TEN_PERCENT_HP_BONUS","is_prod":false,"is_daily":false,"chose_seed":false,"campfire_upgraded":2,"win_rate":0.0,"timestamp":1547399032,"path_taken":["M","M","$","M","M","R","?","M","T","M","M","E","M","$","R","BOSS","M","M","M","M","?"],"build_version":"2019-01-10","purchased_purges":0,"victory":false,"max_hp_per_floor":[77,77,77,77,77,77,77,77,77,77,77,77,77,77,77,77,77,77,77,77,77,77],"card_choices":[{"not_picked":["Underhanded Strike","Slice","Poisoned Stab"],"picked":"SKIP","floor":1},{"not_picked":["Slice","Deadly Poison"],"picked":"PiercingWail","floor":2},{"not_picked":["Deflect","Dodge and Roll"],"picked":"Infinite Blades","floor":4},{"not_picked":["Sucker Punch","Bane"],"picked":"Dagger Spray","floor":5},{"not_picked":["Dagger Spray","Endless Agony"],"picked":"Dash","floor":8},{"not_picked":["Outmaneuver","PiercingWail"],"picked":"Blur","floor":10},{"not_picked":["Outmaneuver","Slice"],"picked":"Flechettes","floor":11},{"not_picked":["Slice","Backflip"],"picked":"Dash","floor":12},{"not_picked":["All Out Attack","Dagger Spray"],"picked":"Tools of the Trade","floor":13},{"not_picked":["Tools of the Trade","Glass Knife"],"picked":"Corpse Explosion","floor":16},{"not_picked":["Bane","Underhanded Strike","Dagger Throw"],"picked":"SKIP","floor":18},{"not_picked":["Flechettes","Predator+1"],"picked":"Leg Sweep","floor":19},{"not_picked":["Expertise+1","Prepared"],"picked":"Deflect+1","floor":20},{"not_picked":["Poisoned Stab","Bouncing Flask+1"],"picked":"Footwork","floor":21}],"player_experience":39184,"relics_obtained":[{"floor":9,"key":"Pantograph"},{"floor":12,"key":"Regal Pillow"}],"event_choices":[{"cards_removed":["Strike_G"],"damage_healed":0,"gold_gain":0,"player_choice":"Took Card","damage_taken":0,"max_hp_gain":0,"max_hp_loss":0,"event_name":"NoteForYourself","floor":7,"gold_loss":0,"cards_obtained":["Iron Wave"]}],"is_beta":false,"boss_relics":[{"not_picked":["Black Star","HoveringKite"],"picked":"Philosopher\u0027s Stone"}],"items_purged_floors":[],"is_endless":false,"potions_floor_spawned":[2,8,12,13,16,19],"killed_by":"Snake Plant","ascension_level":0}