{"gold_per_floor":[114,114,22,37,37,67,82,97,172,172,187,217,232,247,247,347,347,374,401,428,440,4,34,34],"floor_reached":24,"playtime":1682,"items_purged":["Pain"],"score":255,"play_id":"29d73a4d-5bce-4930-b9df-e824dc7d67a3","local_time":"20190217062809","daily_mods":["SealedDeck","ControlledChaos","Terminal"],"is_ascension_mode":false,"campfire_choices":[{"data":"Armaments","floor":10,"key":"SMITH"},{"data":"True Grit","floor":15,"key":"SMITH"}],"neow_cost":"","seed_source_timestamp":0,"circlet_count":0,"master_deck":["Shockwave","Wild Strike","Thunderclap","Inflame","True Grit+1","Havoc","True Grit","Anger","Burning Pact","Armaments+1","Cleave","Dramatic Entrance","Spot Weakness","Clash","Purity","Battle Trance","Flex","Cleave","Demon Form","Wild Strike","Thunderclap","Blood for Blood","Dark Embrace","Injury","Decay","Havoc","Metallicize+1","Disarm","Decay","Flex","Discovery","Fiend Fire"],"special_seed":17943,"relics":["Burning Blood","Frozen Eye","Sundial","Question Card","Pantograph","Calling Bell","MawBank","Paper Frog","Bird Faced Urn","Bottled Flame","Letter Opener"],"potions_floor_usage":[23,23,24],"damage_taken":[{"damage":0,"enemies":"2 Louse","floor":1,"turns":2},{"damage":3,"enemies":"Jaw Worm","floor":4,"turns":4},{"damage":7,"enemies":"3 Sentries","floor":6,"turns":3},{"damage":0,"enemies":"Cultist","floor":7,"turns":3},{"damage":2,"enemies":"3 Louse","floor":8,"turns":2},{"damage":0,"enemies":"Exordium Thugs","floor":11,"turns":2},{"damage":6,"enemies":"Gremlin Nob","floor":12,"turns":3},{"damage":11,"enemies":"Large Slime","floor":13,"turns":5},{"damage":0,"enemies":"2 Fungi Beasts","floor":14,"turns":1},{"damage":31,"enemies":"The Guardian","floor":16,"turns":9},{"damage":8,"enemies":"3 Byrds","floor":18,"turns":4},{"damage":4,"enemies":"Chosen","floor":19,"turns":3},{"damage":9,"enemies":"Snake Plant","floor":20,"turns":3},{"damage":60,"enemies":"Gremlin Leader","floor":23,"turns":10},{"damage":17,"enemies":"Centurion and Healer","floor":24,"turns":1}],"seed_played":"2911605258430901299","potions_obtained":[{"floor":4,"key":"Regen Potion"},{"floor":6,"key":"Block Potion"},{"floor":8,"key":"Swift Potion"}],"is_trial":false,"path_per_floor":["M","?","$","M","?","E","M","M","T","R","M","E","M","M","R","B",null,"M","M","M","?","$","E","M"],"character_chosen":"IRONCLAD","items_purchased":["Dramatic Entrance","Bottled Flame","Flex","Discovery"],"campfire_rested":0,"item_purchase_floors":[3,22,22,22],"current_hp_per_floor":[78,77,76,75,74,73,72,71,70,69,68,67,62,65,64,39,62,60,60,59,58,57,7,0],"gold":34,"neow_bonus":"","is_prod":false,"is_daily":true,"chose_seed":false,"campfire_upgraded":2,"win_rate":0,"timestamp":1550352489,"path_taken":["M","?","$","M","?","E","M","?","T","R","M","E","M","M","R","BOSS","M","M","M","?","?","E","M"],"build_version":"2019-01-23","purchased_purges":1,"victory":false,"max_hp_per_floor":[78,77,76,75,74,73,72,71,70,69,68,67,66,65,64,63,62,61,60,59,58,57,56,56],"card_choices":[{"not_picked":["Wild Strike","Shrug It Off"],"picked":"Cleave","floor":1},{"not_picked":["Flex","Anger"],"picked":"Spot Weakness","floor":4},{"not_picked":["Iron Wave","Juggernaut"],"picked":"Battle Trance","floor":6},{"not_picked":["Anger","True Grit"],"picked":"Flex","floor":7},{"not_picked":["Twin Strike","Clothesline"],"picked":"Cleave","floor":8},{"not_picked":["Iron Wave","Seeing Red","True Grit"],"picked":"Demon Form","floor":11},{"not_picked":["Havoc","Armaments","Sword Boomerang"],"picked":"Wild Strike","floor":12},{"not_picked":["Inflame","Carnage","Clash"],"picked":"Thunderclap","floor":13},{"not_picked":["Inflame","Headbutt","Rampage"],"picked":"Blood for Blood","floor":14},{"not_picked":["Reaper","Fiend Fire","Feed"],"picked":"Dark Embrace","floor":16},{"not_picked":["Pommel Strike","Headbutt","Evolve"],"picked":"Havoc","floor":18},{"not_picked":["Carnage","Heavy Blade","Warcry"],"picked":"Metallicize+1","floor":19},{"not_picked":["Heavy Blade","Wild Strike","Clash"],"picked":"Disarm","floor":20},{"not_picked":["Shockwave","Clash","Perfected Strike"],"picked":"Fiend Fire","floor":23}],"player_experience":127948,"relics_obtained":[{"floor":6,"key":"Sundial"},{"floor":9,"key":"Question Card"},{"floor":12,"key":"Pantograph"},{"floor":17,"key":"MawBank"},{"floor":17,"key":"Paper Frog"},{"floor":17,"key":"Bird Faced Urn"},{"floor":23,"key":"Letter Opener"}],"event_choices":[{"damage_healed":0,"gold_gain":0,"player_choice":"Leave","damage_taken":0,"max_hp_gain":0,"max_hp_loss":0,"event_name":"The Cleric","floor":2,"gold_loss":0},{"damage_healed":0,"gold_gain":0,"player_choice":"2 cards matched","damage_taken":0,"max_hp_gain":0,"max_hp_loss":0,"event_name":"Match and Keep!","floor":5,"gold_loss":0,"cards_obtained":["Clash","Purity"]},{"damage_healed":0,"gold_gain":0,"player_choice":"Cursed","damage_taken":0,"max_hp_gain":0,"max_hp_loss":0,"event_name":"Wheel of Change","floor":21,"gold_loss":0,"cards_obtained":["Decay"]}],"is_beta":false,"boss_relics":[{"not_picked":["Velvet Choker","Lizard Tail"],"picked":"Calling Bell"}],"items_purged_floors":[22],"is_endless":false,"potions_floor_spawned":[4,6,8,14,20],"killed_by":"Centurion and Healer","ascension_level":0}