{"gold_per_floor":[114,129,144,144,94,154,154,184,209,224,224,239,269,284,284,384,384,399,414,414,17,32,62,77,77,102,132,147,162,162,192,192,292,292,307,315,315,114,129,129,159,159,234,264,279,309,324,6,6,6],"floor_reached":51,"playtime":1672,"items_purged":[],"score":1117,"play_id":"9dd3ec2d-2d51-4641-a3f1-0ecdefc4918d","local_time":"20180628165211","daily_mods":["Allstar","Time Dilation","Night Terrors"],"is_ascension_mode":false,"campfire_choices":[{"data":"Mind Blast","floor":7,"key":"SMITH"},{"data":"Mind Blast","floor":11,"key":"SMITH"},{"data":"Pommel Strike","floor":15,"key":"SMITH"},{"data":"Evolve","floor":25,"key":"SMITH"},{"data":"Seeing Red","floor":32,"key":"SMITH"},{"data":"Offering","floor":40,"key":"SMITH"},{"data":"Exhume","floor":42,"key":"SMITH"},{"data":"Pommel Strike","floor":49,"key":"SMITH"}],"neow_cost":"","seed_source_timestamp":0,"circlet_count":0,"master_deck":["Bash","Mind Blast+1","Mind Blast+1","Swift Strike","Dark Shackles","Trip","Pommel Strike+1","Shrug It Off","Pommel Strike+1","Clothesline","Pummel","Flex","Pummel","Offering+1","Twin Strike","Hemokinesis","Ghostly Armor","Dropkick","Iron Wave","Armaments","Evolve+1","Wild Strike","Iron Wave","Wild Strike","Headbutt","Warcry","Flash of Steel","Secret Weapon","Shockwave","Pommel Strike+1","Armaments+1","Seeing Red+1","Evolve","Flex","Exhume+1","Sever Soul+1","Pommel Strike+1","Havoc","Metallicize+1","Dark Embrace","Power Through+1","Burning Pact","Twin Strike","Searing Blow+1","Flex","Iron Wave"],"special_seed":17710,"relics":["Burning Blood","Singing Bowl","Tiny Chest","Letter Opener","War Paint","Incense Burner","Pandora\u0027s Box","Juzu Bracelet","Happy Flower","Mercury Hourglass","Nilry\u0027s Codex","Toolbox","Busted Crown","Ice Cream","Bag of Marbles","Thread and Needle","Matryoshka","Blood Vial","Meat on the Bone","Bottled Lightning"],"potions_floor_usage":[6,6,16,23,23,31,41,50,50,50],"damage_taken":[{"damage":0,"enemies":"2 Louse","floor":1,"turns":2},{"damage":6,"enemies":"Cultist","floor":2,"turns":3},{"damage":0,"enemies":"Small Slimes","floor":3,"turns":2},{"damage":0,"enemies":"Gremlin Nob","floor":6,"turns":2},{"damage":24,"enemies":"3 Sentries","floor":8,"turns":4},{"damage":0,"enemies":"Exordium Wildlife","floor":10,"turns":1},{"damage":0,"enemies":"3 Louse","floor":12,"turns":2},{"damage":0,"enemies":"Gremlin Nob","floor":13,"turns":2},{"damage":0,"enemies":"2 Fungi Beasts","floor":14,"turns":1},{"damage":7,"enemies":"Slime Boss","floor":16,"turns":7},{"damage":0,"enemies":"Spheric Guardian","floor":18,"turns":3},{"damage":7,"enemies":"3 Byrds","floor":19,"turns":3},{"damage":3,"enemies":"Snake Plant","floor":22,"turns":2},{"damage":7,"enemies":"Book of Stabbing","floor":23,"turns":3},{"damage":8,"enemies":"Centurion and Healer","floor":24,"turns":3},{"damage":4,"enemies":"Gremlin Leader","floor":27,"turns":6},{"damage":4,"enemies":"Sentry and Sphere","floor":28,"turns":3},{"damage":0,"enemies":"Snake Plant","floor":29,"turns":1},{"damage":0,"enemies":"Slavers","floor":31,"turns":1},{"damage":1,"enemies":"Collector","floor":33,"turns":3},{"damage":0,"enemies":"Orb Walker","floor":35,"turns":1},{"damage":16,"floor":36,"turns":2},{"damage":1,"enemies":"3 Shapes","floor":39,"turns":1},{"damage":4,"enemies":"Giant Head","floor":41,"turns":5},{"damage":4,"enemies":"Nemesis","floor":44,"turns":1},{"damage":0,"enemies":"3 Darklings","floor":45,"turns":1},{"damage":7,"enemies":"Giant Head","floor":46,"turns":3},{"damage":0,"enemies":"Maw","floor":47,"turns":3},{"damage":31,"enemies":"Time Eater","floor":50,"turns":6}],"seed_played":"8379956509153837283","potions_obtained":[{"floor":1,"key":"Poison Potion"},{"floor":3,"key":"AttackPotion"},{"floor":8,"key":"SpeedPotion"},{"floor":10,"key":"SpeedPotion"},{"floor":14,"key":"SteroidPotion"},{"floor":16,"key":"Block Potion"},{"floor":18,"key":"PowerPotion"},{"floor":19,"key":"GamblersBrew"},{"floor":27,"key":"AttackPotion"},{"floor":29,"key":"BloodPotion"},{"floor":31,"key":"Block Potion"},{"floor":35,"key":"Poison Potion"},{"floor":44,"key":"Regen Potion"}],"is_trial":false,"path_per_floor":["M","M","M","?","?","E","R","E","T","M","R","M","E","M","R","B",null,"M","M","?","$","M","E","M","R","T","E","M","M","?","E","R","B",null,"M","?","?","$","M","R","E","R","T","E","M","E","M","$","R","B"],"character_chosen":"IRONCLAD","items_purchased":["Headbutt","Warcry","Flash of Steel","Secret Weapon","Bag of Marbles","Havoc","Bottled Lightning","Flex","Iron Wave"],"campfire_rested":0,"item_purchase_floors":[21,21,21,21,38,38,48,48,48],"current_hp_per_floor":[80,80,80,80,80,80,80,64,64,72,72,78,84,84,84,83,84,84,83,83,83,84,83,81,81,81,83,84,84,68,76,76,81,86,86,76,76,76,81,81,83,83,83,86,86,85,86,86,86,75],"gold":6,"neow_bonus":"","is_prod":false,"is_daily":true,"chose_seed":false,"campfire_upgraded":8,"win_rate":0,"timestamp":1530161531,"path_taken":["M","M","M","?","?","E","R","E","T","M","R","M","E","M","R","BOSS","M","M","?","$","M","E","M","R","T","E","M","M","?","E","R","BOSS","M","?","?","$","M","R","E","R","T","E","M","E","M","$","R","BOSS"],"build_version":"2018-06-21v2","purchased_purges":0,"victory":true,"max_hp_per_floor":[80,80,80,80,80,80,80,82,82,84,84,84,84,84,84,84,84,84,84,84,84,84,84,84,84,84,84,84,84,84,86,86,86,86,86,86,86,86,86,86,86,86,86,86,86,86,86,86,86,86],"card_choices":[{"not_picked":["Body Slam","Clash"],"picked":"Pommel Strike","floor":1},{"not_picked":["Whirlwind","True Grit"],"picked":"Shrug It Off","floor":2},{"not_picked":["Entrench","Rupture"],"picked":"Pommel Strike","floor":3},{"not_picked":["Pummel","Sword Boomerang"],"picked":"Clothesline","floor":6},{"not_picked":["Limit Break","Second Wind","Rampage"],"picked":"Singing Bowl","floor":8},{"not_picked":["Body Slam","Anger","Combust"],"picked":"Singing Bowl","floor":10},{"not_picked":["Sever Soul","Searing Blow"],"picked":"Pummel","floor":12},{"not_picked":["Feel No Pain","Second Wind"],"picked":"Flex","floor":13},{"not_picked":["Clothesline","Fire Breathing"],"picked":"Pummel","floor":14},{"not_picked":["Bludgeon","Immolate"],"picked":"Offering","floor":16},{"not_picked":["Havoc","Bloodletting"],"picked":"Wild Strike","floor":18},{"not_picked":["Thunderclap","Feel No Pain"],"picked":"Iron Wave","floor":19},{"not_picked":["Second Wind","Pommel Strike"],"picked":"Shockwave","floor":22},{"not_picked":["Body Slam+1","Perfected Strike"],"picked":"Pommel Strike+1","floor":23},{"not_picked":["Clash","Cleave"],"picked":"Armaments+1","floor":24},{"not_picked":["Bloodletting","Clothesline"],"picked":"Seeing Red","floor":27},{"not_picked":["Power Through","Sword Boomerang"],"picked":"Evolve","floor":28},{"not_picked":["Ghostly Armor","Clash+1"],"picked":"Flex","floor":29},{"not_picked":["Body Slam","Cleave+1","Reckless Charge"],"picked":"Singing Bowl","floor":31},{"not_picked":["Reaper","Limit Break"],"picked":"Exhume","floor":33},{"not_picked":[],"picked":"Sever Soul+1","floor":35},{"not_picked":[],"picked":"Pommel Strike+1","floor":36},{"not_picked":[],"picked":"Metallicize+1","floor":39},{"not_picked":[],"picked":"Dark Embrace","floor":41},{"not_picked":[],"picked":"Power Through+1","floor":44},{"not_picked":[],"picked":"Burning Pact","floor":45},{"not_picked":[],"picked":"Twin Strike","floor":46},{"not_picked":[],"picked":"Searing Blow+1","floor":47}],"player_experience":263938,"relics_obtained":[{"floor":6,"key":"Tiny Chest"},{"floor":8,"key":"Letter Opener"},{"floor":9,"key":"War Paint"},{"floor":13,"key":"Incense Burner"},{"floor":23,"key":"Juzu Bracelet"},{"floor":26,"key":"Happy Flower"},{"floor":27,"key":"Mercury Hourglass"},{"floor":30,"key":"Nilry\u0027s Codex"},{"floor":31,"key":"Toolbox"},{"floor":36,"key":"Ice Cream"},{"floor":41,"key":"Thread and Needle"},{"floor":43,"key":"Matryoshka"},{"floor":44,"key":"Blood Vial"},{"floor":46,"key":"Meat on the Bone"}],"event_choices":[{"event_name":"Wheel of Change","player_choice":"Relic","floor":4,"damage_taken":0},{"event_name":"The Cleric","player_choice":"Card Removal","floor":5,"damage_taken":0},{"event_name":"The Library","player_choice":"Read","floor":20,"damage_taken":0},{"event_name":"Cursed Tome","player_choice":"Obtained Book","floor":30,"damage_taken":0},{"event_name":"Mysterious Sphere","player_choice":"Fight","floor":36,"damage_taken":0},{"event_name":"Purifier","player_choice":"One Purge","floor":37,"damage_taken":0}],"boss_relics":[{"not_picked":["Snecko Eye","Empty Cage"],"picked":"Pandora\u0027s Box"},{"not_picked":["White Beast Statue","Velvet Choker"],"picked":"Busted Crown"}],"items_purged_floors":[],"is_endless":false,"potions_floor_spawned":[1,3,8,10,14,16,18,19,27,29,31,35,44],"ascension_level":0}