{"gold_per_floor":[144,144,193,193,25,123,123,172,222,271,320,21,70,119,119,444,444,493,493,542,92,92,182,182,231,281,281,379,379,428,526,526,851,851,900,880,680,157,206,206,304,353,378,427,434,532,581,581,581,581],"floor_reached":51,"playtime":3613,"items_purged":["Injury","Normality","Normality"],"score":972,"play_id":"e3c65f06-ccac-46ed-b602-feca85bed1e4","local_time":"20190301163911","daily_mods":["Insanity","Diverse","Midas"],"is_ascension_mode":false,"campfire_choices":[{"floor":15,"key":"REST"},{"floor":24,"key":"REST"},{"floor":32,"key":"REST"},{"floor":40,"key":"REST"},{"floor":49,"key":"REST"}],"neow_cost":"","seed_source_timestamp":0,"circlet_count":0,"master_deck":["Sword Boomerang","Noxious Fumes","Flex","Footwork","BootSequence","Redo","Caltrops","Sunder","Scrape","Heavy Blade+1","Wild Strike","Streamline","True Grit","Go for the Eyes","Twin Strike","Body Slam","Hello World","Skewer","Headbutt","Sever Soul","Beam Cell","Sword Boomerang","Ball Lightning","Headbutt","Dagger Throw","Go for the Eyes","Sucker Punch","Outmaneuver","Heavy Blade","Dodge and Roll","Streamline","Stack","Iron Wave","Warcry","Twin Strike","Whirlwind","Chill","Poisoned Stab","Dual Wield","Twin Strike","Wild Strike","Slice","Deflect","Armaments","Chaos","Distraction","Endless Agony","Dagger Spray","Armaments","Endless Agony","Mind Blast","Headbutt","Dash","Adrenaline","Steam","Flex+1","FTL","Cold Snap","Creative AI","Rebound+1","Armaments+1","Steam+1","Hologram+1","Double Energy+1","Anger+1","Chill+1","Demon Form","Pain","Warcry+1","Flex+1","Static Discharge","Coolheaded+1","After Image","Choke+1","Uppercut+1","Fire Breathing+1","Underhanded Strike","PiercingWail+1","Madness+1","Madness+1","Infernal Blade+1"],"special_seed":17956,"relics":["Burning Blood","Golden Idol","Gremlin Horn","FaceOfCleric","Smiling Mask","Toxic Egg 2","Mark of Pain","MutagenicStrength","Charon\u0027s Ashes","Pen Nib","Enchiridion","PreservedInsect","Sundial","Centennial Puzzle","Oddly Smooth Stone","Calling Bell","Dream Catcher","Ornamental Fan","Nunchaku","Happy Flower","Whetstone","Thread and Needle","Ancient Tea Set","Blood Vial","Gambling Chip","Dead Branch"],"potions_floor_usage":[33,50,50,50],"damage_taken":[{"damage":3,"enemies":"Jaw Worm","floor":1,"turns":3},{"damage":0,"enemies":"Small Slimes","floor":3,"turns":2},{"damage":18,"enemies":"3 Sentries","floor":6,"turns":5},{"damage":0,"enemies":"2 Louse","floor":8,"turns":1},{"damage":3,"enemies":"Lots of Slimes","floor":10,"turns":2},{"damage":0,"enemies":"Looter","floor":11,"turns":1},{"damage":0,"enemies":"Large Slime","floor":13,"turns":2},{"damage":0,"enemies":"Blue Slaver","floor":14,"turns":1},{"damage":56,"enemies":"The Guardian","floor":16,"turns":7},{"damage":0,"enemies":"2 Thieves","floor":18,"turns":2},{"damage":0,"enemies":"Shell Parasite","floor":20,"turns":1},{"damage":0,"enemies":"Chosen and Byrds","floor":25,"turns":2},{"damage":0,"enemies":"Slavers","floor":28,"turns":1},{"damage":1,"enemies":"3 Cultists","floor":30,"turns":2},{"damage":2,"enemies":"Book of Stabbing","floor":31,"turns":2},{"damage":53,"enemies":"Collector","floor":33,"turns":7},{"damage":0,"enemies":"3 Shapes","floor":35,"turns":3},{"damage":0,"enemies":"Orb Walker","floor":39,"turns":1},{"damage":0,"enemies":"Reptomancer","floor":41,"turns":1},{"damage":0,"enemies":"Spire Growth","floor":42,"turns":1},{"damage":3,"enemies":"4 Shapes","floor":44,"turns":2},{"damage":0,"enemies":"2 Orb Walkers","floor":45,"turns":2},{"damage":32,"enemies":"Nemesis","floor":46,"turns":3},{"damage":5,"enemies":"Maw","floor":47,"turns":5},{"damage":79,"enemies":"Time Eater","floor":50,"turns":7}],"seed_played":"8353618742473353149","potions_obtained":[{"floor":3,"key":"EssenceOfSteel"},{"floor":10,"key":"Dexterity Potion"},{"floor":13,"key":"BloodPotion"},{"floor":16,"key":"LiquidBronze"},{"floor":30,"key":"Fire Potion"},{"floor":36,"key":"Fire Potion"},{"floor":41,"key":"Energy Potion"},{"floor":42,"key":"PowerPotion"}],"is_trial":false,"path_per_floor":["M","?","M","?","$","E","?","M","T","M","M","$","M","M","R","B",null,"M","?","M","$","?","?","R","M","T","T","E","?","M","E","R","B",null,"M","?","$","$","M","R","E","M","T","M","?","E","M","?","R","B",null],"character_chosen":"IRONCLAD","items_purchased":["Mind Blast","Toxic Egg 2","Flex+1","Charon\u0027s Ashes","Pen Nib","Happy Flower","Whetstone","Thread and Needle","Flex+1"],"campfire_rested":5,"item_purchase_floors":[5,12,12,21,21,37,38,38,38],"current_hp_per_floor":[80,80,80,80,80,68,68,75,75,79,83,83,84,85,85,36,86,87,87,88,88,72,56,82,89,89,89,90,90,91,92,92,46,93,94,94,94,94,95,95,96,97,97,98,99,74,78,65,95,35],"gold":581,"neow_bonus":"","is_prod":false,"is_daily":true,"chose_seed":false,"campfire_upgraded":0,"win_rate":0.0,"timestamp":1551476351,"path_taken":["M","?","M","?","$","E","?","M","T","?","M","$","M","M","R","BOSS","M","?","M","$","?","?","R","?","T","?","E","?","M","E","R","BOSS","M","?","?","$","M","R","E","M","T","?","?","E","M","?","R","BOSS"],"build_version":"2019-01-23","purchased_purges":3,"victory":true,"max_hp_per_floor":[80,80,80,80,80,80,80,81,81,82,83,83,84,85,85,86,86,87,87,88,88,88,88,88,89,89,89,90,90,91,92,92,93,93,94,94,94,94,95,95,96,97,97,98,99,100,101,101,101,102],"card_choices":[{"not_picked":["Wild Strike","Barrage","Shrug It Off"],"picked":"SKIP","floor":1},{"not_picked":["Gash","Cold Snap","Distraction"],"picked":"SKIP","floor":3},{"not_picked":["Clothesline","Go for the Eyes"],"picked":"Headbutt","floor":6},{"not_picked":["Carnage","Pommel Strike"],"picked":"Dash","floor":8},{"not_picked":["Capacitor","Hologram"],"picked":"Adrenaline","floor":10},{"not_picked":["Entrench","Barrage"],"picked":"Steam","floor":11},{"not_picked":["Whirlwind","True Grit+1"],"picked":"FTL","floor":13},{"not_picked":["Slice","Sweeping Beam"],"picked":"Cold Snap","floor":14},{"not_picked":["Amplify+1","Fiend Fire"],"picked":"Creative AI","floor":16},{"not_picked":["Burning Pact+1","Cold Snap"],"picked":"Rebound","floor":18},{"not_picked":["Quick Slash+1","Seeing Red+1"],"picked":"Armaments+1","floor":20},{"not_picked":["Body Slam","Rupture"],"picked":"Steam+1","floor":25},{"not_picked":["Bullet Time+1","Compile Driver+1"],"picked":"Hologram+1","floor":28},{"not_picked":["Storm","Hemokinesis"],"picked":"Anger+1","floor":30},{"not_picked":["Second Wind+1","Rainbow+1"],"picked":"Chill+1","floor":31},{"not_picked":["Fiend Fire","Impervious+1"],"picked":"Demon Form","floor":33},{"not_picked":["Havoc+1","Quick Slash"],"picked":"Warcry+1","floor":35},{"not_picked":["Coolheaded+1","Headbutt"],"picked":"Static Discharge","floor":39},{"not_picked":["Iron Wave","Barrage"],"picked":"Coolheaded+1","floor":40},{"not_picked":["Streamline+1","Rebound+1"],"picked":"After Image","floor":41},{"not_picked":["Riddle With Holes+1","Slice"],"picked":"Choke+1","floor":42},{"not_picked":["Compile Driver","Doom and Gloom"],"picked":"Uppercut+1","floor":44},{"not_picked":["Dash","Quick Slash+1"],"picked":"Fire Breathing+1","floor":45},{"not_picked":["Dash","Catalyst+1"],"picked":"Underhanded Strike","floor":46},{"not_picked":["Prepared+1","Heavy Blade"],"picked":"PiercingWail+1","floor":47},{"not_picked":["PiercingWail+1","White Noise+1"],"picked":"Infernal Blade+1","floor":49}],"player_experience":1948,"relics_obtained":[{"floor":6,"key":"Gremlin Horn"},{"floor":9,"key":"Smiling Mask"},{"floor":22,"key":"Enchiridion"},{"floor":26,"key":"PreservedInsect"},{"floor":27,"key":"Sundial"},{"floor":28,"key":"Centennial Puzzle"},{"floor":31,"key":"Oddly Smooth Stone"},{"floor":34,"key":"Dream Catcher"},{"floor":34,"key":"Ornamental Fan"},{"floor":34,"key":"Nunchaku"},{"floor":41,"key":"Ancient Tea Set"},{"floor":43,"key":"Blood Vial"},{"floor":45,"key":"Gambling Chip"},{"floor":46,"key":"Dead Branch"}],"event_choices":[{"damage_healed":0,"gold_gain":0,"player_choice":"Take Wound","damage_taken":0,"relics_obtained":["Golden Idol"],"max_hp_gain":0,"max_hp_loss":0,"event_name":"Golden Idol","floor":2,"gold_loss":0,"cards_obtained":["Injury"]},{"damage_healed":0,"gold_gain":0,"player_choice":"Ignored","damage_taken":0,"max_hp_gain":0,"max_hp_loss":0,"event_name":"Liars Game","floor":4,"gold_loss":0},{"damage_healed":0,"gold_gain":0,"player_choice":"Trade","damage_taken":0,"relics_obtained":["FaceOfCleric"],"max_hp_gain":0,"max_hp_loss":0,"event_name":"FaceTrader","floor":7,"gold_loss":0},{"damage_healed":0,"gold_gain":0,"player_choice":"Inject Mutagens","damage_taken":0,"relics_obtained":["MutagenicStrength"],"max_hp_gain":0,"max_hp_loss":0,"event_name":"Drug Dealer","floor":19,"gold_loss":0},{"damage_healed":0,"gold_gain":0,"player_choice":"Obtained Book","damage_taken":16,"max_hp_gain":0,"max_hp_loss":0,"event_name":"Cursed Tome","floor":22,"gold_loss":0},{"damage_healed":0,"gold_gain":90,"player_choice":"GOLD ","damage_taken":16,"max_hp_gain":0,"max_hp_loss":0,"event_name":"Knowing Skull","floor":23,"potions_obtained":[],"gold_loss":0,"cards_obtained":[]},{"damage_healed":0,"gold_gain":0,"player_choice":"Read","damage_taken":0,"max_hp_gain":0,"max_hp_loss":0,"event_name":"The Library","floor":29,"gold_loss":0,"cards_obtained":["Double Energy"]},{"damage_healed":0,"gold_gain":0,"player_choice":"Bought 1 Potion","damage_taken":0,"max_hp_gain":0,"max_hp_loss":0,"event_name":"The Woman in Blue","floor":36,"gold_loss":0},{"damage_healed":0,"gold_gain":0,"player_choice":"Fight","damage_taken":0,"max_hp_gain":0,"max_hp_loss":0,"event_name":"Mysterious Sphere","floor":45,"gold_loss":0},{"damage_healed":0,"gold_gain":0,"player_choice":"Embrace Madness","damage_taken":13,"max_hp_gain":0,"max_hp_loss":0,"event_name":"Winding Halls","floor":48,"gold_loss":0,"cards_obtained":["Madness","Madness"]}],"is_beta":false,"boss_relics":[{"not_picked":["Runic Dome","Velvet Choker"],"picked":"Mark of Pain"},{"not_picked":["Busted Crown","Astrolabe"],"picked":"Calling Bell"}],"items_purged_floors":[5,37,38],"is_endless":false,"potions_floor_spawned":[3,10,13,16,28,30,31,41,42,47],"ascension_level":0}