{"gold_per_floor":[114,4,4,4,21,54,54,82,106,106,120,120,45,64,64,139,139,154,114,114,69,58,58,74,74,119,145,162,194,36,36,36,36],"floor_reached":33,"playtime":2737,"items_purged":["Strike_R","Strike_R+1"],"score":582,"play_id":"093c5abd-4533-46ef-b99b-3eef4ff05d1f","local_time":"20190221223525","is_ascension_mode":true,"campfire_choices":[{"data":"Bash","floor":7,"key":"SMITH"},{"data":"True Grit","floor":10,"key":"SMITH"},{"data":"Disarm","floor":12,"key":"SMITH"},{"data":"Spot Weakness","floor":15,"key":"SMITH"},{"data":"Demon Form","floor":23,"key":"SMITH"},{"floor":25,"key":"REST"},{"floor":32,"key":"REST"}],"neow_cost":"CURSE","seed_source_timestamp":11494302910926,"circlet_count":0,"master_deck":["AscendersBane","Strike_R+1","Strike_R+1","Strike_R+1","Defend_R+1","Defend_R+1","Defend_R+1","Defend_R+1","Bash+1","Parasite","Hemokinesis+1","Thunderclap","Anger","Disarm+1","Spot Weakness+1","True Grit+1","Ghostly Armor","Demon Form+1","Disarm","Evolve","Reckless Charge","True Grit","Headbutt","Pummel","Sentinel","True Grit"],"relics":["Burning Blood","Champion Belt","Red Skull","Mummified Hand","Strawberry","Mark of Pain","PreservedInsect","Bronze Scales","Letter Opener"],"potions_floor_usage":[16,27,33,33],"damage_taken":[{"damage":8,"enemies":"Jaw Worm","floor":1,"turns":5},{"damage":0,"enemies":"2 Louse","floor":5,"turns":3},{"damage":25,"enemies":"Lagavulin","floor":6,"turns":6},{"damage":36,"enemies":"Gremlin Nob","floor":8,"turns":4},{"damage":0,"enemies":"Cultist","floor":11,"turns":2},{"damage":1,"enemies":"Looter","floor":14,"turns":3},{"damage":32,"enemies":"The Guardian","floor":16,"turns":13},{"damage":10,"enemies":"3 Byrds","floor":18,"turns":6},{"damage":21,"enemies":"2 Thieves","floor":22,"turns":4},{"damage":34,"enemies":"Centurion and Healer","floor":24,"turns":6},{"damage":18,"enemies":"Slavers","floor":27,"turns":3},{"damage":18,"enemies":"Snake Plant","floor":28,"turns":4},{"damage":16,"enemies":"Book of Stabbing","floor":29,"turns":2},{"damage":47,"enemies":"Automaton","floor":33,"turns":6}],"seed_played":"-4589319147838112369","potions_obtained":[{"floor":1,"key":"Dexterity Potion"},{"floor":6,"key":"SpeedPotion"},{"floor":16,"key":"Dexterity Potion"},{"floor":18,"key":"PowerPotion"},{"floor":27,"key":"Dexterity Potion"}],"is_trial":false,"path_per_floor":["M","$","?","?","M","E","R","E","T","R","M","R","$","M","R","B",null,"M","$","?","$","M","R","M","R","T","E","M","E","$","?","R","B"],"character_chosen":"IRONCLAD","items_purchased":["Thunderclap","Anger","Evolve","Reckless Charge","True Grit"],"campfire_rested":2,"item_purchase_floors":[2,2,19,21,30],"current_hp_per_floor":[66,66,66,66,72,53,53,23,30,30,36,36,36,41,41,15,65,61,61,61,61,46,46,18,42,42,30,18,8,8,8,32,0],"gold":36,"neow_bonus":"ONE_RARE_RELIC","is_prod":false,"is_daily":false,"chose_seed":false,"campfire_upgraded":5,"win_rate":0,"timestamp":1550741725,"path_taken":["M","$","?","?","?","E","R","E","T","R","M","R","$","M","R","BOSS","M","$","?","$","M","R","M","R","T","E","M","E","$","?","R","BOSS"],"build_version":"2019-01-23","purchased_purges":2,"victory":false,"max_hp_per_floor":[75,75,75,75,75,75,75,75,82,82,82,82,82,82,82,82,82,82,82,82,82,82,82,82,82,82,82,82,82,82,82,82,82],"card_choices":[{"not_picked":["Evolve","Headbutt"],"picked":"Hemokinesis","floor":1},{"not_picked":["Clothesline","Clash"],"picked":"Disarm","floor":5},{"not_picked":["Havoc","Evolve"],"picked":"Spot Weakness","floor":6},{"not_picked":["Bloodletting","Twin Strike"],"picked":"True Grit","floor":8},{"not_picked":["Havoc","Combust","Anger"],"picked":"SKIP","floor":11},{"not_picked":["Havoc","Combust","Anger"],"picked":"SKIP","floor":11},{"not_picked":["Iron Wave","Searing Blow"],"picked":"Ghostly Armor","floor":14},{"not_picked":["Brutality","Berserk"],"picked":"Demon Form","floor":16},{"not_picked":["Sword Boomerang","Perfected Strike+1"],"picked":"Disarm","floor":18},{"not_picked":["Evolve","Corruption"],"picked":"True Grit","floor":22},{"not_picked":["Infernal Blade","Body Slam"],"picked":"Headbutt","floor":24},{"not_picked":["Spot Weakness+1","Hemokinesis","Pommel Strike"],"picked":"SKIP","floor":27},{"not_picked":["Clothesline+1","Wild Strike+1"],"picked":"Pummel","floor":28},{"not_picked":["Clash+1","Twin Strike"],"picked":"Sentinel","floor":29}],"player_experience":389348,"relics_obtained":[{"floor":6,"key":"Red Skull"},{"floor":8,"key":"Mummified Hand"},{"floor":9,"key":"Strawberry"},{"floor":26,"key":"PreservedInsect"},{"floor":27,"key":"Bronze Scales"},{"floor":29,"key":"Letter Opener"}],"event_choices":[{"damage_healed":0,"gold_gain":0,"player_choice":"Grow","damage_taken":0,"max_hp_gain":0,"max_hp_loss":0,"event_name":"Living Wall","floor":3,"gold_loss":0,"cards_upgraded":["Hemokinesis"]},{"damage_healed":0,"gold_gain":0,"player_choice":"0 cards matched","damage_taken":0,"max_hp_gain":0,"max_hp_loss":0,"event_name":"Match and Keep!","floor":4,"gold_loss":0,"cards_obtained":[]},{"damage_healed":0,"gold_gain":0,"player_choice":"Simplicity","damage_taken":0,"max_hp_gain":0,"max_hp_loss":0,"event_name":"Back to Basics","floor":20,"gold_loss":0,"cards_upgraded":["Strike_R","Strike_R","Strike_R","Strike_R","Defend_R","Defend_R","Defend_R","Defend_R"]},{"damage_healed":0,"gold_gain":0,"player_choice":"Ignored","damage_taken":0,"max_hp_gain":0,"max_hp_loss":0,"event_name":"Cursed Tome","floor":31,"gold_loss":0}],"is_beta":false,"boss_relics":[{"not_picked":["Runic Cube","Calling Bell"],"picked":"Mark of Pain"}],"items_purged_floors":[13,30],"is_endless":false,"potions_floor_spawned":[1,6,16,18,27,28],"killed_by":"Automaton","ascension_level":20}