{"gold_per_floor":[110,110,85,100,5,5,16,16,16,51,65,92,103,122,122,199,199,199,199,199,199,124,124,124,124,124,68,68,40,40,40,40,40,40,40,40,40,40,40,40,40,40],"floor_reached":42,"playtime":2189,"items_purged":["Pain"],"score":992,"play_id":"43240ff4-f6f7-4c59-a66c-b590e7d25725","local_time":"20190218032743","is_ascension_mode":true,"campfire_choices":[{"data":"Carnage","floor":6,"key":"SMITH"},{"data":"Bash","floor":8,"key":"SMITH"},{"floor":15,"key":"REST"},{"data":"True Grit","floor":28,"key":"SMITH"},{"data":"True Grit","floor":30,"key":"SMITH"},{"floor":32,"key":"REST"},{"data":"Armaments","floor":40,"key":"SMITH"}],"neow_cost":"TEN_PERCENT_HP_LOSS","seed_source_timestamp":58211498162742,"circlet_count":0,"master_deck":["AscendersBane","Strike_R","Defend_R+1","Defend_R+1","Defend_R","Defend_R","Bash+1","Carnage+1","Pommel Strike","Thunderclap","Evolve","Shrug It Off","Fiend Fire","Anger","Headbutt","Battle Trance","Impervious","Armaments+1","Shockwave+1","Metallicize+1","Inflame","True Grit+1","Armaments+1","True Grit+1","Double Tap","Feed","Spot Weakness","Panacea","Blind","Shrug It Off"],"relics":["Burning Blood","Mercury Hourglass","Dodecahedron","War Paint","Ectoplasm","WarpedTongs","Incense Burner","Mummified Hand","Oddly Smooth Stone","Runic Cube"],"potions_floor_usage":[12,16,18,21,23,33,33],"damage_taken":[{"damage":0,"enemies":"2 Louse","floor":1,"turns":4},{"damage":1,"enemies":"Cultist","floor":4,"turns":3},{"damage":0,"enemies":"Small Slimes","floor":7,"turns":2},{"damage":32,"enemies":"Gremlin Nob","floor":10,"turns":4},{"damage":6,"enemies":"Exordium Thugs","floor":11,"turns":5},{"damage":23,"enemies":"Lagavulin","floor":12,"turns":5},{"damage":6,"enemies":"3 Louse","floor":13,"turns":3},{"damage":9,"enemies":"Red Slaver","floor":14,"turns":2},{"damage":0,"enemies":"Slime Boss","floor":16,"turns":5},{"damage":21,"enemies":"Shell Parasite","floor":18,"turns":2},{"damage":4,"enemies":"Spheric Guardian","floor":20,"turns":4},{"damage":8,"enemies":"Centurion and Healer","floor":21,"turns":4},{"damage":14,"enemies":"Book of Stabbing","floor":23,"turns":5},{"damage":3,"enemies":"Sentry and Sphere","floor":25,"turns":5},{"damage":17,"enemies":"Slavers","floor":31,"turns":4},{"damage":4,"enemies":"Champ","floor":33,"turns":10},{"damage":6,"enemies":"Orb Walker","floor":35,"turns":2},{"damage":9,"enemies":"3 Darklings","floor":37,"turns":7},{"damage":16,"enemies":"Jaw Worm Horde","floor":41,"turns":7},{"damage":60,"enemies":"Reptomancer","floor":42,"turns":5}],"seed_played":"758215809255676352","potions_obtained":[{"floor":1,"key":"Dexterity Potion"},{"floor":7,"key":"Dexterity Potion"},{"floor":11,"key":"Strength Potion"},{"floor":14,"key":"FairyPotion"},{"floor":16,"key":"BloodPotion"},{"floor":18,"key":"PowerPotion"},{"floor":20,"key":"EssenceOfSteel"},{"floor":31,"key":"Weak Potion"},{"floor":37,"key":"FearPotion"}],"is_trial":false,"path_per_floor":["M","?","$","M","$","R","M","R","T","E","M","E","M","M","R","B",null,"M","?","M","M","$","E","?","M","T","$","R","$","R","E","R","B",null,"M","?","M","?","?","R","M","E"],"character_chosen":"IRONCLAD","items_purchased":["Pommel Strike","Evolve","Shrug It Off","PowerPotion","True Grit"],"campfire_rested":2,"item_purchase_floors":[3,5,5,27,29],"current_hp_per_floor":[68,68,68,68,68,68,68,68,68,42,42,25,25,22,42,48,63,54,54,56,54,54,46,46,49,49,49,49,49,49,38,58,60,66,66,56,53,53,53,53,43,0],"gold":40,"neow_bonus":"REMOVE_TWO","is_prod":false,"is_daily":false,"chose_seed":false,"campfire_upgraded":5,"win_rate":0,"timestamp":1550413663,"path_taken":["M","?","?","M","$","R","M","R","T","E","?","E","M","M","R","BOSS","M","?","M","?","$","E","?","?","T","$","R","$","R","E","R","BOSS","M","?","M","?","?","R","M","E"],"build_version":"2019-01-23","purchased_purges":1,"victory":false,"max_hp_per_floor":[68,68,68,68,68,68,68,68,68,68,68,68,68,68,68,68,68,68,68,68,68,68,68,68,68,68,68,68,68,68,68,68,68,68,68,68,68,68,65,65,65,65],"card_choices":[{"not_picked":["Warcry","Pommel Strike"],"picked":"Carnage","floor":1},{"not_picked":["Twin Strike","Carnage"],"picked":"Thunderclap","floor":4},{"not_picked":["Entrench","Pommel Strike"],"picked":"Fiend Fire","floor":7},{"not_picked":["Heavy Blade","Carnage","Pommel Strike"],"picked":"SKIP","floor":10},{"not_picked":["Bloodletting","Rupture"],"picked":"Anger","floor":11},{"not_picked":["Second Wind","Carnage","Body Slam"],"picked":"SKIP","floor":12},{"not_picked":["Cleave","Feel No Pain"],"picked":"Headbutt","floor":13},{"not_picked":["Reaper","Anger"],"picked":"Battle Trance","floor":14},{"not_picked":["Double Tap","Feed"],"picked":"Impervious","floor":16},{"not_picked":["Pommel Strike","Perfected Strike"],"picked":"Armaments","floor":18},{"not_picked":["Pommel Strike","Iron Wave"],"picked":"Shockwave+1","floor":20},{"not_picked":["Anger","Rampage"],"picked":"Metallicize+1","floor":21},{"not_picked":["Havoc","Armaments+1"],"picked":"Inflame","floor":23},{"not_picked":["Rampage","Twin Strike"],"picked":"Armaments+1","floor":25},{"not_picked":["Sever Soul+1","Bloodletting"],"picked":"Double Tap","floor":31},{"not_picked":["Double Tap","Exhume"],"picked":"Feed","floor":33},{"not_picked":["Headbutt+1","Heavy Blade"],"picked":"Spot Weakness","floor":35},{"not_picked":["Bandage Up","Jack Of All Trades"],"picked":"Panacea","floor":36},{"not_picked":["Violence","Thinking Ahead"],"picked":"Blind","floor":36},{"not_picked":["Pummel+1","Metallicize","Combust+1"],"picked":"SKIP","floor":37},{"not_picked":["Perfected Strike","Havoc"],"picked":"Shrug It Off","floor":41}],"player_experience":327784,"relics_obtained":[{"floor":9,"key":"Mercury Hourglass"},{"floor":10,"key":"Dodecahedron"},{"floor":12,"key":"War Paint"},{"floor":23,"key":"Incense Burner"},{"floor":26,"key":"Mummified Hand"},{"floor":31,"key":"Oddly Smooth Stone"}],"event_choices":[{"damage_healed":0,"gold_gain":0,"player_choice":"0 cards matched","damage_taken":0,"max_hp_gain":0,"max_hp_loss":0,"event_name":"Match and Keep!","floor":2,"gold_loss":0,"cards_obtained":[]},{"damage_healed":0,"gold_gain":0,"player_choice":"0 cards matched","damage_taken":0,"max_hp_gain":0,"max_hp_loss":0,"event_name":"Match and Keep!","floor":2,"gold_loss":0,"cards_obtained":[]},{"damage_healed":0,"gold_gain":0,"player_choice":"Rummage","damage_taken":0,"relics_obtained":["WarpedTongs"],"max_hp_gain":0,"max_hp_loss":0,"event_name":"Accursed Blacksmith","floor":19,"gold_loss":0,"cards_obtained":["Pain"]},{"damage_healed":0,"gold_gain":0,"cards_transformed":["Strike_R"],"player_choice":"Transformed","damage_taken":0,"max_hp_gain":0,"max_hp_loss":0,"event_name":"Transmorgrifier","floor":24,"gold_loss":0,"cards_obtained":["True Grit"]},{"damage_healed":0,"gold_gain":0,"player_choice":"Memory 3","damage_taken":10,"max_hp_gain":0,"max_hp_loss":0,"event_name":"SensoryStone","floor":36,"gold_loss":0},{"cards_removed":["Strike_R"],"damage_healed":0,"gold_gain":0,"player_choice":"Removed Attack","damage_taken":0,"max_hp_gain":0,"max_hp_loss":0,"event_name":"Falling","floor":38,"gold_loss":0},{"damage_healed":0,"gold_gain":0,"player_choice":"Max HP","damage_taken":0,"max_hp_gain":0,"max_hp_loss":3,"event_name":"Winding Halls","floor":39,"gold_loss":0}],"is_beta":false,"boss_relics":[{"not_picked":["White Beast Statue","Black Blood"],"picked":"Ectoplasm"},{"not_picked":["Tiny House","Coffee Dripper"],"picked":"Runic Cube"}],"items_purged_floors":[22],"is_endless":false,"potions_floor_spawned":[1,7,11,14,16,18,20,31,37],"killed_by":"Reptomancer","ascension_level":20}