{"gold_per_floor":[115,115,65,90,113,156,156,195,195,235,254,254],"floor_reached":12,"playtime":637,"items_purged":[],"score":103,"play_id":"6c5b2a5b-a912-435d-aefd-6aa7b4715ed6","local_time":"20180922025227","is_ascension_mode":true,"campfire_choices":[{"floor":7,"key":"DIG"}],"neow_cost":"","seed_source_timestamp":48333838830341,"circlet_count":0,"master_deck":["Defend_G","Defend_G","Defend_G","Defend_G","Defend_G","Strike_G","Strike_G","Strike_G","Strike_G","Strike_G","Survivor","Neutralize","Bane","Deadly Poison","Backflip","Flying Knee","Poisoned Stab","Burst","Noxious Fumes"],"relics":["Ring of the Snake","Golden Idol","Shovel","Pear","Potion Belt","Shuriken","Dream Catcher"],"potions_floor_usage":[6,10],"damage_taken":[{"damage":0,"enemies":"Small Slimes","floor":1,"turns":4},{"damage":0,"enemies":"2 Louse","floor":4,"turns":3},{"damage":0,"enemies":"Jaw Worm","floor":5,"turns":3},{"damage":26,"enemies":"Gremlin Nob","floor":6,"turns":4},{"damage":24,"enemies":"Lagavulin","floor":8,"turns":7},{"damage":4,"enemies":"Gremlin Nob","floor":10,"turns":4},{"damage":23,"enemies":"Exordium Thugs","floor":11,"turns":6},{"damage":1,"enemies":"3 Sentries","floor":12,"turns":2}],"seed_played":"6569250753042274603","potions_obtained":[{"floor":4,"key":"SkillPotion"},{"floor":5,"key":"GhostInAJar"}],"is_trial":false,"path_per_floor":["M","?","?","M","M","E","R","E","T","E","M"],"character_chosen":"THE_SILENT","items_purchased":[],"campfire_rested":0,"item_purchase_floors":[],"current_hp_per_floor":[70,70,70,70,70,44,54,30,30,26,3,2],"gold":254,"neow_bonus":"","is_prod":false,"is_daily":false,"chose_seed":false,"campfire_upgraded":0,"win_rate":0,"timestamp":1537599147,"path_taken":["M","?","?","M","M","E","R","E","T","E","M","E"],"build_version":"2018-09-20","purchased_purges":0,"victory":false,"max_hp_per_floor":[70,70,70,70,70,70,80,80,80,80,80,80],"card_choices":[{"not_picked":["Reflex","Flechettes"],"picked":"Bane","floor":1},{"not_picked":["Cloak And Dagger","Deflect"],"picked":"Deadly Poison","floor":4},{"not_picked":["Acrobatics","Terror"],"picked":"Backflip","floor":5},{"not_picked":["Dagger Throw","Grand Finale"],"picked":"Flying Knee","floor":6},{"not_picked":["Grand Finale","Backstab"],"picked":"Poisoned Stab","floor":8},{"not_picked":["Outmaneuver","Slice"],"picked":"Burst","floor":10},{"not_picked":["Catalyst","Outmaneuver"],"picked":"Noxious Fumes","floor":11}],"player_experience":620917,"relics_obtained":[{"floor":6,"key":"Shovel"},{"floor":7,"key":"Pear"},{"floor":8,"key":"Potion Belt"},{"floor":9,"key":"Shuriken"},{"floor":10,"key":"Dream Catcher"}],"event_choices":[{"event_name":"Golden Idol","player_choice":"Take Wound","floor":2,"damage_taken":0},{"event_name":"The Cleric","player_choice":"Card Removal","floor":3,"damage_taken":0}],"is_beta":false,"boss_relics":[],"items_purged_floors":[],"is_endless":false,"potions_floor_spawned":[4,5],"killed_by":"3 Sentries","ascension_level":1}