{"gold_per_floor":[163,0,10,29,29,29,40,71,71,146,146,167,194,213,213,290,290,301,301,301,226,246,246,274,274,300,300,18,18,94,129,129,206,206,218,218,234,159,109,109,56,87,87,100,116,127,127,27,27,27],"floor_reached":51,"playtime":2637,"items_purged":["Strike_G+1","All Out Attack+1"],"score":1380,"play_id":"9363f9da-3b60-4728-a92c-c08eac29a12d","local_time":"20190210223323","is_ascension_mode":true,"campfire_choices":[{"data":"Skewer","floor":6.0,"key":"SMITH"},{"data":"Neutralize","floor":11.0,"key":"SMITH"},{"data":"Bouncing Flask","floor":15.0,"key":"SMITH"},{"data":"Corpse Explosion","floor":23,"key":"SMITH"},{"data":"Backflip","floor":25,"key":"SMITH"},{"data":"Dash","floor":27,"key":"SMITH"},{"data":"Deadly Poison","floor":29,"key":"SMITH"},{"floor":32,"key":"REST"},{"floor":40,"key":"REST"},{"floor":47,"key":"REST"},{"data":"Acrobatics","floor":49,"key":"SMITH"}],"neow_cost":"NONE","seed_source_timestamp":0,"circlet_count":0,"master_deck":["AscendersBane","Defend_G+1","Defend_G+1","Defend_G+1","Defend_G+1","Defend_G+1","Survivor","Neutralize+1","Skewer+1","Predator","Backflip+1","Deflect+1","PiercingWail","Dash+1","Bouncing Flask+1","Corpse Explosion+1","Leg Sweep+1","Acrobatics+1","Deadly Poison+1","Adrenaline+1","Dash+1","Leg Sweep+1","Corpse Explosion+1","PiercingWail+1","Discovery+1","Madness+1","Backflip+1","Noxious Fumes+1","Burst+1","PiercingWail+1"],"special_seed":0,"relics":["Tiny House","Happy Flower","Prayer Wheel","Meat on the Bone","Odd Mushroom","Molten Egg 2","Philosopher\u0027s Stone","Boot","Strawberry","Lee\u0027s Waffle","Toxic Egg 2","Ancient Tea Set","Astrolabe","Dream Catcher","Bottled Tornado"],"potions_floor_usage":[50,50],"damage_taken":[{"damage":2.0,"enemies":"2 Louse","floor":1.0,"turns":2.0},{"damage":2.0,"enemies":"Jaw Worm","floor":3.0,"turns":4.0},{"damage":1.0,"enemies":"Small Slimes","floor":4.0,"turns":3.0},{"damage":9.0,"enemies":"Looter","floor":7.0,"turns":4.0},{"damage":14.0,"enemies":"Lagavulin","floor":8.0,"turns":5.0},{"damage":0.0,"enemies":"The Mushroom Lair","floor":12.0,"turns":5.0},{"damage":20.0,"enemies":"3 Sentries","floor":13.0,"turns":10.0},{"damage":0.0,"enemies":"2 Fungi Beasts","floor":14.0,"turns":4.0},{"damage":20.0,"enemies":"Slime Boss","floor":16.0,"turns":6.0},{"damage":9.0,"enemies":"3 Byrds","floor":18.0,"turns":3.0},{"damage":12,"enemies":"Spheric Guardian","floor":22,"turns":4},{"damage":24,"enemies":"Book of Stabbing","floor":24,"turns":6},{"damage":22,"enemies":"Gremlin Leader","floor":31,"turns":6},{"damage":53,"enemies":"Champ","floor":33,"turns":14},{"damage":12,"enemies":"3 Darklings","floor":35,"turns":3},{"damage":0,"enemies":"3 Shapes","floor":37,"turns":2},{"damage":17,"enemies":"Reptomancer","floor":42,"turns":7},{"damage":0,"enemies":"Transient","floor":44,"turns":6},{"damage":25,"enemies":"4 Shapes","floor":45,"turns":4},{"damage":12,"enemies":"3 Darklings","floor":46,"turns":4},{"damage":21,"enemies":"Time Eater","floor":50,"turns":14}],"seed_played":"-7211154653125725740","potions_obtained":[{"floor":0.0,"key":"Fire Potion"},{"floor":3.0,"key":"FearPotion"},{"floor":8.0,"key":"Dexterity Potion"},{"floor":12.0,"key":"AttackPotion"},{"floor":14.0,"key":"Ancient Potion"},{"floor":16.0,"key":"GhostInAJar"}],"is_trial":false,"path_per_floor":["M","$","M","M","?","R","M","E","T","?","R","?","E","M","R","B",null,"M","?","?","$","M","R","E","R","T","R","$","R","T","E","R","B",null,"M","?","M","$","?","R","$","E","T","M","M","M","R","$","R","B",null],"character_chosen":"THE_SILENT","items_purchased":["Happy Flower","Deadly Poison","Lee\u0027s Waffle","Noxious Fumes","SpeedPotion"],"campfire_rested":3,"item_purchase_floors":[2,28,28,38,41],"current_hp_per_floor":[62,62,60,59,64,64,55,41,41,30,30,42,34,46,46,38,67,58,58,58,58,46,46,34,34,41,41,90,90,90,68,90,49,80,68,58,58,58,58,85,85,68,68,68,55,55,82,82,82,61],"gold":27,"neow_bonus":"BOSS_RELIC","is_prod":false,"is_daily":false,"chose_seed":false,"campfire_upgraded":8,"win_rate":0,"timestamp":1549791203,"path_taken":["M","$","M","M","?","R","M","E","T","?","R","?","E","M","R","BOSS","M","?","?","$","?","R","E","R","T","R","$","R","?","E","R","BOSS","M","?","M","$","?","R","$","E","T","M","M","M","R","$","R","BOSS"],"build_version":"2019-01-23","purchased_purges":2,"victory":true,"max_hp_per_floor":[71,71,71,71,76,76,76,76,76,76,76,76,76,76,76,76,76,76,76,76,76,76,76,76,76,83,83,90,90,90,90,90,90,90,90,90,90,90,90,90,90,90,90,90,90,90,90,90,90,90],"card_choices":[{"not_picked":["Underhanded Strike","Dodge and Roll"],"picked":"Skewer","floor":0.0},{"not_picked":["PiercingWail","Skewer"],"picked":"Predator","floor":1.0},{"not_picked":["Prepared","Finisher","Dodge and Roll"],"picked":"SKIP","floor":3.0},{"not_picked":["Quick Slash","Acrobatics"],"picked":"Backflip","floor":4.0},{"not_picked":["Calculated Gamble","Dagger Throw"],"picked":"Deflect","floor":7.0},{"not_picked":["Finisher","Infinite Blades"],"picked":"PiercingWail","floor":8.0},{"not_picked":["Eviscerate","Bullet Time"],"picked":"Dash","floor":12.0},{"not_picked":["Prepared","PiercingWail","Backflip"],"picked":"SKIP","floor":13.0},{"not_picked":["Quick Slash+1","Bane+1"],"picked":"All Out Attack+1","floor":14.0},{"not_picked":["Acrobatics","Tactician"],"picked":"Bouncing Flask","floor":14.0},{"not_picked":["Grand Finale+1","Burst"],"picked":"Corpse Explosion","floor":16.0},{"not_picked":["Concentrate","Poisoned Stab+1"],"picked":"Leg Sweep+1","floor":18.0},{"not_picked":["Predator+1","Blade Dance","Accuracy"],"picked":"SKIP","floor":18.0},{"not_picked":["Underhanded Strike+1","Flying Knee+1"],"picked":"Acrobatics","floor":22},{"not_picked":["Endless Agony+1","Cloak And Dagger","All Out Attack+1"],"picked":"SKIP","floor":22},{"not_picked":["Riddle With Holes+1","Deflect","Eviscerate+1"],"picked":"SKIP","floor":24},{"not_picked":["Deadly Poison+1","Concentrate+1","Skewer+1"],"picked":"SKIP","floor":31},{"not_picked":["Die Die Die+1","Wraith Form v2"],"picked":"Adrenaline+1","floor":33},{"not_picked":["Dodge and Roll+1","Deadly Poison+1"],"picked":"PiercingWail+1","floor":35},{"not_picked":["Deflect+1","Tactician+1","Cloak And Dagger+1"],"picked":"SKIP","floor":35},{"not_picked":["Bandage Up+1","Sadistic Nature"],"picked":"Discovery+1","floor":36},{"not_picked":["Apotheosis+1","Trip+1"],"picked":"Madness+1","floor":36},{"not_picked":["Bouncing Flask+1","Cloak And Dagger+1"],"picked":"Backflip+1","floor":37},{"not_picked":["Backstab+1","Acrobatics+1","Expertise+1"],"picked":"SKIP","floor":37},{"not_picked":["Cloak And Dagger+1","Eviscerate+1"],"picked":"Burst+1","floor":42},{"not_picked":["Sucker Punch+1","Tactician+1","Outmaneuver+1"],"picked":"SKIP","floor":44},{"not_picked":["Bane+1","Distraction+1","Quick Slash+1"],"picked":"SKIP","floor":44},{"not_picked":["Sucker Punch+1","Tactician+1","Outmaneuver+1"],"picked":"SKIP","floor":44},{"not_picked":["Bane+1","Distraction+1","Quick Slash+1"],"picked":"SKIP","floor":44},{"not_picked":["Flying Knee+1","Cloak And Dagger+1"],"picked":"PiercingWail+1","floor":45},{"not_picked":["Quick Slash+1","Cloak And Dagger+1","Venomology+1"],"picked":"SKIP","floor":45},{"not_picked":["Deadly Poison+1","Glass Knife+1","Predator+1"],"picked":"SKIP","floor":46},{"not_picked":["Deadly Poison+1","Distraction+1","Blade Dance+1"],"picked":"SKIP","floor":46}],"player_experience":216945,"relics_obtained":[{"floor":8.0,"key":"Prayer Wheel"},{"floor":9.0,"key":"Meat on the Bone"},{"floor":12.0,"key":"Odd Mushroom"},{"floor":13.0,"key":"Molten Egg 2"},{"floor":24,"key":"Boot"},{"floor":26,"key":"Strawberry"},{"floor":30,"key":"Toxic Egg 2"},{"floor":31,"key":"Ancient Tea Set"},{"floor":42,"key":"Dream Catcher"},{"floor":43,"key":"Bottled Tornado"}],"event_choices":[{"damage_healed":0.0,"max_hp_gain":5.0,"max_hp_loss":0.0,"gold_gain":0.0,"event_name":"Big Fish","player_choice":"Donut","floor":5.0,"gold_loss":0.0,"damage_taken":0.0},{"damage_healed":0.0,"max_hp_gain":0.0,"max_hp_loss":0.0,"gold_gain":75.0,"event_name":"World of Goop","player_choice":"Gather Gold","floor":10.0,"gold_loss":0.0,"damage_taken":11.0},{"damage_healed":0.0,"max_hp_gain":0.0,"max_hp_loss":0.0,"gold_gain":0.0,"event_name":"Mushrooms","player_choice":"Fought Mushrooms","floor":12.0,"gold_loss":0.0,"damage_taken":0.0},{"damage_healed":0.0,"max_hp_gain":0.0,"max_hp_loss":0.0,"gold_gain":0.0,"event_name":"Back to Basics","player_choice":"Simplicity","floor":19.0,"gold_loss":0.0,"damage_taken":0.0,"cards_upgraded":["Defend_G","Defend_G","Defend_G","Defend_G","Defend_G","Strike_G","Strike_G","Strike_G","Strike_G"]},{"cards_removed":["Strike_G"],"damage_healed":0.0,"max_hp_gain":0.0,"max_hp_loss":0.0,"gold_gain":0.0,"event_name":"Purifier","player_choice":"Purged","floor":20.0,"gold_loss":0.0,"damage_taken":0.0},{"damage_healed":0,"gold_gain":0,"player_choice":"Memory 3","damage_taken":10,"max_hp_gain":0,"max_hp_loss":0,"event_name":"SensoryStone","floor":36,"gold_loss":0},{"damage_healed":0,"gold_gain":0,"player_choice":"Upgraded Two","damage_taken":0,"max_hp_gain":0,"max_hp_loss":0,"event_name":"Designer","floor":39,"gold_loss":50,"cards_upgraded":["Deflect","Noxious Fumes"]}],"is_beta":false,"boss_relics":[{"not_picked":["Runic Pyramid","Fusion Hammer"],"picked":"Philosopher\u0027s Stone"},{"not_picked":["Snecko Eye","Eternal Feather"],"picked":"Astrolabe"}],"items_purged_floors":[21,48],"is_endless":false,"potions_floor_spawned":[3,8,12,14,16,31,35,45],"ascension_level":19}