{"gold_per_floor":[117,117,44,44,58,83,12,47,72,72,72,72,91,107,107,209,209,192,203,203,203],"floor_reached":21,"playtime":907,"items_purged":[],"score":187,"play_id":"1a5c28bb-59cf-4abd-96d3-9a03ba4ff381","local_time":"20180710202527","is_ascension_mode":false,"campfire_choices":[{"floor":10.0,"key":"REST"},{"floor":15,"key":"REST"}],"neow_cost":"","seed_source_timestamp":0,"circlet_count":0,"master_deck":["Strike_R","Strike_R+1","Strike_R","Strike_R","Strike_R","Defend_R","Defend_R","Defend_R","Defend_R","Bash","Heavy Blade+1","Sentinel+1","Anger","Flex","Inflame","Thunderclap","Clothesline","Demon Form+1","Sever Soul"],"special_seed":0,"relics":["Burning Blood","Matryoshka","Omamori","Centennial Puzzle","Bronze Scales","Singing Bowl","Runic Pyramid"],"potions_floor_usage":[16],"damage_taken":[{"damage":7.0,"enemies":"Small Slimes","floor":1.0,"turns":4.0},{"damage":14.0,"enemies":"Jaw Worm","floor":5.0,"turns":5.0},{"damage":38.0,"enemies":"Gremlin Nob","floor":6.0,"turns":6.0},{"damage":21.0,"enemies":"Lagavulin","floor":8.0,"turns":5.0},{"damage":6.0,"enemies":"Cultist","floor":13.0,"turns":3.0},{"damage":25.0,"enemies":"Exordium Thugs","floor":14.0,"turns":3.0},{"damage":55,"enemies":"The Guardian","floor":16,"turns":9},{"damage":35,"enemies":"2 Thieves","floor":18,"turns":4},{"damage":23,"enemies":"Shell Parasite","floor":19,"turns":4},{"damage":39,"enemies":"Centurion and Healer","floor":21,"turns":4}],"seed_played":"2610860005802873016","potions_obtained":[{"floor":6.0,"key":"SkillPotion"},{"floor":13.0,"key":"Swift Potion"},{"floor":14.0,"key":"Strength Potion"}],"is_trial":false,"path_per_floor":["M","?","$","T","M","E","$","E","T","R","?","?","M","M","R","B",null,"M","M","?"],"character_chosen":"IRONCLAD","items_purchased":["Sentinel","Inflame"],"campfire_rested":2,"item_purchase_floors":[3,7],"current_hp_per_floor":[79,79,79,79,71,39,39,24,24,48,74,58,58,41,65,16,82,55,38,38,0],"gold":203,"neow_bonus":"","is_prod":false,"is_daily":false,"chose_seed":false,"campfire_upgraded":0,"win_rate":0.0,"timestamp":1531268727,"path_taken":["M","?","$","?","?","E","?","E","T","R","?","?","?","M","R","BOSS","M","M","?","M"],"build_version":"2018-07-05","purchased_purges":0,"victory":false,"max_hp_per_floor":[80,80,80,80,80,80,80,80,80,80,80,80,80,82,82,82,82,84,84,84,84],"card_choices":[{"not_picked":["Havoc","Inflame"],"picked":"Heavy Blade","floor":1.0},{"not_picked":["Combust","Body Slam"],"picked":"Anger","floor":5.0},{"not_picked":["Armaments","Searing Blow"],"picked":"Flex","floor":6.0},{"not_picked":["Pommel Strike","Rupture"],"picked":"Thunderclap","floor":8.0},{"not_picked":["Wild Strike","Entrench"],"picked":"Clothesline","floor":13.0},{"not_picked":["Sentinel","Shrug It Off","Heavy Blade"],"picked":"Singing Bowl","floor":14.0},{"not_picked":["Berserk","Barricade"],"picked":"Demon Form","floor":16},{"not_picked":["Thunderclap+1","Battle Trance","Shrug It Off"],"picked":"Singing Bowl","floor":18},{"not_picked":["Ghostly Armor","Dropkick+1"],"picked":"Sever Soul","floor":19}],"player_experience":121906,"relics_obtained":[{"floor":4.0,"key":"Matryoshka"},{"floor":6.0,"key":"Omamori"},{"floor":8.0,"key":"Centennial Puzzle"},{"floor":9.0,"key":"Bronze Scales"},{"floor":9.0,"key":"Singing Bowl"}],"event_choices":[{"event_name":"Living Wall","player_choice":"Grow","floor":2.0,"damage_taken":0.0},{"event_name":"Big Fish","player_choice":"Banana","floor":11.0,"damage_taken":0.0},{"event_name":"Shining Light","player_choice":"Entered Light","floor":12.0,"damage_taken":0.0},{"event_name":"Upgrade Shrine","player_choice":"Upgraded","floor":20,"damage_taken":0}],"boss_relics":[{"not_picked":["Runic Cube","Velvet Choker"],"picked":"Runic Pyramid"}],"items_purged_floors":[],"is_endless":false,"potions_floor_spawned":[6,13,14],"killed_by":"Centurion and Healer","ascension_level":0}