{"gold_per_floor":[114,17,17,36,36,36,51,81,105,130,130,150,175,190,190,190],"floor_reached":16,"playtime":813,"items_purged":[],"score":198,"play_id":"02236240-b25a-4534-a2a6-c94d0164acf6","local_time":"20190215211302","is_ascension_mode":true,"campfire_choices":[{"data":"Zap","floor":6,"key":"SMITH"},{"data":"Loop","floor":11,"key":"SMITH"},{"floor":15,"key":"REST"}],"neow_cost":"NONE","seed_source_timestamp":13147348031590,"circlet_count":0,"master_deck":["AscendersBane","Strike_B","Strike_B","Strike_B","Defend_B","Defend_B","Defend_B","Defend_B","Zap+1","Dualcast","BootSequence","Cold Snap","Loop+1","Reinforced Body","Decay","Glacier","Chaos","Capacitor","Streamline"],"relics":["Cracked Core","Happy Flower","Ancient Tea Set","Bottled Tornado","Cables"],"potions_floor_usage":[8,12,13,16,16],"damage_taken":[{"damage":0,"enemies":"Cultist","floor":1,"turns":4},{"damage":0,"enemies":"Small Slimes","floor":4,"turns":3},{"damage":0,"enemies":"Jaw Worm","floor":7,"turns":4},{"damage":26,"enemies":"Gremlin Nob","floor":8,"turns":6},{"damage":8,"enemies":"3 Sentries","floor":10,"turns":14},{"damage":0,"enemies":"Lots of Slimes","floor":12,"turns":3},{"damage":52,"enemies":"Gremlin Nob","floor":13,"turns":7},{"damage":0,"enemies":"Exordium Wildlife","floor":14,"turns":3},{"damage":30,"enemies":"Hexaghost","floor":16,"turns":9}],"seed_played":"4212161501296260712","potions_obtained":[{"floor":1,"key":"Explosive Potion"},{"floor":10,"key":"SteroidPotion"},{"floor":12,"key":"Regen Potion"},{"floor":14,"key":"Dexterity Potion"}],"is_trial":false,"path_per_floor":["M","$","?","M","?","R","M","E","T","E","R","M","E","M","R","B"],"character_chosen":"DEFECT","items_purchased":["AttackPotion","Cold Snap"],"campfire_rested":1,"item_purchase_floors":[2,2],"current_hp_per_floor":[75,75,75,75,75,75,75,49,49,41,41,41,4,4,28,0],"gold":190,"neow_bonus":"TEN_PERCENT_HP_BONUS","is_prod":false,"is_daily":false,"chose_seed":false,"campfire_upgraded":2,"win_rate":0,"timestamp":1550218382,"path_taken":["M","$","?","M","?","R","M","E","T","E","R","M","E","M","R","BOSS"],"build_version":"2019-01-23","purchased_purges":0,"victory":false,"max_hp_per_floor":[82,82,82,82,82,82,82,82,82,82,82,82,82,82,82,82],"card_choices":[{"not_picked":["Sweeping Beam","Blizzard"],"picked":"BootSequence","floor":1},{"not_picked":["White Noise","Hello World"],"picked":"Reinforced Body","floor":4},{"not_picked":["Hello World","Rebound"],"picked":"Glacier","floor":7},{"not_picked":["Steam","Loop","Hello World"],"picked":"SKIP","floor":8},{"not_picked":["Double Energy","Beam Cell","Storm"],"picked":"SKIP","floor":10},{"not_picked":["Redo","Aggregate"],"picked":"Chaos","floor":12},{"not_picked":["Coolheaded","Chill"],"picked":"Capacitor","floor":13},{"not_picked":["Cold Snap","Compile Driver"],"picked":"Streamline","floor":14}],"player_experience":253183,"relics_obtained":[{"floor":8,"key":"Happy Flower"},{"floor":9,"key":"Ancient Tea Set"},{"floor":10,"key":"Bottled Tornado"},{"floor":13,"key":"Cables"}],"event_choices":[{"damage_healed":0,"gold_gain":0,"cards_transformed":["Strike_B"],"player_choice":"Change","damage_taken":0,"max_hp_gain":0,"max_hp_loss":0,"event_name":"Living Wall","floor":3,"gold_loss":0,"cards_obtained":["Loop"]},{"damage_healed":0,"gold_gain":0,"player_choice":"Cursed","damage_taken":0,"max_hp_gain":0,"max_hp_loss":0,"event_name":"Wheel of Change","floor":5,"gold_loss":0,"cards_obtained":["Decay"]}],"is_beta":false,"boss_relics":[],"items_purged_floors":[],"is_endless":false,"potions_floor_spawned":[1,10,12,14],"killed_by":"Hexaghost","ascension_level":13}