{"gold_per_floor":[115,115,133,133,144,144,4,35,35,35,62,72,98,64,64,165,165,182,198,210,210,223,223,257,257,257,284,284,284,199,219,219,315,315,334,334,352,277,247,247,258,9,9,9,44,68,68,81,81,81],"floor_reached":51,"playtime":2660,"items_purged":["Normality","Decay"],"score":947,"play_id":"a985f478-b5cf-4110-8587-d411fb7e8d10","local_time":"20190227231721","is_ascension_mode":true,"campfire_choices":[{"data":"Zap","floor":6,"key":"SMITH"},{"data":"Consume","floor":10,"key":"SMITH"},{"data":"Hologram","floor":15,"key":"SMITH"},{"floor":23,"key":"REST"},{"data":"Defragment","floor":25,"key":"SMITH"},{"floor":29,"key":"REST"},{"data":"Hello World","floor":32,"key":"SMITH"},{"floor":40,"key":"REST"},{"data":"Go for the Eyes","floor":44,"key":"SMITH"},{"floor":47,"key":"REST"},{"floor":49,"key":"REST"}],"neow_cost":"NONE","seed_source_timestamp":226137832114842,"circlet_count":0,"master_deck":["Defend_B","Defend_B+1","Defend_B","Defend_B+1","Zap+1","Dualcast","Thunder Strike","Undo","Glacier","Conserve Battery","Hello World+1","Hologram+1","Go for the Eyes+1","Consume+1","Defragment+1","Echo Form","Core Surge","Doom and Gloom","Electrodynamics","Ball Lightning","Coolheaded","RitualDagger","Compile Driver","Bite","Bite","Bite","Bite","Bite","Biased Cognition","Injury","Conserve Battery+1","Enlightenment","Chill+1","Cold Snap+1","Defragment+1"],"relics":["Cracked Core","Cables","Boot","Nunchaku","Bottled Lightning","Runic Dome","Bottled Flame","Mango","Ancient Tea Set","Pantograph","Calling Bell","Pen Nib","Frozen Egg 2","Calipers","Bag of Preparation","Molten Egg 2","Regal Pillow"],"potions_floor_usage":[13,16,22,24,33,33,50,50,50],"damage_taken":[{"damage":3,"enemies":"2 Louse","floor":1,"turns":3},{"damage":2,"enemies":"Jaw Worm","floor":3,"turns":3},{"damage":0,"enemies":"Small Slimes","floor":5,"turns":3},{"damage":2,"enemies":"3 Sentries","floor":8,"turns":8},{"damage":0,"enemies":"Lagavulin","floor":11,"turns":8},{"damage":2,"enemies":"Gremlin Gang","floor":12,"turns":8},{"damage":20,"enemies":"Gremlin Nob","floor":13,"turns":4},{"damage":15,"enemies":"Hexaghost","floor":16,"turns":7},{"damage":0,"enemies":"Chosen","floor":18,"turns":4},{"damage":15,"enemies":"2 Thieves","floor":19,"turns":4},{"damage":7,"enemies":"Snake Plant","floor":20,"turns":4},{"damage":16,"enemies":"Snecko","floor":22,"turns":4},{"damage":27,"enemies":"Gremlin Leader","floor":24,"turns":6},{"damage":27,"enemies":"Book of Stabbing","floor":27,"turns":6},{"damage":0,"enemies":"Sentry and Sphere","floor":31,"turns":3},{"damage":30,"enemies":"Champ","floor":33,"turns":12},{"damage":5,"enemies":"Orb Walker","floor":35,"turns":5},{"damage":39,"enemies":"3 Darklings","floor":37,"turns":4},{"damage":0,"enemies":"4 Shapes","floor":41,"turns":6},{"damage":43,"enemies":"Reptomancer","floor":45,"turns":5},{"damage":17,"enemies":"Transient","floor":48,"turns":5},{"damage":54,"enemies":"Donu and Deca","floor":50,"turns":8}],"seed_played":"1614600465709968128","potions_obtained":[{"floor":5,"key":"FearPotion"},{"floor":8,"key":"Regen Potion"},{"floor":12,"key":"FearPotion"},{"floor":13,"key":"GamblersBrew"},{"floor":19,"key":"Block Potion"},{"floor":24,"key":"Energy Potion"},{"floor":31,"key":"EssenceOfSteel"},{"floor":37,"key":"Block Potion"},{"floor":39,"key":"FocusPotion"},{"floor":39,"key":"FocusPotion"},{"floor":41,"key":"Dexterity Potion"}],"is_trial":false,"path_per_floor":["M","?","M","?","M","R","$","E","T","R","E","M","E","$","R","B",null,"M","M","M","?","M","R","E","R","T","E","?","R","?","M","R","B",null,"M","?","M","$","?","R","M","$","T","R","E","T","R","M","R","B",null],"character_chosen":"DEFECT","items_purchased":["Hello World","Hologram","Go for the Eyes","Doom and Gloom","Bag of Preparation"],"campfire_rested":5,"item_purchase_floors":[7,7,7,14,42],"current_hp_per_floor":[72,72,70,55,55,55,55,53,53,53,53,51,31,31,31,16,75,75,60,53,47,31,53,26,26,40,13,13,31,31,35,35,54,62,57,57,20,20,20,38,44,44,44,44,13,13,46,37,62,8],"gold":81,"neow_bonus":"ONE_RANDOM_RARE_CARD","is_prod":false,"is_daily":false,"chose_seed":false,"campfire_upgraded":6,"win_rate":0,"timestamp":1551305841,"path_taken":["M","?","M","?","M","R","$","E","T","R","E","M","E","?","R","BOSS","M","M","M","?","M","R","E","R","T","E","?","R","?","M","R","BOSS","M","?","M","$","?","R","?","$","T","R","E","?","R","M","R","BOSS"],"build_version":"2019-01-23","purchased_purges":2,"victory":true,"max_hp_per_floor":[75,75,75,75,75,75,75,75,75,75,75,75,75,75,75,75,75,75,75,75,75,75,75,75,75,89,89,62,62,62,62,62,62,62,62,62,62,62,62,62,62,62,62,62,62,62,62,62,62,62],"card_choices":[{"not_picked":["Turbo","Barrage"],"picked":"Undo","floor":1},{"not_picked":["Doom and Gloom","Coolheaded"],"picked":"Glacier","floor":3},{"not_picked":["Static Discharge","Skim"],"picked":"Conserve Battery","floor":5},{"not_picked":["Hologram","Compile Driver"],"picked":"Consume","floor":8},{"not_picked":["Undo","Go for the Eyes"],"picked":"Defragment","floor":11},{"not_picked":["Melter","Scrape"],"picked":"Echo Form","floor":12},{"not_picked":["Defragment","Gash"],"picked":"Core Surge","floor":13},{"not_picked":["Amplify","Rainbow"],"picked":"Electrodynamics","floor":16},{"not_picked":["Darkness","Coolheaded+1"],"picked":"Ball Lightning","floor":18},{"not_picked":["Leap","Beam Cell+1","Fusion"],"picked":"SKIP","floor":19},{"not_picked":["Turbo","Redo+1"],"picked":"Coolheaded","floor":20},{"not_picked":["Blizzard","Streamline","Reprogram"],"picked":"SKIP","floor":22},{"not_picked":["Sweeping Beam+1","Consume"],"picked":"Compile Driver","floor":24},{"not_picked":["Compile Driver","Rebound","Go for the Eyes"],"picked":"SKIP","floor":27},{"not_picked":["Heatsinks","Beam Cell","Redo"],"picked":"SKIP","floor":31},{"not_picked":["Amplify","Fission"],"picked":"Biased Cognition","floor":33},{"not_picked":["Melter+1","Coolheaded"],"picked":"Conserve Battery+1","floor":35},{"not_picked":["Mind Blast","Sadistic Nature+1"],"picked":"Enlightenment","floor":36},{"not_picked":["Beam Cell","Steam","Rebound+1"],"picked":"SKIP","floor":37},{"not_picked":["Rebound","Hyperbeam"],"picked":"Chill+1","floor":41},{"not_picked":["Ball Lightning+1","Sweeping Beam"],"picked":"Cold Snap+1","floor":45},{"not_picked":["Go for the Eyes+1","Rebound+1"],"picked":"Defragment+1","floor":48}],"player_experience":1022973,"relics_obtained":[{"floor":8,"key":"Cables"},{"floor":9,"key":"Boot"},{"floor":11,"key":"Nunchaku"},{"floor":13,"key":"Bottled Lightning"},{"floor":24,"key":"Bottled Flame"},{"floor":26,"key":"Mango"},{"floor":27,"key":"Ancient Tea Set"},{"floor":34,"key":"Pen Nib"},{"floor":34,"key":"Frozen Egg 2"},{"floor":34,"key":"Calipers"},{"floor":45,"key":"Molten Egg 2"},{"floor":46,"key":"Regal Pillow"}],"event_choices":[{"damage_healed":0,"gold_gain":0,"player_choice":"Leave","damage_taken":0,"max_hp_gain":0,"max_hp_loss":0,"event_name":"The Cleric","floor":2,"gold_loss":0},{"damage_healed":0,"gold_gain":0,"player_choice":"Entered Light","damage_taken":15,"max_hp_gain":0,"max_hp_loss":0,"event_name":"Shining Light","floor":4,"gold_loss":0,"cards_upgraded":["Defend_B","Defend_B"]},{"damage_healed":0,"gold_gain":0,"player_choice":"Joined the Cult","damage_taken":6,"max_hp_gain":0,"max_hp_loss":0,"event_name":"Nest","floor":21,"gold_loss":0,"cards_obtained":["RitualDagger"]},{"damage_healed":0,"gold_gain":0,"player_choice":"Became a vampire","damage_taken":0,"max_hp_gain":0,"max_hp_loss":27,"event_name":"Vampires","floor":28,"gold_loss":0,"cards_obtained":["Bite","Bite","Bite","Bite","Bite"]},{"damage_healed":0,"gold_gain":0,"player_choice":"Obtained Relic","damage_taken":0,"relics_obtained":["Pantograph"],"max_hp_gain":0,"max_hp_loss":0,"event_name":"Addict","floor":30,"gold_loss":85},{"damage_healed":0,"gold_gain":0,"player_choice":"Memory 1","damage_taken":0,"max_hp_gain":0,"max_hp_loss":0,"event_name":"SensoryStone","floor":36,"gold_loss":0},{"damage_healed":0,"gold_gain":0,"player_choice":"Bought 2 Potions","damage_taken":0,"max_hp_gain":0,"max_hp_loss":0,"event_name":"The Woman in Blue","floor":39,"gold_loss":0}],"is_beta":false,"boss_relics":[{"not_picked":["Orrery","Lizard Tail"],"picked":"Runic Dome"},{"not_picked":["White Beast Statue","Runic Pyramid"],"picked":"Calling Bell"}],"items_purged_floors":[38,42],"is_endless":false,"potions_floor_spawned":[5,8,12,13,19,24,31,37,41,45],"ascension_level":4}