{"gold_per_floor":[115,115,130,145,162,196,196,230,230,243,418,433,433,35,35,35],"floor_reached":16,"playtime":606,"items_purged":["Doubt"],"score":151,"play_id":"5bf6aa7c-2404-4d2e-87f5-0243dc9ad0be","local_time":"20181004072440","is_ascension_mode":true,"campfire_choices":[{"data":"Bullet Time","floor":7,"key":"SMITH"},{"floor":13,"key":"REST"},{"data":"Acrobatics","floor":15,"key":"SMITH"}],"neow_cost":"TEN_PERCENT_HP_LOSS","seed_source_timestamp":922433181024197,"circlet_count":0,"master_deck":["Defend_G","Defend_G","Defend_G","Defend_G","Defend_G","Strike_G","Strike_G","Strike_G","Strike_G","Strike_G","Survivor","Neutralize","Bullet Time+1","Choke","Dagger Spray","Choke","Acrobatics+1","Leg Sweep","Calculated Gamble"],"relics":["Ring of the Snake","GremlinMask","Bottled Flame","Regal Pillow","Bag of Preparation","Kunai"],"potions_floor_usage":[6,6,16],"damage_taken":[{"damage":4,"enemies":"Jaw Worm","floor":1,"turns":4},{"damage":0,"enemies":"Cultist","floor":3,"turns":4},{"damage":0,"enemies":"2 Louse","floor":4,"turns":4},{"damage":13,"enemies":"Lots of Slimes","floor":5,"turns":7},{"damage":12,"enemies":"3 Sentries","floor":6,"turns":6},{"damage":32,"enemies":"Gremlin Nob","floor":8,"turns":5},{"damage":0,"enemies":"3 Louse","floor":10,"turns":2},{"damage":0,"enemies":"2 Fungi Beasts","floor":12,"turns":2},{"damage":44,"enemies":"Slime Boss","floor":16,"turns":10}],"seed_played":"-2739339280473143861","potions_obtained":[{"floor":1,"key":"Strength Potion"},{"floor":3,"key":"GamblersBrew"},{"floor":10,"key":"PowerPotion"}],"is_trial":false,"path_per_floor":["M","?","M","M","M","E","R","E","T","M","?","M","R","$","R"],"character_chosen":"THE_SILENT","items_purchased":["Kunai","Calculated Gamble"],"campfire_rested":1,"item_purchase_floors":[14,14],"current_hp_per_floor":[59,59,59,59,46,34,34,2,2,2,2,2,35,35,35,0],"gold":35,"neow_bonus":"THREE_RARE_CARDS","is_prod":false,"is_daily":false,"chose_seed":false,"campfire_upgraded":2,"win_rate":0,"timestamp":1538591080,"path_taken":["M","?","M","?","M","E","R","E","T","M","?","M","R","$","R","BOSS"],"build_version":"2018-09-27","purchased_purges":1,"victory":false,"max_hp_per_floor":[63,63,63,63,63,63,63,63,63,63,63,63,63,63,63,63],"card_choices":[{"not_picked":["Tools of the Trade","Phantasmal Killer"],"picked":"Bullet Time","floor":0},{"not_picked":["Quick Slash","Endless Agony"],"picked":"Choke","floor":1},{"not_picked":["Escape Plan","Deflect","Tactician"],"picked":"SKIP","floor":3},{"not_picked":["Slice","Deflect","PiercingWail"],"picked":"SKIP","floor":4},{"not_picked":["Dodge and Roll","All Out Attack"],"picked":"Dagger Spray","floor":5},{"not_picked":["Underhanded Strike","Deadly Poison"],"picked":"Choke","floor":6},{"not_picked":["Riddle With Holes","Crippling Poison"],"picked":"Acrobatics","floor":8},{"not_picked":["Catalyst","Underhanded Strike"],"picked":"Leg Sweep","floor":10},{"not_picked":["Bane","Bouncing Flask","Outmaneuver"],"picked":"SKIP","floor":12}],"player_experience":347264,"relics_obtained":[{"floor":6,"key":"Bottled Flame"},{"floor":8,"key":"Regal Pillow"},{"floor":9,"key":"Bag of Preparation"}],"event_choices":[{"event_name":"FaceTrader","player_choice":"Trade","floor":2,"damage_taken":0},{"event_name":"Liars Game","player_choice":"agreed","floor":11,"damage_taken":0}],"is_beta":false,"boss_relics":[],"items_purged_floors":[14],"is_endless":false,"potions_floor_spawned":[1,3,10],"killed_by":"Slime Boss","ascension_level":7}