{"gold_per_floor":[112,126,51,51,69,69,85,85,85,117,117,149,149,164,164,164],"floor_reached":16,"playtime":816,"items_purged":[],"score":220,"play_id":"741830ee-c77a-4d1d-b4bd-9e7e7b0f006e","local_time":"20190222011015","is_ascension_mode":true,"campfire_choices":[{"data":"Combust","floor":6,"key":"SMITH"},{"data":"Bash","floor":8,"key":"SMITH"},{"data":"Perfected Strike","floor":13,"key":"SMITH"},{"data":"True Grit","floor":15,"key":"SMITH"}],"neow_cost":"CURSE","seed_source_timestamp":22705761957667,"circlet_count":0,"master_deck":["AscendersBane","Strike_R","Strike_R","Strike_R","Strike_R","Strike_R","Defend_R","Defend_R","Defend_R","Defend_R","Bash+1","Cleave","Shockwave","Combust+1","True Grit+1","Perfected Strike+1","Ghostly Armor","Flame Barrier"],"relics":["Burning Blood","Nunchaku","FossilizedHelix","Turnip","Bag of Marbles","Ice Cream"],"potions_floor_usage":[10,12,16,16],"damage_taken":[{"damage":9,"enemies":"Jaw Worm","floor":1,"turns":5},{"damage":5,"enemies":"2 Louse","floor":2,"turns":3},{"damage":0,"enemies":"Cultist","floor":5,"turns":3},{"damage":7,"enemies":"2 Fungi Beasts","floor":7,"turns":3},{"damage":5,"enemies":"3 Sentries","floor":10,"turns":4},{"damage":25,"enemies":"Lagavulin","floor":12,"turns":8},{"damage":3,"enemies":"Large Slime","floor":14,"turns":4},{"damage":57,"enemies":"Hexaghost","floor":16,"turns":11}],"seed_played":"-1915609444466624171","potions_obtained":[{"floor":2,"key":"Regen Potion"},{"floor":5,"key":"SteroidPotion"},{"floor":7,"key":"AttackPotion"},{"floor":11,"key":"Strength Potion"},{"floor":12,"key":"SpeedPotion"}],"is_trial":false,"path_per_floor":["M","M","?","?","M","R","M","R","T","E","?","E","R","M","R","B"],"character_chosen":"IRONCLAD","items_purchased":[],"campfire_rested":0,"item_purchase_floors":[],"current_hp_per_floor":[65,66,66,61,67,67,66,66,66,67,67,48,48,51,51,0],"gold":164,"neow_bonus":"ONE_RARE_RELIC","is_prod":false,"is_daily":false,"chose_seed":false,"campfire_upgraded":4,"win_rate":0,"timestamp":1550751015,"path_taken":["M","M","?","?","M","R","M","R","T","E","?","E","R","M","R","BOSS"],"build_version":"2019-01-23","purchased_purges":0,"victory":false,"max_hp_per_floor":[75,75,75,75,75,75,75,75,75,75,75,75,75,75,75,75],"card_choices":[{"not_picked":["Havoc","Clash"],"picked":"Cleave","floor":1},{"not_picked":["Anger","Havoc"],"picked":"Shockwave","floor":2},{"not_picked":["Thunderclap","Rampage"],"picked":"Combust","floor":5},{"not_picked":["Armaments","Uppercut"],"picked":"True Grit","floor":7},{"not_picked":["Corruption","Dual Wield"],"picked":"Perfected Strike","floor":10},{"not_picked":["Power Through","Havoc"],"picked":"Ghostly Armor","floor":12},{"not_picked":["Heavy Blade","Second Wind"],"picked":"Flame Barrier","floor":14}],"player_experience":400489,"relics_obtained":[{"floor":9,"key":"Turnip"},{"floor":10,"key":"Bag of Marbles"},{"floor":12,"key":"Ice Cream"}],"event_choices":[{"cards_removed":["Writhe"],"damage_healed":0,"gold_gain":0,"player_choice":"Card Removal","damage_taken":0,"max_hp_gain":0,"max_hp_loss":0,"event_name":"The Cleric","floor":3,"gold_loss":75},{"damage_healed":0,"gold_gain":0,"player_choice":"Success","damage_taken":5,"relics_obtained":["FossilizedHelix"],"max_hp_gain":0,"max_hp_loss":0,"event_name":"Scrap Ooze","floor":4,"gold_loss":0},{"damage_healed":0,"gold_gain":0,"player_choice":"Got Potions","damage_taken":0,"max_hp_gain":0,"max_hp_loss":0,"event_name":"Lab","floor":11,"gold_loss":0}],"is_beta":false,"boss_relics":[],"items_purged_floors":[],"is_endless":false,"potions_floor_spawned":[2,5,7,12],"killed_by":"Hexaghost","ascension_level":20}