{"gold_per_floor":[114,134,151,151,168,168,194,194,269,269,281,300,127,140,140,243,243,258,46,46,61,61,61,88,88,88,102,114,114,131,131,131,234,234,245,257,257,257,52,80,33,33,87,99,111,50,50,66,66,66],"floor_reached":51,"playtime":3626,"items_purged":["Strike_B","Strike_B"],"score":1122,"play_id":"c52919f2-063a-434e-a6a1-fe047c3ae3db","local_time":"20190215204431","is_ascension_mode":true,"campfire_choices":[{"data":"Zap","floor":6,"key":"SMITH"},{"data":"Loop","floor":8,"key":"SMITH"},{"data":"Recycle","floor":15,"key":"SMITH"},{"data":"Fission","floor":23,"key":"SMITH"},{"data":"Consume","floor":29,"key":"SMITH"},{"data":"Ghostly","floor":32,"key":"SMITH"},{"data":"Coolheaded","floor":44,"key":"SMITH"},{"data":"Dark Shackles","floor":49,"key":"SMITH"}],"neow_cost":"NONE","seed_source_timestamp":8609143392167,"circlet_count":0,"master_deck":["AscendersBane","Strike_B+1","Defend_B+1","Defend_B+1","Defend_B+1","Defend_B+1","Zap+1","Dualcast+1","Chill+1","Rebound+1","Ball Lightning+1","Loop+1","Recycle+1","Sunder+1","Coolheaded+1","Leap+1","Fission+1","Ball Lightning+1","Loop+1","Ghostly+1","Ghostly+1","Ghostly+1","Ghostly+1","Ghostly+1","Consume+1","Fusion+1","Seek+1","Steam+1","Cold Snap","Coolheaded+1","BootSequence","Dark Shackles+1"],"relics":["Eternal Feather","Gambling Chip","Gremlin Horn","Inserter","Bronze Scales","Darkstone Periapt","Juzu Bracelet","Runic Pyramid","Mark of the Bloom","Strange Spoon","Calipers","MawBank"],"potions_floor_usage":[7,7,7,16,18,24,33,33,40,40,40,50],"damage_taken":[{"damage":18,"enemies":"Small Slimes","floor":1,"turns":4},{"damage":0,"enemies":"Jaw Worm","floor":2,"turns":4},{"damage":0,"enemies":"Cultist","floor":3,"turns":4},{"damage":16,"enemies":"Exordium Thugs","floor":5,"turns":4},{"damage":20,"enemies":"Lagavulin","floor":7,"turns":5},{"damage":9,"enemies":"Blue Slaver","floor":11,"turns":5},{"damage":3,"enemies":"Exordium Wildlife","floor":12,"turns":5},{"damage":0,"enemies":"Lots of Slimes","floor":14,"turns":3},{"damage":4,"enemies":"Hexaghost","floor":16,"turns":9},{"damage":20,"enemies":"Chosen","floor":18,"turns":5},{"damage":14,"enemies":"Spheric Guardian","floor":21,"turns":5},{"damage":3,"enemies":"Slavers","floor":24,"turns":7},{"damage":3,"enemies":"Snake Plant","floor":27,"turns":4},{"damage":1,"enemies":"Snecko","floor":28,"turns":7},{"damage":13,"enemies":"Shelled Parasite and Fungi","floor":30,"turns":6},{"damage":23,"enemies":"Automaton","floor":33,"turns":11},{"damage":0,"enemies":"3 Darklings","floor":35,"turns":6},{"damage":2,"enemies":"3 Shapes","floor":36,"turns":4},{"damage":0,"enemies":"Reptomancer","floor":40,"turns":7},{"damage":2,"enemies":"Jaw Worm Horde","floor":48,"turns":5},{"damage":2,"enemies":"Time Eater","floor":50,"turns":15}],"seed_played":"-6710016184966041329","potions_obtained":[{"floor":1,"key":"AttackPotion"},{"floor":3,"key":"EntropicBrew"},{"floor":14,"key":"FocusPotion"},{"floor":16,"key":"Poison Potion"},{"floor":24,"key":"Fire Potion"},{"floor":27,"key":"Dexterity Potion"},{"floor":33,"key":"Regen Potion"},{"floor":35,"key":"EntropicBrew"},{"floor":40,"key":"FocusPotion"}],"is_trial":false,"path_per_floor":["M","M","M","?","M","R","E","R","T","?","M","M","$","M","R","B",null,"M","$","?","M","?","R","E","$","T","M","M","R","M","?","R","B",null,"M","M","?","?","$","E","$","?","T","R","?","$","?","M","R","B",null],"character_chosen":"DEFECT","items_purchased":["FocusPotion","Coolheaded","Loop","FocusPotion","Strange Spoon","Coolheaded","BootSequence"],"campfire_rested":0,"item_purchase_floors":[13,13,19,19,39,41,46],"current_hp_per_floor":[50,50,50,50,34,40,20,29,29,29,20,17,17,17,26,22,62,42,42,42,28,28,37,34,34,34,31,30,37,24,24,37,14,31,31,29,29,29,29,29,29,29,29,29,29,29,29,27,27,25],"gold":66,"neow_bonus":"BOSS_RELIC","is_prod":false,"is_daily":false,"chose_seed":false,"campfire_upgraded":8,"win_rate":0,"timestamp":1550216671,"path_taken":["M","M","M","?","M","R","E","R","T","?","M","?","$","M","R","BOSS","M","$","?","M","?","R","E","?","T","M","M","R","?","?","R","BOSS","M","M","?","?","$","E","?","?","T","R","?","?","?","M","R","BOSS"],"build_version":"2019-01-23","purchased_purges":2,"victory":true,"max_hp_per_floor":[75,75,75,75,75,75,75,75,75,75,75,75,75,75,75,75,75,75,75,75,75,37,37,37,37,37,37,37,37,37,37,37,37,37,37,37,37,37,37,37,37,35,35,35,35,35,35,35,35,35],"card_choices":[{"not_picked":["Aggregate","Melter"],"picked":"Chill","floor":1},{"not_picked":["Turbo","Gash"],"picked":"Rebound","floor":2},{"not_picked":["Streamline","Coolheaded"],"picked":"Ball Lightning","floor":3},{"not_picked":["Recycle","Gash","Turbo"],"picked":"SKIP","floor":5},{"not_picked":["Streamline","Turbo"],"picked":"Loop","floor":7},{"not_picked":["Doom and Gloom","Sweeping Beam"],"picked":"Sunder","floor":11},{"not_picked":["Redo","Rebound"],"picked":"Rip and Tear","floor":12},{"not_picked":["Compile Driver","Scrape"],"picked":"Leap","floor":14},{"not_picked":["Reboot","Amplify"],"picked":"Fission","floor":16},{"not_picked":["Redo+1","Turbo"],"picked":"Ball Lightning+1","floor":18},{"not_picked":["Darkness","Redo","Recycle"],"picked":"SKIP","floor":21},{"not_picked":["Chaos","Melter","Sweeping Beam"],"picked":"SKIP","floor":24},{"not_picked":["Gash","Static Discharge+1"],"picked":"Consume","floor":27},{"not_picked":["Genetic Algorithm","Go for the Eyes"],"picked":"Fusion+1","floor":28},{"not_picked":["Gash","Sweeping Beam"],"picked":"Seek","floor":30},{"not_picked":["Heatsinks","Doom and Gloom","Capacitor+1"],"picked":"SKIP","floor":35},{"not_picked":["Conserve Battery","Beam Cell"],"picked":"Steam","floor":36},{"not_picked":["Melter","Lockon"],"picked":"Cold Snap","floor":40},{"not_picked":["Deep Breath","Good Instincts"],"picked":"Dark Shackles","floor":47},{"not_picked":["Cold Snap","Rebound","Steam"],"picked":"SKIP","floor":48}],"player_experience":249557,"relics_obtained":[{"floor":7,"key":"Gambling Chip"},{"floor":9,"key":"Gremlin Horn"},{"floor":24,"key":"Bronze Scales"},{"floor":26,"key":"Darkstone Periapt"},{"floor":40,"key":"Calipers"},{"floor":43,"key":"MawBank"}],"event_choices":[{"damage_healed":0,"gold_gain":0,"player_choice":"Ignored","damage_taken":0,"max_hp_gain":0,"max_hp_loss":0,"event_name":"Liars Game","floor":4,"gold_loss":0},{"damage_healed":0,"gold_gain":0,"cards_transformed":["Strike_B"],"player_choice":"Transformed","damage_taken":0,"max_hp_gain":0,"max_hp_loss":0,"event_name":"Transmorgrifier","floor":10,"gold_loss":0,"cards_obtained":["Recycle"]},{"damage_healed":0,"gold_gain":0,"player_choice":"Ignored","damage_taken":0,"max_hp_gain":0,"max_hp_loss":0,"event_name":"Beggar","floor":20,"gold_loss":0},{"damage_healed":0,"gold_gain":0,"player_choice":"Became a Ghost","damage_taken":0,"max_hp_gain":0,"max_hp_loss":38,"event_name":"Ghosts","floor":22,"gold_loss":0,"cards_obtained":["Ghostly","Ghostly","Ghostly","Ghostly","Ghostly"]},{"cards_removed":["Rip and Tear"],"damage_healed":0,"gold_gain":0,"player_choice":"Gave Card","damage_taken":0,"relics_obtained":["Juzu Bracelet"],"max_hp_gain":0,"max_hp_loss":0,"event_name":"WeMeetAgain","floor":31,"gold_loss":0},{"damage_healed":0,"gold_gain":0,"player_choice":"Ignored","damage_taken":0,"max_hp_gain":0,"max_hp_loss":0,"event_name":"Tomb of Lord Red Mask","floor":37,"gold_loss":0},{"damage_healed":0,"gold_gain":0,"player_choice":"Upgrade","damage_taken":0,"relics_obtained":["Mark of the Bloom"],"max_hp_gain":0,"max_hp_loss":0,"event_name":"MindBloom","floor":38,"gold_loss":0,"cards_upgraded":["Strike_B","Defend_B","Defend_B","Defend_B","Defend_B","Dualcast","Chill","Rebound","Ball Lightning","Sunder","Coolheaded","Leap","Loop","Ghostly","Ghostly","Ghostly","Ghostly","Seek","Steam"]},{"damage_healed":0,"gold_gain":0,"player_choice":"Max HP","damage_taken":0,"max_hp_gain":0,"max_hp_loss":2,"event_name":"Winding Halls","floor":42,"gold_loss":0},{"damage_healed":0,"gold_gain":0,"player_choice":"Ignored","damage_taken":0,"max_hp_gain":0,"max_hp_loss":0,"event_name":"Mysterious Sphere","floor":45,"gold_loss":0},{"damage_healed":0,"gold_gain":0,"player_choice":"Memory 1","damage_taken":0,"max_hp_gain":0,"max_hp_loss":0,"event_name":"SensoryStone","floor":47,"gold_loss":0}],"is_beta":false,"boss_relics":[{"not_picked":["Empty Cage","Ectoplasm"],"picked":"Inserter"},{"not_picked":["Black Star","Busted Crown"],"picked":"Runic Pyramid"}],"items_purged_floors":[13,19],"is_endless":false,"potions_floor_spawned":[1,3,14,16,24,27,33,35,40],"ascension_level":12}