{"gold_per_floor":[118,128,128,147,147,147,160,160,160,188,188,188,202,535,535,607,607,617,649,574,574,3,3,30,30,82,98,98,117,150,0,0,0],"floor_reached":33,"playtime":2634,"items_purged":["Strike_B"],"score":732,"play_id":"77eb9938-9403-48c4-80ad-9fb777f6ae5b","local_time":"20190301010951","is_ascension_mode":true,"campfire_choices":[{"data":"Defragment","floor":6,"key":"SMITH"},{"data":"Zap","floor":8,"key":"SMITH"},{"data":"Defragment","floor":11,"key":"SMITH"},{"data":"Conserve Battery","floor":15,"key":"SMITH"},{"floor":23,"key":"REST"},{"data":"Capacitor","floor":25,"key":"SMITH"},{"data":"Sunder","floor":28,"key":"SMITH"},{"floor":32,"key":"REST"}],"neow_cost":"NONE","seed_source_timestamp":44520611420578,"circlet_count":0,"master_deck":["AscendersBane","Defend_B","Defend_B","Defend_B","Defend_B+1","Zap+1","Dualcast+1","Consume+1","Defragment+1","Glacier","FTL","Defragment+1","Conserve Battery+1","Echo Form","Buffer","Undo","Cold Snap","Glacier","Consume","Capacitor+1","Impatience","Sunder+1","Genetic Algorithm","Self Repair","Ball Lightning","Glacier"],"relics":["Cracked Core","War Paint","WingedGreaves","Unceasing Top","Old Coin","Nuclear Battery","Red Mask","Anchor","Orichalcum","Peace Pipe","Lantern","Oddly Smooth Stone"],"potions_floor_usage":[10,14,19,19,30,33],"damage_taken":[{"damage":2,"enemies":"2 Louse","floor":1,"turns":3},{"damage":0,"enemies":"Small Slimes","floor":2,"turns":3},{"damage":0,"enemies":"Cultist","floor":4,"turns":3},{"damage":0,"enemies":"Large Slime","floor":7,"turns":6},{"damage":12,"enemies":"3 Sentries","floor":10,"turns":12},{"damage":8,"enemies":"Blue Slaver","floor":13,"turns":2},{"damage":12,"enemies":"Gremlin Nob","floor":14,"turns":4},{"damage":0,"enemies":"The Guardian","floor":16,"turns":11},{"damage":7,"enemies":"Shell Parasite","floor":18,"turns":9},{"damage":44,"enemies":"Masked Bandits","floor":19,"turns":7},{"damage":3,"enemies":"Book of Stabbing","floor":24,"turns":9},{"damage":0,"enemies":"Spheric Guardian","floor":27,"turns":8},{"damage":15,"enemies":"Snake Plant","floor":29,"turns":4},{"damage":0,"enemies":"Gremlin Leader","floor":30,"turns":8},{"damage":52,"enemies":"Collector","floor":33,"turns":6}],"seed_played":"8438277733596772261","potions_obtained":[{"floor":2,"key":"Explosive Potion"},{"floor":7,"key":"Strength Potion"},{"floor":13,"key":"Swift Potion"},{"floor":14,"key":"Poison Potion"},{"floor":27,"key":"AttackPotion"}],"is_trial":false,"path_per_floor":["M","M","?","M","$","R","M","R","T","E","R","?","M","E","R","B",null,"M","?","?","?","$","R","E","R","T","M","R","M","E","$","R","B"],"character_chosen":"DEFECT","items_purchased":["Anchor","Capacitor","Orichalcum","Impatience","Ball Lightning","Glacier","PowerPotion"],"campfire_rested":2,"item_purchase_floors":[22,22,22,22,31,31,31],"current_hp_per_floor":[62,62,67,67,67,67,67,67,67,55,55,55,47,35,35,35,66,59,15,15,15,15,37,34,34,34,34,34,19,19,19,41,0],"gold":0,"neow_bonus":"RANDOM_COMMON_RELIC","is_prod":false,"is_daily":false,"chose_seed":false,"campfire_upgraded":6,"win_rate":0,"timestamp":1551355791,"path_taken":["M","M","?","M","$","R","M","R","T","E","R","?","?","E","R","BOSS","M","?","?","?","$","R","E","R","T","M","R","M","E","?","R","BOSS"],"build_version":"2019-01-23","purchased_purges":1,"victory":false,"max_hp_per_floor":[71,71,76,76,76,76,76,76,76,76,76,76,76,76,76,76,76,76,76,76,76,76,76,76,76,76,76,76,76,76,76,76,76],"card_choices":[{"not_picked":["Sweeping Beam","Beam Cell"],"picked":"Consume","floor":1},{"not_picked":["Streamline","Hello World"],"picked":"Defragment","floor":2},{"not_picked":["Hologram","Reboot"],"picked":"Glacier","floor":4},{"not_picked":["Darkness","Turbo"],"picked":"FTL","floor":7},{"not_picked":["Skim","Redo"],"picked":"Defragment","floor":10},{"not_picked":["Auto Shields","Streamline"],"picked":"Conserve Battery","floor":13},{"not_picked":["Steam","Biased Cognition"],"picked":"Echo Form","floor":14},{"not_picked":["Multi-Cast","Amplify"],"picked":"Buffer","floor":16},{"not_picked":["Compile Driver","Coolheaded"],"picked":"Undo","floor":18},{"not_picked":["FTL","Gash"],"picked":"Cold Snap","floor":19},{"not_picked":["Coolheaded","Force Field","Steam Power"],"picked":"SKIP","floor":24},{"not_picked":["Leap","Steam Power"],"picked":"Sunder","floor":27},{"not_picked":["Echo Form","Double Energy"],"picked":"Genetic Algorithm","floor":29},{"not_picked":["Go for the Eyes","Heatsinks"],"picked":"Self Repair","floor":30}],"player_experience":500064,"relics_obtained":[{"floor":9,"key":"WingedGreaves"},{"floor":10,"key":"Unceasing Top"},{"floor":14,"key":"Old Coin"},{"floor":19,"key":"Red Mask"},{"floor":24,"key":"Peace Pipe"},{"floor":26,"key":"Lantern"},{"floor":30,"key":"Oddly Smooth Stone"}],"event_choices":[{"damage_healed":0,"gold_gain":0,"player_choice":"Donut","damage_taken":0,"max_hp_gain":5,"max_hp_loss":0,"event_name":"Big Fish","floor":3,"gold_loss":0},{"damage_healed":0,"gold_gain":0,"player_choice":"Forge","damage_taken":0,"max_hp_gain":0,"max_hp_loss":0,"event_name":"Accursed Blacksmith","floor":12,"gold_loss":0,"cards_upgraded":["Consume"]},{"damage_healed":0,"gold_gain":0,"player_choice":"Fought Bandits","damage_taken":0,"max_hp_gain":0,"max_hp_loss":0,"event_name":"Masked Bandits","floor":19,"gold_loss":0},{"cards_removed":["Strike_B"],"damage_healed":0,"gold_gain":0,"player_choice":"Gave Gold","damage_taken":0,"max_hp_gain":0,"max_hp_loss":0,"event_name":"Beggar","floor":20,"gold_loss":75},{"damage_healed":0,"gold_gain":0,"cards_transformed":["Strike_B","Strike_B"],"player_choice":"Became Test Subject","damage_taken":0,"max_hp_gain":0,"max_hp_loss":0,"event_name":"Drug Dealer","floor":21,"gold_loss":0,"cards_obtained":["Glacier","Consume"]}],"is_beta":false,"boss_relics":[{"not_picked":["White Beast Statue","Empty Cage"],"picked":"Nuclear Battery"}],"items_purged_floors":[22],"is_endless":false,"potions_floor_spawned":[2,7,13,14,18,27],"killed_by":"Collector","ascension_level":20}