{"gold_per_floor":[118,43,55,55,68,68,102,102,102,102],"floor_reached":10,"playtime":217,"items_purged":[],"score":132,"play_id":"11335107-aa42-4839-9b6f-5b21f09e048e","local_time":"20190221013733","is_ascension_mode":true,"campfire_choices":[{"data":"Searing Blow","floor":6,"key":"SMITH"},{"data":"Searing Blow+1","floor":8,"key":"SMITH"}],"neow_cost":"NONE","seed_source_timestamp":44388540591306,"circlet_count":0,"master_deck":["AscendersBane","Strike_R","Strike_R","Strike_R","Strike_R","Defend_R","Defend_R","Defend_R","Defend_R","Bash","Searing Blow+2","Twin Strike","Clothesline","Havoc"],"relics":["Burning Blood","NeowsBlessing","Mercury Hourglass","Juzu Bracelet"],"potions_floor_usage":[5],"damage_taken":[{"damage":0,"enemies":"2 Louse","floor":1,"turns":2},{"damage":0,"enemies":"Small Slimes","floor":3,"turns":1},{"damage":0,"enemies":"Jaw Worm","floor":5,"turns":1},{"damage":47,"enemies":"Lagavulin","floor":7,"turns":7},{"damage":11,"enemies":"3 Louse","floor":10,"turns":1}],"seed_played":"-210972057686465741","potions_obtained":[{"floor":5,"key":"Fruit Juice"}],"is_trial":false,"path_per_floor":["M","?","M","?","M","R","E","R","T","M"],"character_chosen":"IRONCLAD","items_purchased":[],"campfire_rested":0,"item_purchase_floors":[],"current_hp_per_floor":[74,74,75,40,51,51,10,10,10,0],"gold":102,"neow_bonus":"THREE_ENEMY_KILL","is_prod":false,"is_daily":false,"chose_seed":false,"campfire_upgraded":2,"win_rate":0,"timestamp":1550666253,"path_taken":["M","?","M","?","?","R","E","R","T","M"],"build_version":"2019-01-23","purchased_purges":0,"victory":false,"max_hp_per_floor":[75,75,75,75,80,80,80,80,80,80],"card_choices":[{"not_picked":["Armaments","Pummel"],"picked":"Searing Blow","floor":1},{"not_picked":["Clash","Dropkick"],"picked":"Twin Strike","floor":3},{"not_picked":["Bloodletting","Heavy Blade"],"picked":"Clothesline","floor":5},{"not_picked":["Flex","Carnage"],"picked":"Havoc","floor":7}],"player_experience":380059,"relics_obtained":[{"floor":7,"key":"Juzu Bracelet"}],"event_choices":[{"cards_removed":["Strike_R"],"damage_healed":0,"gold_gain":0,"player_choice":"Card Removal","damage_taken":0,"max_hp_gain":0,"max_hp_loss":0,"event_name":"The Cleric","floor":2,"gold_loss":75},{"damage_healed":0,"gold_gain":0,"player_choice":"Success","damage_taken":35,"relics_obtained":["Mercury Hourglass"],"max_hp_gain":0,"max_hp_loss":0,"event_name":"Scrap Ooze","floor":4,"gold_loss":0}],"is_beta":false,"boss_relics":[],"items_purged_floors":[],"is_endless":false,"potions_floor_spawned":[5],"killed_by":"3 Louse","ascension_level":20}