{"gold_per_floor":[113,36,36,36,54,83,83,115,190,200,200,226,73,90,90,185,185,201,300,300,354,369,369,400,18,45,45,78,93,93,118,118,222,222,232,332,352,165,177,177,211,211,289,316,327,128,155,155,155,155],"floor_reached":51,"playtime":2470,"items_purged":["Parasite","Pain","Decay"],"score":1318,"play_id":"90081bba-0b84-404c-b48d-e8e3e53cabbc","local_time":"20190124204705","is_ascension_mode":true,"campfire_choices":[{"data":"Bludgeon","floor":7,"key":"SMITH"},{"data":"Bash","floor":11,"key":"SMITH"},{"data":"Spot Weakness","floor":15,"key":"SMITH"},{"data":"Demon Form","floor":23,"key":"SMITH"},{"data":"Pommel Strike","floor":27,"key":"SMITH"},{"data":"Clothesline","floor":30,"key":"SMITH"},{"data":"Battle Trance","floor":32,"key":"SMITH"},{"floor":40,"key":"REST"},{"floor":42,"key":"REST"},{"floor":49,"key":"DIG"}],"neow_cost":"NONE","seed_source_timestamp":5145776298156,"circlet_count":0,"master_deck":["Strike_R+1","Strike_R+1","Strike_R+1","Strike_R+1","Strike_R+1","Defend_R+1","Defend_R+1","Defend_R+1","Defend_R+1","Bash+1","Rampage","Headbutt","Armaments+1","Pommel Strike+1","Bludgeon+1","Spot Weakness+1","Anger","Battle Trance+1","Demon Form+1","Flame Barrier+1","Iron Wave","Offering","Clothesline+1","Warcry+1","Burning Pact+1","Ghostly Armor","Iron Wave+1","Metallicize+1","Shrug It Off","Heavy Blade"],"relics":["Burning Blood","Whetstone","PreservedInsect","Mercury Hourglass","Red Skull","Kunai","Potion Belt","Anchor","Cursed Key","Oddly Smooth Stone","Happy Flower","Pen Nib","Blood Vial","Darkstone Periapt","Singing Bowl","Fusion Hammer","Gambling Chip","Vajra","Bottled Tornado","Regal Pillow","Shovel","Lantern"],"potions_floor_usage":[16,24,33,33,50,50],"damage_taken":[{"damage":2,"enemies":"2 Louse","floor":1,"turns":3},{"damage":0,"enemies":"Jaw Worm","floor":5,"turns":4},{"damage":14,"enemies":"Lagavulin","floor":6,"turns":6},{"damage":5,"enemies":"3 Sentries","floor":8,"turns":4},{"damage":0,"enemies":"Cultist","floor":10,"turns":2},{"damage":25,"enemies":"Lagavulin","floor":12,"turns":4},{"damage":0,"enemies":"Blue Slaver","floor":14,"turns":2},{"damage":21,"enemies":"Hexaghost","floor":16,"turns":8},{"damage":18,"enemies":"Spheric Guardian","floor":18,"turns":4},{"damage":12,"enemies":"2 Thieves","floor":22,"turns":3},{"damage":0,"enemies":"Gremlin Leader","floor":24,"turns":4},{"damage":11,"enemies":"Slavers","floor":28,"turns":4},{"damage":6,"enemies":"Snecko","floor":29,"turns":2},{"damage":9,"enemies":"Gremlin Leader","floor":31,"turns":4},{"damage":33,"enemies":"Collector","floor":33,"turns":7},{"damage":0,"enemies":"Orb Walker","floor":35,"turns":2},{"damage":2,"enemies":"Mind Bloom Boss Battle","floor":36,"turns":4},{"damage":9,"enemies":"3 Shapes","floor":37,"turns":3},{"damage":0,"enemies":"Transient","floor":39,"turns":5},{"damage":10,"enemies":"Giant Head","floor":41,"turns":4},{"damage":6,"enemies":"Reptomancer","floor":44,"turns":3},{"damage":6,"enemies":"Jaw Worm Horde","floor":45,"turns":3},{"damage":6,"enemies":"Giant Head","floor":47,"turns":4},{"damage":10,"enemies":"Time Eater","floor":50,"turns":9}],"seed_played":"-3708469032744554321","potions_obtained":[{"floor":5,"key":"SpeedPotion"},{"floor":10,"key":"Dexterity Potion"},{"floor":16,"key":"LiquidBronze"},{"floor":22,"key":"Block Potion"},{"floor":28,"key":"SmokeBomb"},{"floor":29,"key":"PowerPotion"},{"floor":33,"key":"Swift Potion"},{"floor":41,"key":"BloodPotion"}],"is_trial":false,"path_per_floor":["M","$","?","?","M","E","R","E","T","M","R","E","$","M","R","B",null,"M","?","?","T","M","R","E","$","T","R","E","M","R","E","R","B",null,"M","?","M","$","M","R","E","R","T","E","M","$","E","?","R","B",null],"character_chosen":"IRONCLAD","items_purchased":["Headbutt","Armaments","Anchor","Offering","Pen Nib","Ghostly Armor","Dexterity Potion","Heavy Blade","PowerPotion"],"campfire_rested":2,"item_purchase_floors":[2,2,13,25,25,38,38,46,46],"current_hp_per_floor":[76,76,69,69,75,67,67,68,68,74,74,55,55,61,61,46,72,60,60,60,60,54,54,60,60,60,60,57,59,59,58,58,35,68,76,81,80,80,83,83,79,83,89,91,91,91,93,88,88,84],"gold":155,"neow_bonus":"RANDOM_COMMON_RELIC","is_prod":false,"is_daily":false,"chose_seed":false,"campfire_upgraded":7,"win_rate":0,"timestamp":1548316025,"path_taken":["M","$","?","?","M","E","R","E","T","M","R","E","$","M","R","BOSS","M","?","?","?","?","R","E","$","T","R","E","M","R","E","R","BOSS","M","?","M","$","M","R","E","R","T","E","M","$","E","?","R","BOSS"],"build_version":"2019-01-23","purchased_purges":3,"victory":true,"max_hp_per_floor":[80,80,80,80,80,80,80,80,80,80,80,80,80,80,80,80,80,80,80,80,80,80,80,80,77,77,77,77,77,77,77,77,79,79,79,81,83,83,83,83,83,83,89,91,91,91,93,88,88,88],"card_choices":[{"not_picked":["Wild Strike","Heavy Blade"],"picked":"Rampage","floor":1},{"not_picked":["Warcry","Clash"],"picked":"Pommel Strike","floor":5},{"not_picked":["Twin Strike","Headbutt"],"picked":"Bludgeon","floor":6},{"not_picked":["Feel No Pain","Anger"],"picked":"Spot Weakness","floor":8},{"not_picked":["Second Wind","Whirlwind"],"picked":"Anger","floor":10},{"not_picked":["Armaments","Barricade","Heavy Blade"],"picked":"SKIP","floor":12},{"not_picked":["Pummel","Intimidate"],"picked":"Battle Trance","floor":14},{"not_picked":["Barricade","Juggernaut"],"picked":"Demon Form","floor":16},{"not_picked":["Wild Strike+1","Twin Strike","Sever Soul"],"picked":"SKIP","floor":18},{"not_picked":["Evolve","Anger+1"],"picked":"Flame Barrier+1","floor":22},{"not_picked":["Dark Embrace","Havoc"],"picked":"Iron Wave","floor":24},{"not_picked":["Body Slam","Berserk"],"picked":"Clothesline","floor":28},{"not_picked":["Body Slam","Twin Strike+1","Iron Wave"],"picked":"SKIP","floor":29},{"not_picked":["Body Slam+1","Flex"],"picked":"Warcry+1","floor":31},{"not_picked":["Barricade","Dark Embrace","Bludgeon"],"picked":"Singing Bowl","floor":33},{"not_picked":["Metallicize+1","Pommel Strike+1"],"picked":"Burning Pact+1","floor":35},{"not_picked":["Headbutt+1","Warcry","Hemokinesis"],"picked":"Singing Bowl","floor":36},{"not_picked":["Armaments+1","Spot Weakness+1","Warcry"],"picked":"Singing Bowl","floor":37},{"not_picked":["Dropkick","Rampage+1"],"picked":"Iron Wave+1","floor":39},{"not_picked":["Body Slam+1","Inflame+1"],"picked":"Metallicize+1","floor":41},{"not_picked":["Perfected Strike","Wild Strike+1","Carnage"],"picked":"Singing Bowl","floor":44},{"not_picked":["Iron Wave+1","Dual Wield+1"],"picked":"Shrug It Off","floor":45},{"not_picked":["Spot Weakness","Exhume","Pommel Strike"],"picked":"Singing Bowl","floor":47}],"player_experience":29105,"relics_obtained":[{"floor":6,"key":"Mercury Hourglass"},{"floor":8,"key":"Red Skull"},{"floor":9,"key":"Kunai"},{"floor":12,"key":"Potion Belt"},{"floor":21,"key":"Oddly Smooth Stone"},{"floor":24,"key":"Happy Flower"},{"floor":26,"key":"Blood Vial"},{"floor":28,"key":"Darkstone Periapt"},{"floor":31,"key":"Singing Bowl"},{"floor":36,"key":"Gambling Chip"},{"floor":41,"key":"Vajra"},{"floor":43,"key":"Bottled Tornado"},{"floor":44,"key":"Regal Pillow"},{"floor":47,"key":"Shovel"},{"floor":49,"key":"Lantern"}],"event_choices":[{"damage_healed":0,"gold_gain":0,"player_choice":"Success","damage_taken":7,"relics_obtained":["PreservedInsect"],"max_hp_gain":0,"max_hp_loss":0,"event_name":"Scrap Ooze","floor":3,"gold_loss":0},{"damage_healed":0,"gold_gain":0,"player_choice":"Grow","damage_taken":0,"max_hp_gain":0,"max_hp_loss":0,"event_name":"Living Wall","floor":4,"gold_loss":0,"cards_upgraded":["Armaments"]},{"damage_healed":0,"gold_gain":99,"player_choice":"Stole From Cult","damage_taken":0,"max_hp_gain":0,"max_hp_loss":0,"event_name":"Nest","floor":19,"gold_loss":0},{"damage_healed":0,"gold_gain":0,"player_choice":"Simplicity","damage_taken":0,"max_hp_gain":0,"max_hp_loss":0,"event_name":"Back to Basics","floor":20,"gold_loss":0,"cards_upgraded":["Strike_R","Strike_R","Strike_R","Defend_R","Defend_R","Defend_R","Defend_R"]},{"damage_healed":0,"gold_gain":0,"player_choice":"Fight","damage_taken":0,"max_hp_gain":0,"max_hp_loss":0,"event_name":"MindBloom","floor":36,"gold_loss":0},{"damage_healed":0,"gold_gain":0,"player_choice":"Max HP","damage_taken":0,"max_hp_gain":0,"max_hp_loss":5,"event_name":"Winding Halls","floor":48,"gold_loss":0}],"is_beta":false,"boss_relics":[{"not_picked":["Velvet Choker","Ectoplasm"],"picked":"Cursed Key"},{"not_picked":["Sozu","Empty Cage"],"picked":"Fusion Hammer"}],"items_purged_floors":[25,38,46],"is_endless":false,"potions_floor_spawned":[5,10,16,22,28,29,33,41,44,45],"ascension_level":9}