{"gold_per_floor":[117,129,10,26,26,44,72,100,100,113,138,138,157,185,185,288,288,303,303,303,317,335,335,365,365,418,434,434,36,47,47],"floor_reached":31,"playtime":2308,"items_purged":["Writhe"],"score":392,"play_id":"f7cd0415-2d1b-4f6a-9959-c8b17143c496","local_time":"20190225205840","is_ascension_mode":true,"campfire_choices":[{"data":"Defragment","floor":12,"key":"SMITH"},{"data":"Sunder","floor":15,"key":"SMITH"},{"floor":23,"key":"REST"},{"floor":25,"key":"REST"}],"neow_cost":"NONE","seed_source_timestamp":201058772568051,"circlet_count":0,"master_deck":["Strike_B","Strike_B","Strike_B","Defend_B","Defend_B","Defend_B","Defend_B","Zap","Dualcast","Sunder+1","Conserve Battery","Defragment+1","Leap","Darkness","Coolheaded","Go for the Eyes","Go for the Eyes","Genetic Algorithm","Auto Shields","Cold Snap","Creative AI","Injury","Parasite","BootSequence+1","Compile Driver","Defragment","Leap","Hologram","Self Repair","FTL","Coolheaded+1"],"relics":["Cracked Core","Odd Mushroom","Vajra","Meat on the Bone","FossilizedHelix","Potion Belt","Calling Bell","Bag of Marbles","Question Card","Emotion Chip","Spirit Poop","Smiling Mask","Tiny Chest","Happy Flower","Toolbox"],"potions_floor_usage":[6,7,11,18,31,31,31],"damage_taken":[{"damage":0,"enemies":"Small Slimes","floor":1,"turns":2},{"damage":7,"enemies":"Jaw Worm","floor":2,"turns":2},{"damage":0,"enemies":"Cultist","floor":4,"turns":2},{"damage":7,"enemies":"Exordium Wildlife","floor":6,"turns":3},{"damage":7,"enemies":"The Mushroom Lair","floor":7,"turns":4},{"damage":17,"enemies":"Lagavulin","floor":8,"turns":5},{"damage":15,"enemies":"Gremlin Gang","floor":10,"turns":3},{"damage":7,"enemies":"Gremlin Nob","floor":11,"turns":3},{"damage":0,"enemies":"Blue Slaver","floor":13,"turns":3},{"damage":0,"enemies":"Lagavulin","floor":14,"turns":7},{"damage":10,"enemies":"Hexaghost","floor":16,"turns":11},{"damage":30,"enemies":"2 Thieves","floor":18,"turns":4},{"damage":18,"enemies":"Spheric Guardian","floor":21,"turns":5},{"damage":44,"enemies":"3 Cultists","floor":22,"turns":6},{"damage":35,"enemies":"Slavers","floor":24,"turns":12},{"damage":9,"enemies":"Centurion and Healer","floor":27,"turns":14},{"damage":2,"enemies":"Snake Plant","floor":30,"turns":7},{"damage":66,"enemies":"Gremlin Leader","floor":31,"turns":11}],"seed_played":"4760007538930641622","potions_obtained":[{"floor":1,"key":"Energy Potion"},{"floor":2,"key":"SteroidPotion"},{"floor":10,"key":"FearPotion"},{"floor":16,"key":"Regen Potion"},{"floor":24,"key":"FocusPotion"},{"floor":27,"key":"SpeedPotion"},{"floor":30,"key":"Strength Potion"}],"is_trial":false,"path_per_floor":["M","M","$","M","?","M","?","E","T","M","E","R","M","E","R","B",null,"M","T","?","M","M","R","E","R","T","M","?","$","M","E"],"character_chosen":"DEFECT","items_purchased":["Defragment","Leap","Toolbox","Self Repair","FTL"],"campfire_rested":2,"item_purchase_floors":[3,3,29,29,29],"current_hp_per_floor":[75,68,68,68,61,54,47,30,30,27,32,32,44,44,44,46,73,55,55,55,49,17,41,18,42,42,45,45,45,50,0],"gold":47,"neow_bonus":"TEN_PERCENT_HP_BONUS","is_prod":false,"is_daily":false,"chose_seed":false,"campfire_upgraded":2,"win_rate":0,"timestamp":1551157120,"path_taken":["M","M","$","M","?","M","?","E","T","M","E","R","?","E","R","BOSS","M","?","?","M","?","R","E","R","T","M","?","$","M","E"],"build_version":"2019-01-23","purchased_purges":1,"victory":false,"max_hp_per_floor":[82,82,82,82,82,82,82,82,82,82,82,82,82,82,82,82,82,82,82,82,82,82,82,82,82,82,82,82,82,82,82],"card_choices":[{"not_picked":["Barrage","Reinforced Body"],"picked":"Sunder","floor":1},{"not_picked":["Gash","Rip and Tear"],"picked":"Conserve Battery","floor":2},{"not_picked":["Sweeping Beam","Stack"],"picked":"Darkness","floor":4},{"not_picked":["White Noise","Skim"],"picked":"Coolheaded","floor":6},{"not_picked":["Loop","Recycle"],"picked":"Go for the Eyes","floor":7},{"not_picked":["Thunder Strike","Rip and Tear"],"picked":"Go for the Eyes","floor":8},{"not_picked":["Chaos","Darkness"],"picked":"Genetic Algorithm","floor":10},{"not_picked":["Sweeping Beam","Gash"],"picked":"Auto Shields","floor":11},{"not_picked":["Sunder","Stack"],"picked":"Cold Snap","floor":13},{"not_picked":["Gash","Tempest","Turbo"],"picked":"SKIP","floor":14},{"not_picked":["Hyperbeam","Meteor Strike"],"picked":"Creative AI","floor":16},{"not_picked":["Conserve Battery+1","Turbo+1","Gash"],"picked":"BootSequence+1","floor":18},{"not_picked":["Hyperbeam","Go for the Eyes+1","Sunder"],"picked":"Compile Driver","floor":21},{"not_picked":["Static Discharge","Stack","Doom and Gloom"],"picked":"Defragment","floor":22},{"not_picked":["Blizzard","Lockon","Thunder Strike"],"picked":"Leap","floor":24},{"not_picked":["Gash","Streamline+1","Tempest"],"picked":"Hologram","floor":27},{"not_picked":["Gash","Stack","Turbo+1"],"picked":"Coolheaded+1","floor":30}],"player_experience":429259,"relics_obtained":[{"floor":7,"key":"Odd Mushroom"},{"floor":8,"key":"Vajra"},{"floor":9,"key":"Meat on the Bone"},{"floor":11,"key":"FossilizedHelix"},{"floor":14,"key":"Potion Belt"},{"floor":17,"key":"Bag of Marbles"},{"floor":17,"key":"Question Card"},{"floor":17,"key":"Emotion Chip"},{"floor":24,"key":"Smiling Mask"},{"floor":26,"key":"Tiny Chest"}],"event_choices":[{"cards_removed":["Strike_B"],"damage_healed":0,"gold_gain":0,"player_choice":"Card Removal","damage_taken":7,"max_hp_gain":0,"max_hp_loss":0,"event_name":"Golden Wing","floor":5,"gold_loss":0},{"damage_healed":0,"gold_gain":0,"player_choice":"Fought Mushrooms","damage_taken":0,"max_hp_gain":0,"max_hp_loss":0,"event_name":"Mushrooms","floor":7,"gold_loss":0},{"cards_removed":["Regret"],"damage_healed":0,"gold_gain":0,"player_choice":"Offered Curse","damage_taken":0,"relics_obtained":["Spirit Poop"],"max_hp_gain":0,"max_hp_loss":0,"event_name":"Bonfire Elementals","floor":20,"gold_loss":0},{"damage_healed":0,"gold_gain":0,"player_choice":"Opened","damage_taken":0,"relics_obtained":["Happy Flower"],"max_hp_gain":0,"max_hp_loss":0,"event_name":"The Mausoleum","floor":28,"gold_loss":0,"cards_obtained":["Writhe"]}],"is_beta":false,"boss_relics":[{"not_picked":["Pandora\u0027s Box","Lizard Tail"],"picked":"Calling Bell"}],"items_purged_floors":[29],"is_endless":false,"potions_floor_spawned":[1,2,10,16,24,27,30],"killed_by":"Gremlin Leader","ascension_level":6}