{"gold_per_floor":[113,21,41,41,65,95,95,126,171,171,171,190,190,223,223,299,299,317,367,384,6,0,30,46,46,46,46,46,46,57,57,57,128,128,138,138,138,150,161,161,179,179,203,219,254,269,106,120,120,120],"floor_reached":51,"playtime":3243,"items_purged":["Strike_B"],"score":1344,"play_id":"003896a3-3f9b-4519-9cec-c07df8f9ebdd","local_time":"20190216204016","is_ascension_mode":true,"campfire_choices":[{"data":"Beam Cell","floor":7,"key":"SMITH"},{"data":"Zap","floor":10,"key":"SMITH"},{"data":"Dualcast","floor":13,"key":"SMITH"},{"data":"FTL","floor":15,"key":"SMITH"},{"data":"Go for the Eyes","floor":25,"key":"SMITH"},{"data":"Recycle","floor":28,"key":"SMITH"},{"floor":32,"key":"REST"},{"floor":40,"key":"REST"},{"data":"Machine Learning","floor":42,"key":"SMITH"},{"floor":49,"key":"REST"}],"neow_cost":"NONE","seed_source_timestamp":32703191463701,"circlet_count":0,"master_deck":["AscendersBane","Strike_B","Strike_B","Strike_B+1","Defend_B","Defend_B","Defend_B","Defend_B+1","Zap+1","Dualcast+1","Sweeping Beam+1","FTL+1","Beam Cell+1","Ball Lightning","Auto Shields","Cold Snap","All For One","Electrodynamics","Recycle+1","Reprogram","All For One","Go for the Eyes+1","Panacea","Glacier","Gash","Machine Learning+1","Steam+1","Hologram+1","Clumsy","Gash","Turbo","Gash"],"relics":["Cracked Core","NeowsBlessing","Regal Pillow","Pocketwatch","Strawberry","Smiling Mask","Pantograph","Cursed Key","Bronze Scales","PreservedInsect","Runic Pyramid","Oddly Smooth Stone","Calipers"],"potions_floor_usage":[14,18,20,23,33,38,39,46,50,50],"damage_taken":[{"damage":0,"enemies":"2 Louse","floor":1,"turns":1},{"damage":0,"enemies":"Jaw Worm","floor":3,"turns":1},{"damage":0,"enemies":"3 Sentries","floor":6,"turns":1},{"damage":2,"enemies":"Gremlin Nob","floor":8,"turns":3},{"damage":0,"enemies":"Cultist","floor":12,"turns":2},{"damage":0,"enemies":"Lagavulin","floor":14,"turns":4},{"damage":37,"enemies":"Hexaghost","floor":16,"turns":8},{"damage":11,"enemies":"Shell Parasite","floor":18,"turns":2},{"damage":11,"enemies":"3 Byrds","floor":20,"turns":3},{"damage":19,"enemies":"Book of Stabbing","floor":23,"turns":4},{"damage":2,"enemies":"3 Cultists","floor":24,"turns":3},{"damage":22,"enemies":"Centurion and Healer","floor":30,"turns":6},{"damage":56,"enemies":"Champ","floor":33,"turns":25},{"damage":8,"enemies":"3 Shapes","floor":35,"turns":3},{"damage":7,"enemies":"Orb Walker","floor":38,"turns":3},{"damage":13,"enemies":"4 Shapes","floor":39,"turns":3},{"damage":13,"enemies":"Sphere and 2 Shapes","floor":41,"turns":6},{"damage":0,"enemies":"Transient","floor":44,"turns":6},{"damage":7,"enemies":"Giant Head","floor":45,"turns":5},{"damage":6,"enemies":"Writhing Mass","floor":46,"turns":6},{"damage":10,"enemies":"Jaw Worm Horde","floor":48,"turns":3},{"damage":34,"enemies":"Time Eater","floor":50,"turns":10}],"seed_played":"4084862394612647983","potions_obtained":[{"floor":8,"key":"AttackPotion"},{"floor":16,"key":"Poison Potion"},{"floor":20,"key":"FocusPotion"},{"floor":24,"key":"Weak Potion"},{"floor":33,"key":"Swift Potion"},{"floor":38,"key":"SteroidPotion"},{"floor":41,"key":"Fire Potion"},{"floor":44,"key":"SpeedPotion"},{"floor":46,"key":"Ancient Potion"}],"is_trial":false,"path_per_floor":["M","$","M","?","T","E","R","E","T","R","?","M","R","E","R","B",null,"M","?","M","$","?","E","M","R","T","$","R","?","M","T","R","B",null,"M","?","?","M","M","R","M","R","T","M","E","M","$","M","R","B",null],"character_chosen":"DEFECT","items_purchased":["FTL","SteroidPotion","All For One","Go for the Eyes","Panacea","SpeedPotion","Gash","SpeedPotion"],"campfire_rested":3,"item_purchase_floors":[2,2,21,21,21,21,47,47],"current_hp_per_floor":[64,64,64,43,43,43,43,48,48,48,48,48,48,48,48,36,68,57,57,46,46,46,27,25,25,25,25,25,41,19,19,57,22,64,56,56,56,49,36,74,61,61,61,61,54,48,48,38,76,44],"gold":120,"neow_bonus":"THREE_ENEMY_KILL","is_prod":false,"is_daily":false,"chose_seed":false,"campfire_upgraded":7,"win_rate":0,"timestamp":1550302816,"path_taken":["M","$","M","?","?","E","R","E","T","R","?","M","R","E","R","BOSS","M","?","M","$","?","E","M","R","T","$","R","?","M","?","R","BOSS","M","?","?","M","M","R","M","R","T","?","E","M","$","M","R","BOSS"],"build_version":"2019-01-23","purchased_purges":1,"victory":true,"max_hp_per_floor":[71,71,71,71,71,71,71,78,78,78,78,78,78,78,78,78,78,78,78,78,78,78,78,78,78,78,78,78,78,78,78,78,78,78,78,78,78,78,78,78,78,78,78,78,78,78,78,78,78,78],"card_choices":[{"not_picked":["Coolheaded","Hologram"],"picked":"Sweeping Beam","floor":1},{"not_picked":["Gash","Compile Driver"],"picked":"Beam Cell","floor":3},{"not_picked":["Hologram","BootSequence"],"picked":"Ball Lightning","floor":6},{"not_picked":["Barrage","Sweeping Beam"],"picked":"Auto Shields","floor":8},{"not_picked":["Leap","Turbo"],"picked":"Cold Snap","floor":12},{"not_picked":["Force Field","Rebound"],"picked":"All For One","floor":14},{"not_picked":["Echo Form","Rainbow"],"picked":"Electrodynamics","floor":16},{"not_picked":["Capacitor","Doom and Gloom"],"picked":"Recycle","floor":18},{"not_picked":["Rebound","Sweeping Beam"],"picked":"Reprogram","floor":20},{"not_picked":["Go for the Eyes","Tempest","White Noise"],"picked":"SKIP","floor":23},{"not_picked":["Recycle","Hologram"],"picked":"Glacier","floor":24},{"not_picked":["Sweeping Beam","Coolheaded+1"],"picked":"Gash","floor":30},{"not_picked":["Buffer","Thunder Strike"],"picked":"Machine Learning","floor":33},{"not_picked":["Rip and Tear","Rebound"],"picked":"Steam+1","floor":35},{"not_picked":["Cold Snap","Scrape"],"picked":"Hologram+1","floor":38},{"not_picked":["Streamline","Heatsinks","Barrage"],"picked":"SKIP","floor":39},{"not_picked":["Aggregate","Sweeping Beam+1","Redo"],"picked":"SKIP","floor":41},{"not_picked":["Melter+1","Redo"],"picked":"Gash","floor":44},{"not_picked":["Chill","Rainbow","Steam+1"],"picked":"SKIP","floor":45},{"not_picked":["Compile Driver+1","Rip and Tear"],"picked":"Turbo","floor":46},{"not_picked":["Ball Lightning+1","Steam","Barrage"],"picked":"SKIP","floor":48}],"player_experience":274743,"relics_obtained":[{"floor":5,"key":"Regal Pillow"},{"floor":6,"key":"Pocketwatch"},{"floor":8,"key":"Strawberry"},{"floor":9,"key":"Smiling Mask"},{"floor":14,"key":"Pantograph"},{"floor":23,"key":"Bronze Scales"},{"floor":26,"key":"PreservedInsect"},{"floor":43,"key":"Oddly Smooth Stone"},{"floor":45,"key":"Calipers"}],"event_choices":[{"damage_healed":0,"gold_gain":0,"player_choice":"Entered Light","damage_taken":21,"max_hp_gain":0,"max_hp_loss":0,"event_name":"Shining Light","floor":4,"gold_loss":0,"cards_upgraded":["Defend_B","Strike_B"]},{"damage_healed":0,"gold_gain":0,"player_choice":"Forge","damage_taken":0,"max_hp_gain":0,"max_hp_loss":0,"event_name":"Accursed Blacksmith","floor":11,"gold_loss":0,"cards_upgraded":["Sweeping Beam"]},{"damage_healed":0,"gold_gain":50,"player_choice":"Stole From Cult","damage_taken":0,"max_hp_gain":0,"max_hp_loss":0,"event_name":"Nest","floor":19,"gold_loss":0},{"damage_healed":0,"gold_gain":0,"player_choice":"Paid Fearfully","damage_taken":0,"max_hp_gain":0,"max_hp_loss":0,"event_name":"Masked Bandits","floor":22,"gold_loss":6},{"damage_healed":16,"gold_gain":0,"player_choice":"Heal","damage_taken":0,"max_hp_gain":0,"max_hp_loss":0,"event_name":"The Library","floor":29,"gold_loss":0},{"damage_healed":0,"gold_gain":0,"player_choice":"Ignored","damage_taken":0,"max_hp_gain":0,"max_hp_loss":0,"event_name":"Mysterious Sphere","floor":36,"gold_loss":0},{"cards_removed":["Clumsy"],"damage_healed":0,"gold_gain":0,"player_choice":"Removed Curses","damage_taken":0,"max_hp_gain":0,"max_hp_loss":0,"event_name":"Fountain of Cleansing","floor":37,"gold_loss":0}],"is_beta":false,"boss_relics":[{"not_picked":["FrozenCore","Inserter"],"picked":"Cursed Key"},{"not_picked":["Busted Crown","Nuclear Battery"],"picked":"Runic Pyramid"}],"items_purged_floors":[47],"is_endless":false,"potions_floor_spawned":[8,12,16,20,24,33,35,38,41,44,46],"ascension_level":17}