{"gold_per_floor":[119,69,79,102,115,115,142,142,142,162,190,205,218,218,218,315,315,326,6,18,18],"floor_reached":21,"playtime":819,"items_purged":[],"score":287,"play_id":"7b17c4ea-e7e9-43be-b3f3-04377cd30fca","local_time":"20181125194307","is_ascension_mode":true,"campfire_choices":[{"data":"Dash","floor":6,"key":"SMITH"},{"floor":8,"key":"REST"},{"data":"Dagger Throw","floor":15,"key":"SMITH"}],"neow_cost":"NONE","seed_source_timestamp":11925588537451,"circlet_count":0,"master_deck":["AscendersBane","Defend_G","Defend_G","Defend_G","Defend_G","Strike_G","Strike_G","Strike_G","Strike_G","Survivor","Neutralize","Escape Plan","Dagger Throw","Dash+1","Dagger Throw+1","Acrobatics","Poisoned Stab+1","Sucker Punch+1","Adrenaline","Backflip","Chrysalis","Backflip","Backstab+1","Caltrops","Leg Sweep+1"],"relics":["Ring of the Snake","NeowsBlessing","PreservedInsect","Art of War","Meat on the Bone","Molten Egg 2","HoveringKite"],"potions_floor_usage":[7,12,12,16,16,20],"damage_taken":[{"damage":0,"enemies":"2 Louse","floor":1,"turns":1},{"damage":0,"enemies":"Jaw Worm","floor":3,"turns":1},{"damage":0,"enemies":"Cultist","floor":5,"turns":1},{"damage":36,"enemies":"Lagavulin","floor":7,"turns":7},{"damage":3,"enemies":"Looter","floor":10,"turns":3},{"damage":24,"enemies":"Gremlin Nob","floor":11,"turns":4},{"damage":2,"enemies":"Gremlin Gang","floor":12,"turns":4},{"damage":11,"enemies":"Exordium Wildlife","floor":13,"turns":5},{"damage":10,"enemies":"Hexaghost","floor":16,"turns":9},{"damage":22,"enemies":"3 Byrds","floor":18,"turns":8},{"damage":23,"enemies":"2 Thieves","floor":20,"turns":4},{"damage":31,"enemies":"Snake Plant","floor":21,"turns":5}],"seed_played":"-608548181943760603","potions_obtained":[{"floor":3,"key":"PowerPotion"},{"floor":5,"key":"PowerPotion"},{"floor":10,"key":"Dexterity Potion"},{"floor":11,"key":"Poison Potion"},{"floor":12,"key":"LiquidBronze"},{"floor":16,"key":"Fire Potion"}],"is_trial":false,"path_per_floor":["M","?","M","T","M","R","E","R","T","M","E","M","M","?","R","B",null,"M","$","M","M"],"character_chosen":"THE_SILENT","items_purchased":["Chrysalis","Backflip","Backstab+1","Caltrops"],"campfire_rested":1,"item_purchase_floors":[19,19,19,19],"current_hp_per_floor":[63,63,63,63,63,63,27,48,48,45,33,43,44,44,44,46,64,42,42,31,0],"gold":18,"neow_bonus":"THREE_ENEMY_KILL","is_prod":false,"is_daily":false,"chose_seed":false,"campfire_upgraded":2,"win_rate":0,"timestamp":1543128187,"path_taken":["M","?","M","?","?","R","E","R","T","M","E","M","M","?","R","BOSS","M","$","M","M"],"build_version":"2018-11-15","purchased_purges":0,"victory":false,"max_hp_per_floor":[70,70,70,70,70,70,70,70,70,70,70,70,70,70,70,70,70,70,70,70,70],"card_choices":[{"not_picked":["Prepared","Concentrate"],"picked":"Escape Plan","floor":1},{"not_picked":["Tactician","Escape Plan"],"picked":"Dagger Throw","floor":3},{"not_picked":["Blade Dance","Crippling Poison"],"picked":"Dash","floor":5},{"not_picked":["Skewer","Outmaneuver","Masterful Stab"],"picked":"SKIP","floor":7},{"not_picked":["Dodge and Roll","Underhanded Strike"],"picked":"Dagger Throw","floor":10},{"not_picked":["Cloak And Dagger","Flechettes"],"picked":"Acrobatics","floor":11},{"not_picked":["Phantasmal Killer","Deflect"],"picked":"Poisoned Stab+1","floor":12},{"not_picked":["Flying Knee+1","Dagger Throw+1"],"picked":"Sucker Punch+1","floor":13},{"not_picked":["Envenom","Night Terror"],"picked":"Adrenaline","floor":16},{"not_picked":["Prepared","Dagger Spray+1"],"picked":"Backflip","floor":18},{"not_picked":["Poisoned Stab+1","Deflect"],"picked":"Leg Sweep+1","floor":20}],"player_experience":391599,"relics_obtained":[{"floor":4,"key":"PreservedInsect"},{"floor":7,"key":"Art of War"},{"floor":9,"key":"Meat on the Bone"},{"floor":11,"key":"Molten Egg 2"}],"event_choices":[{"cards_removed":["Defend_G"],"damage_healed":0,"gold_gain":0,"player_choice":"Card Removal","damage_taken":0,"max_hp_gain":0,"max_hp_loss":0,"event_name":"The Cleric","floor":2,"gold_loss":50},{"cards_removed":["Strike_G"],"damage_healed":0,"gold_gain":0,"player_choice":"Offered Basic","damage_taken":0,"max_hp_gain":0,"max_hp_loss":0,"event_name":"Bonfire Elementals","floor":14,"gold_loss":0}],"is_beta":false,"boss_relics":[{"not_picked":["Busted Crown","Snecko Eye"],"picked":"HoveringKite"}],"items_purged_floors":[],"is_endless":false,"potions_floor_spawned":[3,5,10,11,12,16],"killed_by":"Snake Plant","ascension_level":10}