{"path_per_floor":["M","?","?","M","?","E","R","E","T","E","M","?","E","?","R"],"character_chosen":"THE_SILENT","items_purchased":[],"gold_per_floor":[114,114,114,129,204,234,234,264,264,294,309,309,339,339,339,339],"floor_reached":16,"campfire_rested":1,"playtime":516,"item_purchase_floors":[],"current_hp_per_floor":[48,48,48,47,36,20,41,41,55,46,46,46,46,46,46,46],"items_purged":[],"gold":339,"score":201,"play_id":"d4e228d7-350a-4207-a5cd-c752064eaf54","local_time":"20180621031336","daily_mods":["Specialized","Elite Swarm","Binary"],"is_prod":false,"is_daily":true,"chose_seed":false,"is_ascension_mode":false,"campfire_upgraded":1,"win_rate":0,"timestamp":1529507616,"campfire_choices":[{"floor":7.0,"key":"REST"},{"data":"After Image","floor":15.0,"key":"SMITH"}],"path_taken":["M","?","?","?","?","E","R","E","T","E","M","?","E","?","R","BOSS"],"build_version":"2018-06-19v2","seed_source_timestamp":0,"purchased_purges":0,"circlet_count":0,"victory":false,"master_deck":["Defend_G","Defend_G","Defend_G","Strike_G","Strike_G","Strike_G","Strike_G","Strike_G","Survivor","Neutralize+1","Wraith Form v2","Wraith Form v2","Wraith Form v2","Wraith Form v2","Wraith Form v2","Deadly Poison","Finisher","Cloak And Dagger","After Image+1","Die Die Die","Flying Knee","Bullet Time","Normality"],"max_hp_per_floor":[70,70,70,70,70,70,70,70,84,84,84,84,84,84,84,84],"special_seed":17701,"relics":["Ring of the Snake","Potion Belt","Centennial Puzzle","Mango","Toolbox","Molten Egg 2","Lantern"],"card_choices":[{"not_picked":["Prepared"],"picked":"Deadly Poison","floor":1.0},{"not_picked":["Finisher"],"picked":"Cloak And Dagger","floor":4.0},{"not_picked":["Phantasmal Killer"],"picked":"After Image","floor":6.0},{"not_picked":["Phantasmal Killer"],"picked":"Die Die Die","floor":8.0},{"not_picked":["Grand Finale","Phantasmal Killer"],"picked":"SKIP","floor":10.0},{"not_picked":["Sucker Punch"],"picked":"Flying Knee","floor":11.0},{"not_picked":["Adrenaline"],"picked":"Bullet Time","floor":13.0}],"player_experience":308790,"potions_floor_usage":[],"damage_taken":[{"damage":22.0,"enemies":"Jaw Worm","floor":1.0,"turns":8.0},{"damage":1.0,"enemies":"Cultist","floor":4.0,"turns":4.0},{"damage":16.0,"enemies":"Lagavulin","floor":6.0,"turns":9.0},{"damage":0.0,"enemies":"Gremlin Nob","floor":8.0,"turns":7.0},{"damage":9.0,"enemies":"Lagavulin","floor":10.0,"turns":12.0},{"damage":0.0,"enemies":"Small Slimes","floor":11.0,"turns":2.0},{"damage":0.0,"enemies":"Gremlin Nob","floor":13.0,"turns":6.0},{"damage":0,"enemies":"Slime Boss","floor":16,"turns":1}],"relics_obtained":[{"floor":6.0,"key":"Potion Belt"},{"floor":8.0,"key":"Centennial Puzzle"},{"floor":9.0,"key":"Mango"},{"floor":10.0,"key":"Toolbox"},{"floor":13.0,"key":"Molten Egg 2"}],"event_choices":[{"event_name":"Upgrade Shrine","player_choice":"Upgraded","floor":2.0,"damage_taken":0.0},{"event_name":"Living Wall","player_choice":"Change","floor":3.0,"damage_taken":0.0},{"event_name":"World of Goop","player_choice":"Gather Gold","floor":5.0,"damage_taken":0.0},{"event_name":"Bonfire Elementals","player_choice":"BASIC","floor":12.0,"damage_taken":0.0},{"event_name":"Accursed Blacksmith","player_choice":"Rummage","floor":14.0,"damage_taken":0.0}],"boss_relics":[],"items_purged_floors":[],"is_endless":false,"potions_floor_spawned":[8,11,13],"seed_played":"1244494932792463872","killed_by":"Slime Boss","ascension_level":0,"potions_obtained":[{"floor":8.0,"key":"SkillPotion"},{"floor":11.0,"key":"Strength Potion"},{"floor":13.0,"key":"SteroidPotion"}],"is_trial":false}