{"gold_per_floor":[112,130,110,123,98,129,129,31,57,90,90,110,145,145,145,145],"floor_reached":16,"playtime":871,"items_purged":["Defend_B"],"score":159,"play_id":"88ea4264-9963-41c4-ad6b-4ba496e6888e","local_time":"20181126042950","is_ascension_mode":true,"campfire_choices":[{"data":"Zap","floor":7,"key":"SMITH"},{"floor":11,"key":"REST"},{"floor":15,"key":"REST"}],"neow_cost":"PERCENT_DAMAGE","seed_source_timestamp":43473332488971,"circlet_count":0,"master_deck":["Strike_B","Strike_B","Strike_B","Strike_B","Defend_B","Defend_B+1","Defend_B+1","Zap+1","Dualcast","All For One","Reprogram","Beam Cell","Steam","Steam","Rebound","Hologram","Scrape"],"relics":["Cracked Core","Smiling Mask","Lantern","Happy Flower","War Paint","Golden Idol"],"potions_floor_usage":[6,6,10,10,13,13],"damage_taken":[{"damage":2,"enemies":"Jaw Worm","floor":1,"turns":3},{"damage":1,"enemies":"Cultist","floor":2,"turns":3},{"damage":10,"enemies":"2 Louse","floor":4,"turns":2},{"damage":6,"enemies":"3 Sentries","floor":6,"turns":7},{"damage":12,"enemies":"Gremlin Nob","floor":10,"turns":4},{"damage":30,"enemies":"Gremlin Gang","floor":12,"turns":3},{"damage":7,"enemies":"Lagavulin","floor":13,"turns":5},{"damage":24,"enemies":"Hexaghost","floor":16,"turns":7}],"seed_played":"-1558054484732386396","potions_obtained":[{"floor":1,"key":"Fire Potion"},{"floor":3,"key":"Strength Potion"},{"floor":4,"key":"Poison Potion"},{"floor":10,"key":"Weak Potion"},{"floor":12,"key":"Swift Potion"}],"is_trial":false,"path_per_floor":["M","M","?","M","$","E","R","$","T","E","R","M","E","?","R","B"],"character_chosen":"DEFECT","items_purchased":["Steam","Weak Potion"],"campfire_rested":2,"item_purchase_floors":[5,8],"current_hp_per_floor":[48,47,47,37,37,31,31,31,31,19,41,11,4,4,24,0],"gold":145,"neow_bonus":"THREE_RARE_CARDS","is_prod":false,"is_daily":false,"chose_seed":false,"campfire_upgraded":1,"win_rate":0,"timestamp":1543159790,"path_taken":["M","M","?","M","$","E","R","?","T","E","R","M","E","?","R","BOSS"],"build_version":"2018-11-15","purchased_purges":1,"victory":false,"max_hp_per_floor":[75,75,75,75,75,75,75,75,75,75,75,75,75,69,69,69],"card_choices":[{"not_picked":["Machine Learning","Rainbow"],"picked":"All For One","floor":0},{"not_picked":["Sunder","Rebound"],"picked":"Reprogram","floor":1},{"not_picked":["Rebound","Loop"],"picked":"Beam Cell","floor":2},{"not_picked":["Streamline","Force Field"],"picked":"Steam","floor":4},{"not_picked":["Machine Learning","Compile Driver"],"picked":"Rebound","floor":6},{"not_picked":["Redo","Stack"],"picked":"Hologram","floor":10},{"not_picked":["Stack","Streamline","Compile Driver"],"picked":"SKIP","floor":12},{"not_picked":["Force Field","Ball Lightning"],"picked":"Scrape","floor":13}],"player_experience":395241,"relics_obtained":[{"floor":6,"key":"Smiling Mask"},{"floor":9,"key":"Lantern"},{"floor":10,"key":"Happy Flower"},{"floor":13,"key":"War Paint"}],"event_choices":[{"damage_healed":0,"gold_gain":0,"player_choice":"Bought 1 Potion","damage_taken":0,"max_hp_gain":0,"max_hp_loss":0,"event_name":"The Woman in Blue","floor":3,"gold_loss":0},{"damage_healed":0,"gold_gain":0,"player_choice":"Lose Max HP","damage_taken":0,"relics_obtained":["Golden Idol"],"max_hp_gain":0,"max_hp_loss":6,"event_name":"Golden Idol","floor":14,"gold_loss":0}],"is_beta":false,"boss_relics":[],"items_purged_floors":[8],"is_endless":false,"potions_floor_spawned":[1,4,10,12],"killed_by":"Hexaghost","ascension_level":7}