{"gold_per_floor":[13,23,37,56,70,98,116,146,146,174,174,174,349,367,367,367],"floor_reached":16,"playtime":1687,"items_purged":[],"score":130,"play_id":"16da5fc2-cc71-4a68-a837-d4355170e1d6","local_time":"20180925200015","is_ascension_mode":true,"campfire_choices":[{"floor":11,"key":"REST"},{"data":"Envenom","floor":15,"key":"SMITH"}],"neow_cost":"NO_GOLD","seed_source_timestamp":0,"circlet_count":0,"master_deck":["Defend_G","Defend_G","Defend_G","Defend_G","Defend_G","Strike_G","Strike_G","Survivor","Neutralize","Envenom+1","Deflect","Bane","Skewer","Endless Agony","Flying Knee","Backflip","Leg Sweep","Deadly Poison","Malaise","Slice","Doubt","Bane"],"special_seed":0,"relics":["Ring of the Snake","Dream Catcher","Letter Opener","The Courier","Art of War"],"potions_floor_usage":[10,16,16],"damage_taken":[{"damage":2,"enemies":"Jaw Worm","floor":1,"turns":5},{"damage":0,"enemies":"2 Louse","floor":2,"turns":4},{"damage":0,"enemies":"Small Slimes","floor":3,"turns":4},{"damage":7,"enemies":"3 Louse","floor":4,"turns":5},{"damage":2,"enemies":"Blue Slaver","floor":5,"turns":4},{"damage":15,"enemies":"3 Sentries","floor":6,"turns":10},{"damage":3,"enemies":"Large Slime","floor":7,"turns":6},{"damage":10,"enemies":"Lagavulin","floor":8,"turns":8},{"damage":15,"enemies":"3 Sentries","floor":10,"turns":10},{"damage":0,"enemies":"Exordium Wildlife","floor":14,"turns":3},{"damage":35,"enemies":"Slime Boss","floor":16,"turns":10}],"seed_played":"-7398365601467853704","potions_obtained":[{"floor":4,"key":"Ancient Potion"},{"floor":5,"key":"Block Potion"},{"floor":8,"key":"Swift Potion"},{"floor":14,"key":"Weak Potion"}],"is_trial":false,"path_per_floor":["M","M","M","M","M","E","M","E","T","E","R","?","?","M","R"],"character_chosen":"THE_SILENT","items_purchased":[],"campfire_rested":1,"item_purchase_floors":[],"current_hp_per_floor":[68,68,68,61,59,44,41,31,31,16,37,30,30,30,30,0],"gold":367,"neow_bonus":"TRANSFORM_TWO_CARDS","is_prod":false,"is_daily":false,"chose_seed":false,"campfire_upgraded":1,"win_rate":0,"timestamp":1537920015,"path_taken":["M","M","M","M","M","E","M","E","T","E","R","?","?","?","R","BOSS"],"build_version":"2018-09-20","purchased_purges":0,"victory":false,"max_hp_per_floor":[70,70,70,70,70,70,70,70,70,70,70,70,70,70,70,70],"card_choices":[{"not_picked":["Slice","Underhanded Strike"],"picked":"Bane","floor":1},{"not_picked":["Outmaneuver","Terror"],"picked":"Skewer","floor":2},{"not_picked":["Leg Sweep","Underhanded Strike"],"picked":"Endless Agony","floor":3},{"not_picked":["Tactician","Prepared"],"picked":"Flying Knee","floor":4},{"not_picked":["Infinite Blades","After Image"],"picked":"Backflip","floor":5},{"not_picked":["Outmaneuver","Dagger Throw"],"picked":"Leg Sweep","floor":6},{"not_picked":["Underhanded Strike","Well Laid Plans"],"picked":"Deadly Poison","floor":7},{"not_picked":["Phantasmal Killer","Deflect"],"picked":"Malaise","floor":8},{"not_picked":["Backflip","Flying Knee","Acrobatics"],"picked":"SKIP","floor":10},{"not_picked":["Accuracy","Calculated Gamble"],"picked":"Slice","floor":11},{"not_picked":["Poisoned Stab","Prepared"],"picked":"Bane","floor":14}],"player_experience":653339,"relics_obtained":[{"floor":6,"key":"Dream Catcher"},{"floor":8,"key":"Letter Opener"},{"floor":9,"key":"The Courier"},{"floor":10,"key":"Art of War"}],"event_choices":[{"event_name":"Golden Wing","player_choice":"Card Removal","floor":12,"damage_taken":0},{"event_name":"Liars Game","player_choice":"agreed","floor":13,"damage_taken":0}],"is_beta":false,"boss_relics":[],"items_purged_floors":[],"is_endless":false,"potions_floor_spawned":[4,5,8,14],"killed_by":"Slime Boss","ascension_level":1}