{"gold_per_floor":[117,117,133,151,226,226,255,255,311,343,354,411,411,485,485,584,584,599,599,480,492,41,41],"floor_reached":23,"playtime":1391,"items_purged":[],"score":207,"play_id":"bb263fce-6c4f-4115-b7d5-48c15adff914","local_time":"20190301121615","is_ascension_mode":true,"campfire_choices":[{"data":"Defragment","floor":6,"key":"SMITH"},{"data":"Conserve Battery","floor":8,"key":"SMITH"},{"floor":13,"key":"REST"},{"floor":15,"key":"REST"}],"neow_cost":"NONE","seed_source_timestamp":1318712713664175,"circlet_count":0,"master_deck":["Strike_B","Strike_B","Strike_B","Strike_B","Defend_B","Defend_B","Defend_B","Defend_B","Zap","Dualcast","Undo","Defragment+1","Stack","Conserve Battery+1","Double Energy","Skim","Reprogram","Reboot","Self Repair","Self Repair","Stack","Ball Lightning","Force Field","Defragment","Sweeping Beam"],"relics":["Snecko Eye","Centennial Puzzle","Tiny Chest","Mercury Hourglass","Matryoshka","Potion Belt","Ornamental Fan","Nuclear Battery","Pen Nib","Vajra","Bottled Tornado"],"potions_floor_usage":[10,12,12,23],"damage_taken":[{"damage":0,"enemies":"2 Louse","floor":1,"turns":2},{"damage":0,"enemies":"Jaw Worm","floor":3,"turns":3},{"damage":7,"enemies":"Small Slimes","floor":4,"turns":4},{"damage":15,"enemies":"Lagavulin","floor":7,"turns":8},{"damage":34,"enemies":"Gremlin Nob","floor":10,"turns":6},{"damage":0,"enemies":"Looter","floor":11,"turns":4},{"damage":2,"enemies":"Lagavulin Event","floor":12,"turns":6},{"damage":39,"enemies":"Slime Boss","floor":16,"turns":13},{"damage":17,"enemies":"Spheric Guardian","floor":18,"turns":4},{"damage":34,"enemies":"Chosen","floor":21,"turns":9},{"damage":42,"enemies":"Book of Stabbing","floor":23,"turns":7}],"seed_played":"-2086988312071990683","potions_obtained":[{"floor":3,"key":"FearPotion"},{"floor":4,"key":"AttackPotion"},{"floor":10,"key":"Poison Potion"},{"floor":11,"key":"Weak Potion"},{"floor":16,"key":"Strength Potion"},{"floor":21,"key":"EssenceOfSteel"}],"is_trial":false,"path_per_floor":["M","?","M","M","?","R","E","R","T","E","M","?","R","T","R","B",null,"M","T","$","M","$","E"],"character_chosen":"DEFECT","items_purchased":["Self Repair","Stack","Force Field","Defragment","Sweeping Beam","Bottled Tornado"],"campfire_rested":2,"item_purchase_floors":[20,20,22,22,22,22],"current_hp_per_floor":[75,75,75,68,57,57,42,42,42,8,8,6,28,28,50,11,75,58,58,58,38,38,0],"gold":41,"neow_bonus":"BOSS_RELIC","is_prod":false,"is_daily":false,"chose_seed":false,"campfire_upgraded":2,"win_rate":0,"timestamp":1551410175,"path_taken":["M","?","M","M","?","R","E","R","T","E","M","?","R","?","R","BOSS","M","?","?","M","$","E"],"build_version":"2019-01-23","purchased_purges":0,"victory":false,"max_hp_per_floor":[75,75,75,75,75,75,75,75,75,75,75,75,75,75,75,75,75,75,75,75,75,75,75],"card_choices":[{"not_picked":["Steam","Streamline"],"picked":"Undo","floor":1},{"not_picked":["Hologram","Steam"],"picked":"Defragment","floor":3},{"not_picked":["Beam Cell","Go for the Eyes"],"picked":"Stack","floor":4},{"not_picked":["Rebound","Hologram"],"picked":"Conserve Battery","floor":7},{"not_picked":["Go for the Eyes","Cold Snap"],"picked":"Double Energy","floor":10},{"not_picked":["Seek","Streamline"],"picked":"Skim","floor":11},{"not_picked":["Beam Cell","Genetic Algorithm"],"picked":"Reprogram","floor":12},{"not_picked":["Amplify","Meteor Strike"],"picked":"Reboot","floor":16},{"not_picked":["Fusion","Defragment"],"picked":"Self Repair","floor":18},{"not_picked":["Steam+1","Beam Cell"],"picked":"Ball Lightning","floor":21}],"player_experience":163567,"relics_obtained":[{"floor":7,"key":"Centennial Puzzle"},{"floor":9,"key":"Tiny Chest"},{"floor":10,"key":"Mercury Hourglass"},{"floor":12,"key":"Matryoshka"},{"floor":14,"key":"Potion Belt"},{"floor":14,"key":"Ornamental Fan"},{"floor":19,"key":"Pen Nib"},{"floor":19,"key":"Vajra"}],"event_choices":[{"damage_healed":0,"gold_gain":0,"player_choice":"Ignored","damage_taken":0,"max_hp_gain":0,"max_hp_loss":0,"event_name":"Golden Wing","floor":2,"gold_loss":0},{"damage_healed":0,"gold_gain":75,"player_choice":"Gather Gold","damage_taken":11,"max_hp_gain":0,"max_hp_loss":0,"event_name":"World of Goop","floor":5,"gold_loss":0},{"damage_healed":0,"gold_gain":0,"player_choice":"Searched \u00271\u0027 times","damage_taken":0,"max_hp_gain":0,"max_hp_loss":0,"event_name":"Dead Adventurer","floor":12,"gold_loss":0}],"is_beta":false,"boss_relics":[{"not_picked":["Cursed Key","Tiny House"],"picked":"Nuclear Battery"}],"items_purged_floors":[],"is_endless":false,"potions_floor_spawned":[3,4,10,11,16,21],"killed_by":"Book of Stabbing","ascension_level":1}