{"gold_per_floor":[116,116,116,131,131,131,165,184,265,265],"floor_reached":10,"playtime":272,"items_purged":[],"score":89,"play_id":"4cc84569-fda4-4967-9562-5ed016876cdd","local_time":"20190225175156","is_ascension_mode":true,"campfire_choices":[{"data":"Rainbow","floor":6,"key":"SMITH"}],"neow_cost":"NONE","seed_source_timestamp":2714166768774,"circlet_count":0,"master_deck":["Strike_B","Strike_B","Strike_B","Strike_B","Defend_B","Defend_B","Defend_B","Defend_B","Zap+1","Dualcast","Rainbow+1","Auto Shields","Regret","Heatsinks+1","Steam","Ball Lightning"],"relics":["Cracked Core","Happy Flower","Golden Idol","Art of War","Mummified Hand"],"potions_floor_usage":[7,10],"damage_taken":[{"damage":8,"enemies":"Small Slimes","floor":1,"turns":3},{"damage":5,"enemies":"Jaw Worm","floor":4,"turns":3},{"damage":14,"enemies":"Lagavulin","floor":7,"turns":7},{"damage":0,"enemies":"2 Louse","floor":8,"turns":3},{"damage":31,"enemies":"3 Sentries","floor":10,"turns":8}],"seed_played":"-732598272273923243","potions_obtained":[{"floor":1,"key":"LiquidBronze"},{"floor":4,"key":"Block Potion"},{"floor":7,"key":"FearPotion"}],"is_trial":false,"path_per_floor":["M","?","?","M","?","R","E","M","T","E"],"character_chosen":"DEFECT","items_purchased":[],"campfire_rested":0,"item_purchase_floors":[],"current_hp_per_floor":[60,60,60,55,41,41,27,27,27,0],"gold":265,"neow_bonus":"ONE_RANDOM_RARE_CARD","is_prod":false,"is_daily":false,"chose_seed":false,"campfire_upgraded":1,"win_rate":0,"timestamp":1551070316,"path_taken":["M","?","?","M","?","R","E","M","T","E"],"build_version":"2019-01-23","purchased_purges":0,"victory":false,"max_hp_per_floor":[75,75,69,69,69,69,69,69,69,69],"card_choices":[{"not_picked":["Coolheaded","Hologram"],"picked":"Auto Shields","floor":1},{"not_picked":["Scrape","Force Field"],"picked":"Heatsinks","floor":4},{"not_picked":["Go for the Eyes","Storm"],"picked":"Steam","floor":7},{"not_picked":["Gash","Undo"],"picked":"Ball Lightning","floor":8}],"player_experience":409973,"relics_obtained":[{"floor":7,"key":"Art of War"},{"floor":9,"key":"Mummified Hand"}],"event_choices":[{"damage_healed":0,"gold_gain":0,"player_choice":"Box","damage_taken":0,"relics_obtained":["Happy Flower"],"max_hp_gain":0,"max_hp_loss":0,"event_name":"Big Fish","floor":2,"gold_loss":0,"cards_obtained":["Regret"]},{"damage_healed":0,"gold_gain":0,"player_choice":"Lose Max HP","damage_taken":0,"relics_obtained":["Golden Idol"],"max_hp_gain":0,"max_hp_loss":6,"event_name":"Golden Idol","floor":3,"gold_loss":0},{"damage_healed":0,"gold_gain":0,"player_choice":"Entered Light","damage_taken":14,"max_hp_gain":0,"max_hp_loss":0,"event_name":"Shining Light","floor":5,"gold_loss":0,"cards_upgraded":["Heatsinks","Zap"]}],"is_beta":false,"boss_relics":[],"items_purged_floors":[],"is_endless":false,"potions_floor_spawned":[1,4,7],"killed_by":"3 Sentries","ascension_level":7}