{"gold_per_floor":[119,119,45,57,75,110,110,24,24,56,56,56,56,73,73,147,147,164,181,197,207,207,207,55,55,78,78,90,90,101,113,113,185,185,201,215,235,235,248,248,277,87,112,112,112,112,165,181,181,181,181],"floor_reached":52,"playtime":3651,"items_purged":["Doubt","Strike_R"],"score":1834,"play_id":"5c87d27c-0aa5-41d3-9ab9-5d3dec12aa76","local_time":"20190127011509","is_ascension_mode":true,"campfire_choices":[{"data":"Uppercut","floor":7.0,"key":"SMITH"},{"data":"Bash","floor":13.0,"key":"SMITH"},{"data":"Carnage","floor":15.0,"key":"SMITH"},{"data":"Offering","floor":23,"key":"SMITH"},{"data":"Armaments","floor":25,"key":"SMITH"},{"data":"True Grit","floor":27,"key":"SMITH"},{"data":"Spot Weakness","floor":32,"key":"SMITH"},{"data":"True Grit","floor":40,"key":"SMITH"},{"data":"Feel No Pain","floor":44,"key":"SMITH"},{"floor":49,"key":"REST"}],"neow_cost":"PERCENT_DAMAGE","seed_source_timestamp":0,"circlet_count":0,"master_deck":["AscendersBane","Strike_R","Defend_R","Defend_R","Defend_R","Defend_R","Bash+1","True Grit+1","Reckless Charge","Carnage+1","Feel No Pain+1","Uppercut+1","Double Tap","Anger+1","Offering+1","Whirlwind+1","Armaments+1","Bludgeon+1","True Grit+1","Shrug It Off","Clumsy","Flame Barrier","Regret","Spot Weakness+1","Dark Embrace+1","Shrug It Off+1","Headbutt+1","Parasite","Shockwave","Corruption+1","Parasite","Thinking Ahead","Writhe","Doubt"],"special_seed":0,"relics":["Burning Blood","Dead Branch","Pantograph","Molten Egg 2","Dream Catcher","StoneCalendar","Cursed Key","Bottled Lightning","Orichalcum","Frozen Egg 2","Busted Crown","Mango","Juzu Bracelet","Anchor"],"potions_floor_usage":[19,33,39,41,51,51],"damage_taken":[{"damage":0.0,"enemies":"2 Louse","floor":1.0,"turns":2.0},{"damage":4.0,"enemies":"Cultist","floor":4.0,"turns":5.0},{"damage":12.0,"enemies":"Jaw Worm","floor":5.0,"turns":4.0},{"damage":20.0,"enemies":"Gremlin Nob","floor":6.0,"turns":4.0},{"damage":17.0,"enemies":"Lagavulin","floor":10.0,"turns":5.0},{"damage":4.0,"enemies":"Blue Slaver","floor":14.0,"turns":5.0},{"damage":38.0,"enemies":"Slime Boss","floor":16.0,"turns":7.0},{"damage":8,"enemies":"Shell Parasite","floor":18,"turns":4},{"damage":6,"enemies":"2 Thieves","floor":19,"turns":1},{"damage":0,"enemies":"3 Cultists","floor":20,"turns":2},{"damage":14,"enemies":"Centurion and Healer","floor":21,"turns":5},{"damage":6,"enemies":"Snake Plant","floor":28,"turns":1},{"damage":13,"enemies":"Cultist and Chosen","floor":30,"turns":5},{"damage":13,"enemies":"Chosen and Byrds","floor":31,"turns":5},{"damage":35,"enemies":"Champ","floor":33,"turns":9},{"damage":6,"enemies":"Orb Walker","floor":35,"turns":2},{"damage":7,"enemies":"3 Shapes","floor":36,"turns":7},{"damage":6,"enemies":"3 Darklings","floor":37,"turns":2},{"damage":10,"enemies":"Writhing Mass","floor":39,"turns":4},{"damage":54,"enemies":"Reptomancer","floor":41,"turns":7},{"damage":6,"enemies":"Jaw Worm Horde","floor":48,"turns":1},{"damage":23,"enemies":"Time Eater","floor":50,"turns":5},{"damage":21,"enemies":"Awakened One","floor":51,"turns":8}],"seed_played":"2485407371658291668","potions_obtained":[{"floor":5.0,"key":"Block Potion"},{"floor":16.0,"key":"Regen Potion"},{"floor":18,"key":"BloodPotion"},{"floor":20,"key":"Dexterity Potion"},{"floor":37,"key":"Poison Potion"},{"floor":39,"key":"SpeedPotion"},{"floor":41,"key":"Weak Potion"}],"is_trial":false,"path_per_floor":["M","?","$","M","M","E","R","$","T","E","?","T","R","M","R","B",null,"M","M","M","M","T","R","$","R","T","R","M","T","M","M","R","B",null,"M","M","M","?","M","R","E","$","T","R","?","?","T","M","R","B","B",null],"character_chosen":"IRONCLAD","items_purchased":["Reckless Charge","Double Tap","True Grit","Shrug It Off","Corruption+1"],"campfire_rested":1,"item_purchase_floors":[3,8,24,24,42],"current_hp_per_floor":[56,56,56,58,52,38,38,38,38,27,20,20,20,22,22,15,60,58,65,71,63,63,63,63,63,63,63,63,63,56,49,49,60,71,71,70,70,70,66,66,32,32,32,32,32,50,50,50,76,72,74],"gold":181,"neow_bonus":"ONE_RARE_RELIC","is_prod":false,"is_daily":false,"chose_seed":false,"campfire_upgraded":9,"win_rate":0,"timestamp":1548504909,"path_taken":["M","?","$","?","M","E","R","$","T","E","?","?","R","M","R","BOSS","M","?","M","?","?","R","$","R","T","R","M","?","M","?","R","BOSS","M","M","M","?","?","R","E","$","T","R","?","?","?","M","R","BOSS","BOSS"],"build_version":"2019-01-23","purchased_purges":2,"victory":true,"max_hp_per_floor":[75,75,75,75,75,75,75,75,75,75,75,75,75,75,75,75,75,75,75,75,75,75,75,75,75,75,75,75,75,75,75,75,75,75,75,75,75,75,75,75,89,89,89,89,89,89,89,89,89,89,89],"card_choices":[{"not_picked":["Pummel","Heavy Blade"],"picked":"True Grit","floor":1.0},{"not_picked":["Clash","Warcry"],"picked":"Carnage","floor":4.0},{"not_picked":["Thunderclap","Shrug It Off"],"picked":"Feel No Pain","floor":5.0},{"not_picked":["Clash","Sentinel"],"picked":"Uppercut","floor":6.0},{"not_picked":["Pommel Strike+1","Havoc"],"picked":"Anger+1","floor":10.0},{"not_picked":["Heavy Blade+1","Burning Pact","Juggernaut"],"picked":"SKIP","floor":14.0},{"not_picked":["Berserk","Juggernaut"],"picked":"Offering","floor":16.0},{"not_picked":["Wild Strike+1","Heavy Blade+1"],"picked":"Whirlwind+1","floor":18},{"not_picked":["Blood for Blood+1","Wild Strike+1"],"picked":"Armaments","floor":19},{"not_picked":["Twin Strike+1","Dropkick+1","Sword Boomerang+1"],"picked":"SKIP","floor":20},{"not_picked":["Seeing Red","Reckless Charge+1"],"picked":"Bludgeon+1","floor":21},{"not_picked":["Wild Strike+1","Warcry"],"picked":"Flame Barrier","floor":28},{"not_picked":["Combust+1","Sword Boomerang+1"],"picked":"Spot Weakness","floor":30},{"not_picked":["Rage","Spot Weakness","Bloodletting"],"picked":"SKIP","floor":31},{"not_picked":["Impervious","Feed+1"],"picked":"Dark Embrace+1","floor":33},{"not_picked":["Thunderclap+1"],"picked":"SKIP","floor":35},{"not_picked":["Fire Breathing+1"],"picked":"SKIP","floor":36},{"not_picked":[],"picked":"Shrug It Off+1","floor":37},{"not_picked":["Pommel Strike+1"],"picked":"SKIP","floor":39},{"not_picked":[],"picked":"Shockwave","floor":41},{"not_picked":[],"picked":"Thinking Ahead","floor":45},{"not_picked":["Reckless Charge+1"],"picked":"SKIP","floor":48}],"player_experience":87725,"relics_obtained":[{"floor":6.0,"key":"Pantograph"},{"floor":9.0,"key":"Molten Egg 2"},{"floor":10.0,"key":"Dream Catcher"},{"floor":12.0,"key":"StoneCalendar"},{"floor":22,"key":"Bottled Lightning"},{"floor":26,"key":"Orichalcum"},{"floor":29,"key":"Frozen Egg 2"},{"floor":41,"key":"Mango"},{"floor":43,"key":"Juzu Bracelet"},{"floor":47,"key":"Anchor"}],"event_choices":[{"cards_removed":["Strike_R"],"damage_healed":0.0,"max_hp_gain":0.0,"max_hp_loss":0.0,"gold_gain":0.0,"event_name":"Purifier","player_choice":"Purged","floor":2.0,"gold_loss":0.0,"damage_taken":0.0},{"cards_removed":["Strike_R"],"damage_healed":0.0,"max_hp_gain":0.0,"max_hp_loss":0.0,"gold_gain":0.0,"event_name":"Golden Wing","player_choice":"Card Removal","floor":11.0,"gold_loss":0.0,"damage_taken":7.0},{"damage_healed":0,"gold_gain":0,"cards_transformed":["Strike_R"],"player_choice":"Transformed","damage_taken":0,"max_hp_gain":0,"max_hp_loss":0,"event_name":"Transmorgrifier","floor":38,"gold_loss":0,"cards_obtained":["Headbutt"]},{"damage_healed":0,"gold_gain":0,"player_choice":"Memory 1","damage_taken":0,"max_hp_gain":0,"max_hp_loss":0,"event_name":"SensoryStone","floor":45,"gold_loss":0},{"damage_healed":18,"gold_gain":0,"player_choice":"Writhe","damage_taken":0,"max_hp_gain":0,"max_hp_loss":0,"event_name":"Winding Halls","floor":46,"gold_loss":0,"cards_obtained":["Writhe"]}],"is_beta":false,"boss_relics":[{"not_picked":["Calling Bell","Runic Dome"],"picked":"Cursed Key"},{"not_picked":["White Beast Statue","Eternal Feather"],"picked":"Busted Crown"}],"items_purged_floors":[24,42],"is_endless":false,"potions_floor_spawned":[5,16,18,20,37,39,41],"ascension_level":20}