{"gold_per_floor":[118,118,138,154,169,169,194,213,213,213,224,224,251,267,267,338,338,355,355,372,391,204,235,253,253,253,143,143],"floor_reached":28,"playtime":1939,"items_purged":[],"score":504,"play_id":"c42ac495-0c85-48dd-a047-a481ff130862","local_time":"20190224194810","is_ascension_mode":true,"campfire_choices":[{"data":"Combust","floor":6,"key":"SMITH"},{"data":"Bash","floor":10,"key":"SMITH"},{"data":"Pommel Strike","floor":12,"key":"SMITH"},{"floor":15,"key":"REST"},{"data":"Armaments","floor":25,"key":"SMITH"}],"neow_cost":"TEN_PERCENT_HP_LOSS","seed_source_timestamp":9278439870940,"circlet_count":0,"master_deck":["AscendersBane","Bash+1","Shrug It Off+1","Combust+1","Disarm","Anger","True Grit","Pommel Strike+1","Rupture","Twin Strike","Reaper","Evolve","Sentinel","Offering","Reckless Charge","Ghostly Armor","Combust","Fiend Fire","Shrug It Off","Seeing Red+1","Armaments+1","Fiend Fire","Bloodletting","Reaper"],"relics":["Burning Blood","Mango","Gremlin Horn","Letter Opener","Pen Nib","Pandora\u0027s Box","Pantograph","Bottled Tornado"],"potions_floor_usage":[7,13,16,21,23,24,28],"damage_taken":[{"damage":1,"enemies":"2 Louse","floor":1,"turns":3},{"damage":7,"enemies":"Cultist","floor":3,"turns":4},{"damage":10,"enemies":"Jaw Worm","floor":4,"turns":5},{"damage":26,"enemies":"Red Slaver","floor":5,"turns":7},{"damage":35,"enemies":"Lagavulin","floor":7,"turns":9},{"damage":7,"enemies":"Looter","floor":8,"turns":3},{"damage":5,"enemies":"Lots of Slimes","floor":11,"turns":3},{"damage":16,"enemies":"3 Sentries","floor":13,"turns":5},{"damage":15,"enemies":"2 Fungi Beasts","floor":14,"turns":4},{"damage":13,"enemies":"Slime Boss","floor":16,"turns":8},{"damage":3,"enemies":"3 Byrds","floor":18,"turns":4},{"damage":21,"enemies":"Shell Parasite","floor":20,"turns":6},{"damage":23,"enemies":"Centurion and Healer","floor":21,"turns":7},{"damage":32,"enemies":"Slavers","floor":23,"turns":3},{"damage":44,"enemies":"3 Cultists","floor":24,"turns":5},{"damage":55,"enemies":"Snecko","floor":28,"turns":5}],"seed_played":"-1339896479736605651","potions_obtained":[{"floor":4,"key":"FearPotion"},{"floor":5,"key":"GamblersBrew"},{"floor":7,"key":"Swift Potion"},{"floor":8,"key":"Ancient Potion"},{"floor":13,"key":"Swift Potion"},{"floor":14,"key":"Block Potion"},{"floor":21,"key":"Regen Potion"},{"floor":24,"key":"AttackPotion"}],"is_trial":false,"path_per_floor":["M","?","M","M","M","R","E","M","T","R","M","R","E","M","R","B",null,"M","?","M","M","$","E","M","R","T","?","M"],"character_chosen":"IRONCLAD","items_purchased":["Armaments","PowerPotion","Fiend Fire"],"campfire_rested":1,"item_purchase_floors":[22,22,22],"current_hp_per_floor":[82,82,81,77,57,57,28,27,27,27,28,28,18,9,33,26,68,71,71,56,56,56,38,26,26,26,26,0],"gold":143,"neow_bonus":"ONE_RARE_RELIC","is_prod":false,"is_daily":false,"chose_seed":false,"campfire_upgraded":4,"win_rate":0,"timestamp":1550990890,"path_taken":["M","?","M","M","M","R","E","M","T","R","M","R","E","?","R","BOSS","M","?","M","?","$","E","M","R","T","?","?"],"build_version":"2019-01-23","purchased_purges":0,"victory":false,"max_hp_per_floor":[82,82,82,82,82,82,82,82,82,82,82,82,82,82,82,82,82,82,82,82,82,82,82,82,82,82,82,82],"card_choices":[{"not_picked":["Cleave","Iron Wave"],"picked":"Shrug It Off","floor":1},{"not_picked":["Shrug It Off","Pommel Strike"],"picked":"Combust","floor":3},{"not_picked":["Shockwave","Entrench"],"picked":"Disarm","floor":4},{"not_picked":["Pummel","Sever Soul","Thunderclap"],"picked":"SKIP","floor":5},{"not_picked":["Sword Boomerang","Clothesline"],"picked":"Anger","floor":7},{"not_picked":["Rage","Twin Strike"],"picked":"True Grit","floor":8},{"not_picked":["Twin Strike","Infernal Blade"],"picked":"Pommel Strike","floor":11},{"not_picked":["Pommel Strike","Second Wind"],"picked":"Rupture","floor":13},{"not_picked":["Warcry","Rage"],"picked":"Twin Strike","floor":14},{"not_picked":["Barricade","Juggernaut"],"picked":"Reaper","floor":16},{"not_picked":["Havoc+1","Searing Blow"],"picked":"Shrug It Off","floor":18},{"not_picked":["Havoc","Hemokinesis","Perfected Strike"],"picked":"SKIP","floor":20},{"not_picked":["Infernal Blade","Clash"],"picked":"Seeing Red+1","floor":21},{"not_picked":["Headbutt","Whirlwind"],"picked":"Bloodletting","floor":23},{"not_picked":["Wild Strike","Havoc"],"picked":"Reaper","floor":24}],"player_experience":436941,"relics_obtained":[{"floor":7,"key":"Gremlin Horn"},{"floor":9,"key":"Letter Opener"},{"floor":13,"key":"Pen Nib"},{"floor":23,"key":"Pantograph"},{"floor":26,"key":"Bottled Tornado"}],"event_choices":[{"damage_healed":0,"gold_gain":0,"player_choice":"0 cards matched","damage_taken":0,"max_hp_gain":0,"max_hp_loss":0,"event_name":"Match and Keep!","floor":2,"gold_loss":0,"cards_obtained":[]},{"cards_removed":["Dark Embrace"],"damage_healed":0,"gold_gain":0,"player_choice":"Purged","damage_taken":0,"max_hp_gain":0,"max_hp_loss":0,"event_name":"Purifier","floor":19,"gold_loss":0},{"cards_removed":["Dark Embrace"],"damage_healed":0,"gold_gain":0,"player_choice":"Upgrade and Remove","damage_taken":0,"max_hp_gain":0,"max_hp_loss":0,"event_name":"Designer","floor":27,"gold_loss":110,"cards_upgraded":["Shrug It Off"]}],"is_beta":false,"boss_relics":[{"not_picked":["Lizard Tail","Busted Crown"],"picked":"Pandora\u0027s Box"}],"items_purged_floors":[],"is_endless":false,"potions_floor_spawned":[4,5,7,8,13,14,21,24],"killed_by":"Snecko","ascension_level":20}