{"gold_per_floor":[14,27,47,122,122,147,147,161,161,174,349,349,349,349],"floor_reached":14,"playtime":404,"items_purged":[],"score":95,"play_id":"fb55c18e-f8e8-4471-b5e9-a74e8e38ec93","local_time":"20190228075742","is_ascension_mode":true,"campfire_choices":[{"floor":7,"key":"DIG"},{"floor":12,"key":"DIG"}],"neow_cost":"NO_GOLD","seed_source_timestamp":1217780862765831,"circlet_count":0,"master_deck":["Strike_B+1","Strike_B","Strike_B","Strike_B","Defend_B","Defend_B","Defend_B","Defend_B+1","Zap","Dualcast","Ball Lightning","Sweeping Beam","Hello World","Skim","Conserve Battery+1","Genetic Algorithm+1"],"relics":["Cracked Core","Shovel","Oddly Smooth Stone","Toxic Egg 2","Matryoshka","Juzu Bracelet"],"potions_floor_usage":[],"damage_taken":[{"damage":0,"enemies":"Small Slimes","floor":1,"turns":3},{"damage":11,"enemies":"Jaw Worm","floor":2,"turns":2},{"damage":1,"enemies":"2 Louse","floor":3,"turns":2},{"damage":22,"enemies":"3 Sentries","floor":6,"turns":6},{"damage":0,"enemies":"2 Fungi Beasts","floor":8,"turns":3},{"damage":0,"enemies":"3 Louse","floor":10,"turns":2},{"damage":8,"enemies":"Gremlin Gang","floor":14,"turns":2}],"seed_played":"-5365880418962450450","potions_obtained":[{"floor":2,"key":"Dexterity Potion"},{"floor":3,"key":"LiquidBronze"},{"floor":6,"key":"Weak Potion"}],"is_trial":false,"path_per_floor":["M","M","M","?","?","E","R","M","T","M","?","R","?","M"],"character_chosen":"DEFECT","items_purchased":[],"campfire_rested":0,"item_purchase_floors":[],"current_hp_per_floor":[75,64,63,52,37,15,15,15,15,15,15,15,8,0],"gold":349,"neow_bonus":"ONE_RARE_RELIC","is_prod":false,"is_daily":false,"chose_seed":false,"campfire_upgraded":0,"win_rate":0,"timestamp":1551308262,"path_taken":["M","M","M","?","?","E","R","M","T","M","?","R","?","M"],"build_version":"2019-01-23","purchased_purges":0,"victory":false,"max_hp_per_floor":[75,75,75,75,75,75,75,75,75,75,75,75,75,75],"card_choices":[{"not_picked":["Stack","Go for the Eyes"],"picked":"Ball Lightning","floor":1},{"not_picked":["Skim","White Noise"],"picked":"Sweeping Beam","floor":2},{"not_picked":["Barrage","Cold Snap"],"picked":"Hello World","floor":3},{"not_picked":["Gash","Turbo"],"picked":"Skim","floor":6},{"not_picked":["Tempest+1","Static Discharge"],"picked":"Conserve Battery+1","floor":8},{"not_picked":["Skim+1","Streamline"],"picked":"Genetic Algorithm+1","floor":10}],"player_experience":158806,"relics_obtained":[{"floor":6,"key":"Oddly Smooth Stone"},{"floor":7,"key":"Toxic Egg 2"},{"floor":9,"key":"Matryoshka"},{"floor":12,"key":"Juzu Bracelet"}],"event_choices":[{"damage_healed":0,"gold_gain":75,"player_choice":"Gather Gold","damage_taken":11,"max_hp_gain":0,"max_hp_loss":0,"event_name":"World of Goop","floor":4,"gold_loss":0},{"damage_healed":0,"gold_gain":0,"player_choice":"Entered Light","damage_taken":15,"max_hp_gain":0,"max_hp_loss":0,"event_name":"Shining Light","floor":5,"gold_loss":0,"cards_upgraded":["Strike_B","Defend_B"]},{"damage_healed":0,"gold_gain":175,"player_choice":"AGREE","damage_taken":0,"max_hp_gain":0,"max_hp_loss":0,"event_name":"Liars Game","floor":11,"gold_loss":0,"cards_obtained":["Doubt"]},{"cards_removed":["Doubt"],"damage_healed":0,"gold_gain":0,"player_choice":"Card Removal","damage_taken":7,"max_hp_gain":0,"max_hp_loss":0,"event_name":"Golden Wing","floor":13,"gold_loss":0}],"is_beta":false,"boss_relics":[],"items_purged_floors":[],"is_endless":false,"potions_floor_spawned":[2,3,6],"killed_by":"Gremlin Gang","ascension_level":1}