{"gold_per_floor":[112,287,306,3,22,52,52,80,80,92,92,92,107,132,132,227,227,247,267,280,53,73,73,73,73,121,156,156,16,49,67,67,67],"floor_reached":33,"playtime":884,"items_purged":["Doubt"],"score":397,"play_id":"b696eecd-83c6-4879-bbfe-f526ad878bb6","local_time":"20181125001918","is_ascension_mode":true,"campfire_choices":[{"floor":7,"key":"REST"},{"floor":12,"key":"REST"},{"floor":15,"key":"REST"},{"floor":23,"key":"REST"},{"data":"Zap","floor":25,"key":"SMITH"},{"floor":28,"key":"REST"},{"data":"Fission","floor":32,"key":"SMITH"}],"neow_cost":"TEN_PERCENT_HP_LOSS","seed_source_timestamp":3055910590365,"circlet_count":0,"master_deck":["Strike_B","Strike_B","Strike_B","Strike_B","Defend_B","Defend_B","Defend_B","Zap+1","Dualcast","Compile Driver","FTL","Rip and Tear","Lockon","Sweeping Beam","Electrodynamics","Steam+1","Fission+1","Reboot","Ball Lightning+1"],"relics":["Cracked Core","Du-Vu Doll","DataDisk","Orichalcum","Ancient Tea Set","Pantograph","Bag of Preparation","Regal Pillow","Velvet Choker","PreservedInsect","Art of War","Cables"],"potions_floor_usage":[8,8,20,20,33],"damage_taken":[{"damage":0,"enemies":"Small Slimes","floor":1,"turns":2},{"damage":7,"enemies":"Jaw Worm","floor":3,"turns":2},{"damage":0,"enemies":"Cultist","floor":5,"turns":2},{"damage":47,"enemies":"3 Sentries","floor":6,"turns":10},{"damage":20,"enemies":"Gremlin Nob","floor":8,"turns":3},{"damage":0,"enemies":"Exordium Thugs","floor":10,"turns":3},{"damage":0,"enemies":"Red Slaver","floor":13,"turns":1},{"damage":28,"enemies":"Lagavulin","floor":14,"turns":4},{"damage":49,"enemies":"Hexaghost","floor":16,"turns":8},{"damage":17,"enemies":"2 Thieves","floor":18,"turns":3},{"damage":6,"enemies":"3 Byrds","floor":19,"turns":2},{"damage":24,"enemies":"Shelled Parasite and Fungi","floor":20,"turns":4},{"damage":6,"enemies":"3 Cultists","floor":22,"turns":3},{"damage":14,"enemies":"Slavers","floor":27,"turns":2},{"damage":12,"enemies":"Gremlin Leader","floor":30,"turns":3},{"damage":17,"enemies":"Centurion and Healer","floor":31,"turns":2},{"damage":63,"enemies":"Champ","floor":33,"turns":6}],"seed_played":"6975978318275494214","potions_obtained":[{"floor":5,"key":"LiquidBronze"},{"floor":6,"key":"FearPotion"},{"floor":10,"key":"Fire Potion"},{"floor":16,"key":"Weak Potion"},{"floor":19,"key":"LiquidBronze"},{"floor":30,"key":"Fire Potion"}],"is_trial":false,"path_per_floor":["M","?","M","$","M","E","R","E","T","M","?","R","M","E","R","B",null,"M","M","M","$","M","R","$","R","T","E","R","$","E","M","R","B"],"character_chosen":"DEFECT","items_purchased":["DataDisk","Orichalcum","PreservedInsect","Fission"],"campfire_rested":5,"item_purchase_floors":[4,4,21,29],"current_hp_per_floor":[68,68,61,61,61,14,34,14,14,14,14,34,34,6,41,17,55,38,32,8,8,2,37,37,37,37,23,58,58,46,29,29,0],"gold":67,"neow_bonus":"ONE_RARE_RELIC","is_prod":false,"is_daily":false,"chose_seed":false,"campfire_upgraded":2,"win_rate":0,"timestamp":1543058358,"path_taken":["M","?","M","$","M","E","R","E","T","M","?","R","M","E","R","BOSS","M","M","M","$","M","R","?","R","T","E","R","?","E","?","R","BOSS"],"build_version":"2018-11-15","purchased_purges":1,"victory":false,"max_hp_per_floor":[68,68,68,68,68,68,68,68,68,68,68,68,68,68,68,68,68,68,68,68,68,68,68,68,68,68,68,68,68,68,68,68,68],"card_choices":[{"not_picked":["Hologram","Redo"],"picked":"Compile Driver","floor":1},{"not_picked":["Redo","Hello World","Consume"],"picked":"SKIP","floor":3},{"not_picked":["Auto Shields","Hologram","Streamline"],"picked":"SKIP","floor":5},{"not_picked":["Stack","Steam"],"picked":"FTL","floor":6},{"not_picked":["Loop","Sweeping Beam"],"picked":"Rip and Tear","floor":8},{"not_picked":["Hello World","Turbo","Stack"],"picked":"SKIP","floor":10},{"not_picked":["Self Repair","Creative AI","Hello World"],"picked":"SKIP","floor":13},{"not_picked":["Streamline","Darkness"],"picked":"Sweeping Beam","floor":14},{"not_picked":["Machine Learning","Hyperbeam"],"picked":"Electrodynamics","floor":16},{"not_picked":["Sweeping Beam","Cold Snap+1","Conserve Battery"],"picked":"SKIP","floor":18},{"not_picked":["Stack","Beam Cell+1","Go for the Eyes"],"picked":"SKIP","floor":19},{"not_picked":["Core Surge","Stack"],"picked":"Steam+1","floor":20},{"not_picked":["Double Energy","Reinforced Body","Beam Cell"],"picked":"SKIP","floor":22},{"not_picked":["Conserve Battery","Scrape","Turbo+1"],"picked":"SKIP","floor":27},{"not_picked":["Scrape+1","Go for the Eyes+1"],"picked":"Reboot","floor":30},{"not_picked":["Compile Driver","Sweeping Beam"],"picked":"Ball Lightning+1","floor":31}],"player_experience":381282,"relics_obtained":[{"floor":6,"key":"Ancient Tea Set"},{"floor":8,"key":"Pantograph"},{"floor":9,"key":"Bag of Preparation"},{"floor":14,"key":"Regal Pillow"},{"floor":27,"key":"Art of War"},{"floor":30,"key":"Cables"}],"event_choices":[{"damage_healed":0,"gold_gain":175,"player_choice":"AGREE","damage_taken":0,"max_hp_gain":0,"max_hp_loss":0,"event_name":"Liars Game","floor":2,"gold_loss":0,"cards_obtained":["Doubt"]},{"damage_healed":0,"gold_gain":0,"cards_transformed":["Defend_B"],"player_choice":"Transformed","damage_taken":0,"max_hp_gain":0,"max_hp_loss":0,"event_name":"Transmorgrifier","floor":11,"gold_loss":0,"cards_obtained":["Lockon"]}],"is_beta":false,"boss_relics":[{"not_picked":["Fusion Hammer","FrozenCore"],"picked":"Velvet Choker"}],"items_purged_floors":[21],"is_endless":false,"potions_floor_spawned":[5,6,10,16,19,30],"killed_by":"Champ","ascension_level":6}