{"gold_per_floor":[115,128,128,142,152,152,5,25,75,75,93,93,73,107,107,207,207,224,74,74,90,106,106,116,63,63,63],"floor_reached":27,"playtime":2813,"items_purged":["Lockon"],"score":215,"play_id":"5ca9ea48-3cf1-49c7-a5d7-344be5fe6eff","local_time":"20190113224123","is_ascension_mode":false,"campfire_choices":[{"data":"Capacitor","floor":6,"key":"SMITH"},{"data":"Zap","floor":10,"key":"SMITH"},{"floor":15,"key":"REST"},{"data":"Loop","floor":23,"key":"SMITH"}],"neow_cost":"PERCENT_DAMAGE","seed_source_timestamp":241208948024729,"circlet_count":0,"master_deck":["Zap+1","Dualcast","Capacitor+1","Leap+1","Leap","Go for the Eyes","Loop+1","All For One","BootSequence","Redo","Cold Snap","Buffer","Stack","Heatsinks","Storm","Conserve Battery","Multi-Cast","Buffer","Consume+1","Chill","Ball Lightning","Cold Snap","Capacitor","Coolheaded"],"relics":["Cracked Core","Nunchaku","War Paint","Letter Opener","Pandora\u0027s Box","Potion Belt"],"potions_floor_usage":[11,16,16,18,22],"damage_taken":[{"damage":3,"enemies":"2 Louse","floor":1,"turns":3},{"damage":7,"enemies":"Jaw Worm","floor":2,"turns":5},{"damage":1,"enemies":"Cultist","floor":4,"turns":4},{"damage":0,"enemies":"Blue Slaver","floor":5,"turns":3},{"damage":21,"enemies":"Gremlin Gang","floor":8,"turns":6},{"damage":0,"enemies":"Exordium Wildlife","floor":11,"turns":3},{"damage":11,"enemies":"Gremlin Nob","floor":14,"turns":4},{"damage":21,"enemies":"The Guardian","floor":16,"turns":10},{"damage":25,"enemies":"3 Byrds","floor":18,"turns":3},{"damage":6,"enemies":"Spheric Guardian","floor":21,"turns":4},{"damage":0,"enemies":"Cultist and Chosen","floor":22,"turns":5},{"damage":11,"enemies":"Snake Plant","floor":24,"turns":4},{"damage":34,"enemies":"3 Cultists","floor":27,"turns":4}],"seed_played":"6387432431613994386","potions_obtained":[{"floor":4,"key":"AttackPotion"},{"floor":8,"key":"Regen Potion"},{"floor":11,"key":"LiquidBronze"},{"floor":13,"key":"Poison Potion"},{"floor":16,"key":"Poison Potion"},{"floor":18,"key":"FearPotion"},{"floor":21,"key":"Explosive Potion"}],"is_trial":false,"path_per_floor":["M","M","?","M","M","R","$","M","T","R","M","?","?","E","R","B",null,"M","$","?","M","M","R","M","$","T","M"],"character_chosen":"DEFECT","items_purchased":["Loop","All For One","Chill","Coolheaded"],"campfire_rested":1,"item_purchase_floors":[7,7,19,25],"current_hp_per_floor":[51,44,29,28,28,28,28,7,7,7,16,16,16,5,27,6,75,50,50,50,44,44,44,33,33,33,0],"gold":63,"neow_bonus":"ONE_RARE_RELIC","is_prod":false,"is_daily":false,"chose_seed":false,"campfire_upgraded":3,"win_rate":0.0,"timestamp":1547437283,"path_taken":["M","M","?","M","M","R","$","M","T","R","M","?","?","E","R","BOSS","M","$","?","M","M","R","M","$","T","M"],"build_version":"2019-01-10","purchased_purges":1,"victory":false,"max_hp_per_floor":[75,75,75,75,75,75,75,75,75,75,75,75,75,75,75,75,75,75,75,75,75,75,75,75,75,75,75],"card_choices":[{"not_picked":["Hologram","Aggregate"],"picked":"Capacitor","floor":1},{"not_picked":["Streamline","Steam"],"picked":"Leap","floor":2},{"not_picked":["Sweeping Beam","Stack"],"picked":"Leap","floor":4},{"not_picked":["Darkness","Gash"],"picked":"Go for the Eyes","floor":5},{"not_picked":["Sweeping Beam","Rebound"],"picked":"BootSequence","floor":8},{"not_picked":["Doom and Gloom","Reprogram"],"picked":"Redo","floor":11},{"not_picked":["Steam Power","Genetic Algorithm"],"picked":"Cold Snap","floor":14},{"not_picked":["Rainbow","Multi-Cast"],"picked":"Buffer","floor":16},{"not_picked":["Aggregate","Ball Lightning"],"picked":"Consume+1","floor":18},{"not_picked":["Redo","Streamline+1"],"picked":"Ball Lightning","floor":21},{"not_picked":["Coolheaded","Stack"],"picked":"Cold Snap","floor":22},{"not_picked":["Reprogram","Beam Cell+1"],"picked":"Capacitor","floor":24}],"player_experience":72612,"relics_obtained":[{"floor":9,"key":"War Paint"},{"floor":14,"key":"Letter Opener"},{"floor":26,"key":"Potion Belt"}],"event_choices":[{"damage_healed":0,"gold_gain":0,"player_choice":"Entered Light","damage_taken":15,"max_hp_gain":0,"max_hp_loss":0,"event_name":"Shining Light","floor":3,"gold_loss":0,"cards_upgraded":["Leap","Defend_B"]},{"cards_removed":["Strike_B"],"damage_healed":0,"gold_gain":0,"player_choice":"Forget","damage_taken":0,"max_hp_gain":0,"max_hp_loss":0,"event_name":"Living Wall","floor":12,"gold_loss":0},{"damage_healed":0,"gold_gain":0,"player_choice":"Bought 1 Potion","damage_taken":0,"max_hp_gain":0,"max_hp_loss":0,"event_name":"The Woman in Blue","floor":13,"gold_loss":0},{"damage_healed":0,"gold_gain":0,"player_choice":"Ignored","damage_taken":0,"max_hp_gain":0,"max_hp_loss":0,"event_name":"Beggar","floor":20,"gold_loss":0}],"is_beta":false,"boss_relics":[{"not_picked":["Runic Dome","Coffee Dripper"],"picked":"Pandora\u0027s Box"}],"items_purged_floors":[19],"is_endless":false,"potions_floor_spawned":[4,8,11,16,18,21],"killed_by":"3 Cultists","ascension_level":0}