{"gold_per_floor":[111,111,111,111,6,6,25,59,111,111,144,159,159,172,172,267,267,278,278,164,182,41,41],"floor_reached":23,"playtime":1256,"items_purged":["Strike_B"],"score":246,"play_id":"6bd9306d-8a40-4575-b0f4-8d271d160055","local_time":"20190222223135","is_ascension_mode":true,"campfire_choices":[{"data":"Loop","floor":6,"key":"SMITH"},{"data":"Darkness","floor":10,"key":"SMITH"},{"floor":13,"key":"REST"},{"data":"White Noise","floor":15,"key":"SMITH"}],"neow_cost":"NONE","seed_source_timestamp":126245869308685,"circlet_count":0,"master_deck":["Strike_B","Defend_B","Defend_B","Defend_B","Defend_B+1","Zap+1","Dualcast","Coolheaded","Storm","Darkness+1","Loop+1","Compile Driver","Ball Lightning","Creative AI","Undo","White Noise+1","Electrodynamics+1","Tempest","All For One"],"relics":["Cracked Core","Regal Pillow","Happy Flower","Ancient Tea Set","Orichalcum","Snecko Eye"],"potions_floor_usage":[11],"damage_taken":[{"damage":2,"enemies":"Jaw Worm","floor":1,"turns":4},{"damage":0,"enemies":"Small Slimes","floor":7,"turns":3},{"damage":10,"enemies":"Lagavulin","floor":8,"turns":4},{"damage":28,"enemies":"3 Sentries","floor":11,"turns":6},{"damage":6,"enemies":"2 Louse","floor":12,"turns":2},{"damage":4,"enemies":"Lots of Slimes","floor":14,"turns":4},{"damage":30,"enemies":"Slime Boss","floor":16,"turns":8},{"damage":5,"enemies":"Spheric Guardian","floor":18,"turns":3},{"damage":9,"enemies":"Shell Parasite","floor":21,"turns":4},{"damage":54,"enemies":"Book of Stabbing","floor":23,"turns":5}],"seed_played":"1528386839012390555","potions_obtained":[{"floor":8,"key":"Regen Potion"},{"floor":16,"key":"Strength Potion"}],"is_trial":false,"path_per_floor":["M","?","?","?","$","R","M","E","T","R","E","M","R","M","R","B",null,"M","?","$","M","$","E"],"character_chosen":"DEFECT","items_purchased":["Darkness","Loop","Tempest","All For One"],"campfire_rested":1,"item_purchase_floors":[5,5,20,22],"current_hp_per_floor":[73,66,51,51,51,51,51,41,41,41,27,21,58,54,54,24,62,57,57,57,48,48,0],"gold":41,"neow_bonus":"RANDOM_COMMON_RELIC","is_prod":false,"is_daily":false,"chose_seed":false,"campfire_upgraded":3,"win_rate":0,"timestamp":1550903495,"path_taken":["M","?","?","?","$","R","M","E","T","R","E","?","R","?","R","BOSS","M","?","$","M","$","E"],"build_version":"2019-01-23","purchased_purges":1,"victory":false,"max_hp_per_floor":[75,75,75,75,75,75,75,75,75,75,75,75,75,75,75,75,75,75,75,75,75,75,75],"card_choices":[{"not_picked":["Conserve Battery","Blizzard"],"picked":"Coolheaded","floor":1},{"not_picked":["Gash","Coolheaded"],"picked":"Compile Driver","floor":7},{"not_picked":["Tempest","Hello World"],"picked":"Ball Lightning","floor":8},{"not_picked":["Redo","Rebound"],"picked":"Creative AI","floor":11},{"not_picked":["Scrape","Recycle"],"picked":"Undo","floor":12},{"not_picked":["Chaos","Beam Cell"],"picked":"White Noise","floor":14},{"not_picked":["Machine Learning","Buffer"],"picked":"Electrodynamics","floor":16},{"not_picked":["Redo","Blizzard","Storm"],"picked":"SKIP","floor":18},{"not_picked":["Leap","Auto Shields","Beam Cell"],"picked":"SKIP","floor":21}],"player_experience":406957,"relics_obtained":[{"floor":8,"key":"Happy Flower"},{"floor":9,"key":"Ancient Tea Set"},{"floor":11,"key":"Orichalcum"}],"event_choices":[{"cards_removed":["Strike_B"],"damage_healed":0,"gold_gain":0,"player_choice":"Card Removal","damage_taken":7,"max_hp_gain":0,"max_hp_loss":0,"event_name":"Golden Wing","floor":2,"gold_loss":0},{"damage_healed":0,"gold_gain":0,"player_choice":"Entered Light","damage_taken":15,"max_hp_gain":0,"max_hp_loss":0,"event_name":"Shining Light","floor":3,"gold_loss":0,"cards_upgraded":["Zap","Defend_B"]},{"damage_healed":0,"gold_gain":0,"cards_transformed":["Strike_B"],"player_choice":"Transformed","damage_taken":0,"max_hp_gain":0,"max_hp_loss":0,"event_name":"Transmorgrifier","floor":4,"gold_loss":0,"cards_obtained":["Storm"]},{"damage_healed":0,"gold_gain":0,"player_choice":"Upgraded","damage_taken":0,"max_hp_gain":0,"max_hp_loss":0,"event_name":"Upgrade Shrine","floor":19,"gold_loss":0,"cards_upgraded":["Electrodynamics"]}],"is_beta":false,"boss_relics":[{"not_picked":["Philosopher\u0027s Stone","Cursed Key"],"picked":"Snecko Eye"}],"items_purged_floors":[20],"is_endless":false,"potions_floor_spawned":[8,16],"killed_by":"Book of Stabbing","ascension_level":5}