{"gold_per_floor":[109,129,109,126,144,171,171,200,249,249,249],"floor_reached":11,"playtime":404,"items_purged":[],"score":125,"play_id":"9263cf14-9f53-438a-8274-f1aab9930695","local_time":"20181126045400","is_ascension_mode":true,"campfire_choices":[{"floor":7,"key":"REST"},{"floor":10,"key":"REST"}],"neow_cost":"NONE","seed_source_timestamp":45392288626042,"circlet_count":0,"master_deck":["AscendersBane","Defend_G","Defend_G","Defend_G","Defend_G","Defend_G","Strike_G","Strike_G","Strike_G","Strike_G","Strike_G","Survivor","Neutralize","Eviscerate","Dodge and Roll","Prepared","Dagger Throw"],"relics":["Busted Crown","Smiling Mask","Ornamental Fan","Happy Flower"],"potions_floor_usage":[5,6,6],"damage_taken":[{"damage":4,"enemies":"2 Louse","floor":1,"turns":3},{"damage":1,"enemies":"Cultist","floor":2,"turns":4},{"damage":4,"enemies":"Jaw Worm","floor":4,"turns":5},{"damage":3,"enemies":"2 Fungi Beasts","floor":5,"turns":5},{"damage":30,"enemies":"Lagavulin","floor":6,"turns":7},{"damage":23,"enemies":"3 Sentries","floor":8,"turns":10},{"damage":42,"enemies":"Lagavulin","floor":11,"turns":8}],"seed_played":"3342423493774632528","potions_obtained":[{"floor":1,"key":"Block Potion"},{"floor":3,"key":"AttackPotion"},{"floor":4,"key":"AttackPotion"}],"is_trial":false,"path_per_floor":["M","M","?","M","M","E","R","E","T","R","E"],"character_chosen":"THE_SILENT","items_purchased":[],"campfire_rested":2,"item_purchase_floors":[],"current_hp_per_floor":[59,58,58,54,51,21,42,19,19,40,0],"gold":249,"neow_bonus":"BOSS_RELIC","is_prod":false,"is_daily":false,"chose_seed":false,"campfire_upgraded":0,"win_rate":0,"timestamp":1543161240,"path_taken":["M","M","?","M","?","E","R","E","T","R","E"],"build_version":"2018-11-15","purchased_purges":0,"victory":false,"max_hp_per_floor":[70,70,70,70,70,70,70,70,70,70,70],"card_choices":[{"not_picked":[],"picked":"Eviscerate","floor":1},{"not_picked":["Deadly Poison"],"picked":"SKIP","floor":2},{"not_picked":[],"picked":"Dodge and Roll","floor":4},{"not_picked":[],"picked":"Prepared","floor":5},{"not_picked":[],"picked":"Dagger Throw","floor":6},{"not_picked":["Infinite Blades"],"picked":"SKIP","floor":8}],"player_experience":397114,"relics_obtained":[{"floor":6,"key":"Smiling Mask"},{"floor":8,"key":"Ornamental Fan"},{"floor":9,"key":"Happy Flower"}],"event_choices":[{"damage_healed":0,"gold_gain":0,"player_choice":"Bought 1 Potion","damage_taken":0,"max_hp_gain":0,"max_hp_loss":0,"event_name":"The Woman in Blue","floor":3,"gold_loss":0}],"is_beta":false,"boss_relics":[],"items_purged_floors":[],"is_endless":false,"potions_floor_spawned":[1,4],"killed_by":"Lagavulin","ascension_level":10}