{"gold_per_floor":[109,125,125,143,218,183,216,229,229,246,39,39,39,59,59,154,154,167,184,196,8,8,8,27,27,52,52,63,80,96,196,196,196],"floor_reached":33,"playtime":2402,"items_purged":["Defend_B"],"score":251,"play_id":"db7a61d4-1ffb-440d-af1b-f3a62d03cbae","local_time":"20181104204754","is_ascension_mode":false,"campfire_choices":[{"data":"Chaos","floor":12,"key":"SMITH"},{"floor":15,"key":"REST"},{"floor":23,"key":"REST"},{"floor":25,"key":"REST"},{"data":"Chrysalis","floor":27,"key":"SMITH"},{"floor":32,"key":"REST"}],"neow_cost":"NONE","seed_source_timestamp":22049387892042,"circlet_count":0,"master_deck":["Strike_B+1","Strike_B","Strike_B","Defend_B+1","Defend_B","Defend_B","Dualcast","Gash","Steam","Streamline","Cold Snap","Chaos+1","Hello World","Go for the Eyes","Finesse","Genetic Algorithm","Reboot","Go for the Eyes","Sweeping Beam","Blizzard+1","Chrysalis+1","Leap","Blizzard+1"],"special_seed":0,"relics":["Cracked Core","Letter Opener","Dodecahedron","CultistMask","Empty Cage","Molten Egg 2","Potion Belt"],"potions_floor_usage":[7,7,16,29,30],"damage_taken":[{"damage":0.0,"enemies":"Small Slimes","floor":1.0,"turns":4.0},{"damage":1.0,"enemies":"Jaw Worm","floor":2.0,"turns":3.0},{"damage":5.0,"enemies":"2 Louse","floor":4.0,"turns":3.0},{"damage":18,"enemies":"Lagavulin","floor":7,"turns":6},{"damage":0,"enemies":"Exordium Thugs","floor":8,"turns":4},{"damage":7,"enemies":"2 Fungi Beasts","floor":10,"turns":3},{"damage":17,"enemies":"Lots of Slimes","floor":14,"turns":4},{"damage":18,"enemies":"Hexaghost","floor":16,"turns":10},{"damage":8,"enemies":"Shell Parasite","floor":18,"turns":5},{"damage":20,"enemies":"2 Thieves","floor":19,"turns":4},{"damage":25,"enemies":"Chosen and Byrds","floor":20,"turns":7},{"damage":31,"enemies":"3 Cultists","floor":24,"turns":6},{"damage":7,"enemies":"Shelled Parasite and Fungi","floor":28,"turns":5},{"damage":25,"enemies":"Snecko","floor":29,"turns":8},{"damage":10,"enemies":"Centurion and Healer","floor":30,"turns":9},{"damage":34,"enemies":"Champ","floor":33,"turns":7}],"seed_played":"4089464982271527865","potions_obtained":[{"floor":1.0,"key":"FocusPotion"},{"floor":2.0,"key":"Poison Potion"},{"floor":14,"key":"FocusPotion"},{"floor":24,"key":"EssenceOfSteel"},{"floor":28,"key":"Swift Potion"},{"floor":30,"key":"FearPotion"}],"is_trial":false,"path_per_floor":["M","M","?","M","?","?","E","M","T","M","$","R","?","M","R","B",null,"M","M","M","$","T","R","M","R","T","R","M","M","M","?","R","B"],"character_chosen":"DEFECT","items_purchased":["Go for the Eyes","Finesse","Chrysalis"],"campfire_rested":4,"item_purchase_floors":[11,11,21],"current_hp_per_floor":[82,81,65,60,49,69,51,51,51,44,44,44,44,27,51,33,82,74,54,29,29,29,53,22,46,46,46,39,14,4,4,28,0],"gold":196,"neow_bonus":"TEN_PERCENT_HP_BONUS","is_prod":false,"is_daily":false,"chose_seed":false,"campfire_upgraded":2,"win_rate":0.0,"timestamp":1541382474,"path_taken":["M","M","?","M","?","?","E","?","T","M","$","R","?","M","R","BOSS","M","M","M","$","?","R","M","R","T","R","M","M","M","?","R","BOSS"],"build_version":"2018-11-02","purchased_purges":1,"victory":false,"max_hp_per_floor":[82,82,82,82,82,82,82,82,82,82,82,82,82,82,82,82,82,82,82,82,82,82,82,82,82,82,82,82,82,82,82,82,82],"card_choices":[{"not_picked":["Fusion","Beam Cell"],"picked":"Gash","floor":1.0},{"not_picked":["Coolheaded","Barrage"],"picked":"Steam","floor":2.0},{"not_picked":["Coolheaded","Ball Lightning"],"picked":"Streamline","floor":4.0},{"not_picked":["Reprogram","Barrage"],"picked":"Cold Snap","floor":7},{"not_picked":["Redo","Compile Driver"],"picked":"Chaos","floor":8},{"not_picked":["Streamline","Glacier"],"picked":"Hello World","floor":10},{"not_picked":["Redo","Fusion"],"picked":"Genetic Algorithm","floor":14},{"not_picked":["Multi-Cast","Amplify"],"picked":"Reboot","floor":16},{"not_picked":["White Noise","Barrage"],"picked":"Go for the Eyes","floor":18},{"not_picked":["Heatsinks","Steam"],"picked":"Sweeping Beam","floor":19},{"not_picked":["Streamline","Stack+1"],"picked":"Blizzard+1","floor":20},{"not_picked":["Leap","Ball Lightning+1","Streamline+1"],"picked":"SKIP","floor":24},{"not_picked":["Redo","Rainbow"],"picked":"Leap","floor":28},{"not_picked":["Go for the Eyes+1","Ball Lightning+1","Genetic Algorithm+1"],"picked":"SKIP","floor":29},{"not_picked":["Chill+1","Force Field"],"picked":"Blizzard+1","floor":30}],"player_experience":16241,"relics_obtained":[{"floor":7,"key":"Letter Opener"},{"floor":9,"key":"Dodecahedron"},{"floor":22,"key":"Molten Egg 2"},{"floor":26,"key":"Potion Belt"}],"event_choices":[{"damage_healed":0.0,"max_hp_gain":0.0,"max_hp_loss":0.0,"gold_gain":0.0,"event_name":"Shining Light","player_choice":"Entered Light","floor":3.0,"gold_loss":0.0,"damage_taken":16.0,"cards_upgraded":["Strike_B","Defend_B"]},{"damage_healed":0.0,"max_hp_gain":0.0,"max_hp_loss":0.0,"gold_gain":75.0,"event_name":"World of Goop","player_choice":"Gather Gold","floor":5.0,"gold_loss":0.0,"damage_taken":11.0},{"damage_healed":20.0,"max_hp_gain":0.0,"max_hp_loss":0.0,"gold_gain":0.0,"event_name":"The Cleric","player_choice":"Healed","floor":6.0,"gold_loss":35.0,"damage_taken":0.0},{"damage_healed":0,"gold_gain":0,"player_choice":"Trade","damage_taken":0,"relics_obtained":["CultistMask"],"max_hp_gain":0,"max_hp_loss":0,"event_name":"FaceTrader","floor":13,"gold_loss":0},{"damage_healed":0,"gold_gain":100,"player_choice":"Pray","damage_taken":0,"max_hp_gain":0,"max_hp_loss":0,"event_name":"Golden Shrine","floor":31,"gold_loss":0}],"is_beta":true,"boss_relics":[{"not_picked":["Fusion Hammer","Tiny House"],"picked":"Empty Cage"}],"items_purged_floors":[11],"is_endless":false,"potions_floor_spawned":[1,2,14,24,28,30],"killed_by":"Champ","ascension_level":0}