{"gold_per_floor":[111,286,286,286,301,330,341,366,393,363,363],"floor_reached":11,"playtime":266,"items_purged":[],"score":113,"play_id":"7a4f37fd-19f6-4020-bc99-1426a9177dcc","local_time":"20190227015959","is_ascension_mode":true,"campfire_choices":[],"neow_cost":"NONE","seed_source_timestamp":45394394586128,"circlet_count":0,"master_deck":["Strike_R","Strike_R","Strike_R","Strike_R","Defend_R","Defend_R","Defend_R","Bash","Headbutt","Shrug It Off","Shrug It Off","Whirlwind"],"relics":["Empty Cage","PreservedInsect","Potion Belt","Gremlin Horn"],"potions_floor_usage":[8,8],"damage_taken":[{"damage":10,"enemies":"Small Slimes","floor":1,"turns":3},{"damage":4,"enemies":"Jaw Worm","floor":5,"turns":4},{"damage":8,"enemies":"Gremlin Nob","floor":6,"turns":3},{"damage":0,"enemies":"2 Louse","floor":7,"turns":3},{"damage":18,"enemies":"3 Sentries","floor":8,"turns":6},{"damage":7,"enemies":"Lagavulin","floor":11,"turns":4}],"seed_played":"799229501404462160","potions_obtained":[{"floor":5,"key":"SkillPotion"},{"floor":7,"key":"Explosive Potion"}],"is_trial":false,"path_per_floor":["M","?","?","?","M","E","M","E","T","?","E"],"character_chosen":"IRONCLAD","items_purchased":[],"campfire_rested":0,"item_purchase_floors":[],"current_hp_per_floor":[62,62,55,37,33,25,25,7,7,7,0],"gold":363,"neow_bonus":"BOSS_RELIC","is_prod":false,"is_daily":false,"chose_seed":false,"campfire_upgraded":0,"win_rate":0,"timestamp":1551185999,"path_taken":["M","?","?","?","?","E","M","E","T","?","E"],"build_version":"2019-01-23","purchased_purges":0,"victory":false,"max_hp_per_floor":[80,80,80,80,80,80,80,80,80,80,80],"card_choices":[{"not_picked":["Heavy Blade","Evolve","Clash"],"picked":"SKIP","floor":1},{"not_picked":["Spot Weakness","Havoc"],"picked":"Headbutt","floor":5},{"not_picked":["Heavy Blade","Cleave"],"picked":"Shrug It Off","floor":6},{"not_picked":["Flex","Entrench"],"picked":"Shrug It Off","floor":7},{"not_picked":["Reaper","Seeing Red"],"picked":"Whirlwind","floor":8}],"player_experience":421417,"relics_obtained":[{"floor":6,"key":"Potion Belt"},{"floor":8,"key":"Gremlin Horn"}],"event_choices":[{"damage_healed":0,"gold_gain":175,"player_choice":"AGREE","damage_taken":0,"max_hp_gain":0,"max_hp_loss":0,"event_name":"Liars Game","floor":2,"gold_loss":0,"cards_obtained":["Doubt"]},{"cards_removed":["Doubt"],"damage_healed":0,"gold_gain":0,"player_choice":"Card Removal","damage_taken":7,"max_hp_gain":0,"max_hp_loss":0,"event_name":"Golden Wing","floor":3,"gold_loss":0},{"damage_healed":0,"gold_gain":0,"player_choice":"Success","damage_taken":18,"relics_obtained":["PreservedInsect"],"max_hp_gain":0,"max_hp_loss":0,"event_name":"Scrap Ooze","floor":4,"gold_loss":0},{"damage_healed":0,"gold_gain":0,"player_choice":"Left Gold","damage_taken":0,"max_hp_gain":0,"max_hp_loss":0,"event_name":"World of Goop","floor":10,"gold_loss":30}],"is_beta":false,"boss_relics":[],"items_purged_floors":[],"is_endless":false,"potions_floor_spawned":[5,7],"killed_by":"Lagavulin","ascension_level":8}