{"gold_per_floor":[368,443,467,158,158,158,202,221,221,242,263,263,302,302,302,425,425,445,570,570,591,604,604,181,215,238,44,44,68,112,112,112,235,235,251,107,440,440,540,569,569,595,646,646,665,665,676,708,720,732],"floor_reached":51,"playtime":2919,"items_purged":["Strike_G","Strike_G","Strike_G"],"score":1283,"play_id":"22a7d28b-a8f5-47dd-b014-659a4a2e17c7","local_time":"20190131214514","is_ascension_mode":true,"campfire_choices":[{"data":"Skewer","floor":6,"key":"SMITH"},{"data":"Wraith Form v2","floor":12,"key":"SMITH"},{"data":"Neutralize","floor":15,"key":"SMITH"},{"data":"Well Laid Plans","floor":23,"key":"SMITH"},{"data":"Malaise","floor":28,"key":"SMITH"},{"data":"Crippling Poison","floor":32,"key":"SMITH"},{"data":"Catalyst","floor":44,"key":"SMITH"},{"data":"Neutralize","floor":46,"key":"SMITH"},{"data":"PiercingWail","floor":49,"key":"SMITH"}],"neow_cost":"TEN_PERCENT_HP_LOSS","seed_source_timestamp":7973138739628,"circlet_count":0,"master_deck":["Defend_G","Defend_G","Defend_G+1","Defend_G","Defend_G+1","Survivor","Neutralize+1","Skewer+1","Well Laid Plans+1","Cloak And Dagger","Wraith Form v2+1","Flying Knee","Malaise+1","Dagger Spray+1","Crippling Poison+1","Poisoned Stab+1","Caltrops+1","After Image+1","Noxious Fumes+1","Dodge and Roll+1","Footwork+1","Catalyst+1","Backflip+1","Neutralize+1","PiercingWail+1","PiercingWail+1"],"relics":["Ring of the Snake","Happy Flower","Pen Nib","Blue Candle","Blood Vial","Snake Skull","Velvet Choker","Mango","Pantograph","Frozen Egg 2","Matryoshka","Potion Belt","Bronze Scales","Anchor","Bottled Flame","Black Star","Tingsha","Gambling Chip","Omamori","Strawberry","Bottled Tornado","War Paint","Centennial Puzzle","MawBank","Pocketwatch"],"potions_floor_usage":[7,16,16,19,25,42],"damage_taken":[{"damage":0,"enemies":"Jaw Worm","floor":1,"turns":6},{"damage":12,"enemies":"3 Sentries","floor":7,"turns":6},{"damage":0,"enemies":"Small Slimes","floor":8,"turns":3},{"damage":0,"enemies":"Cultist","floor":10,"turns":3},{"damage":0,"enemies":"Blue Slaver","floor":11,"turns":3},{"damage":1,"enemies":"Lagavulin","floor":13,"turns":6},{"damage":28,"enemies":"Slime Boss","floor":16,"turns":10},{"damage":1,"enemies":"Spheric Guardian","floor":18,"turns":4},{"damage":13,"enemies":"Colosseum Slavers","floor":19,"turns":5},{"damage":2,"enemies":"Colosseum Nobs","floor":19,"turns":5},{"damage":0,"enemies":"Shell Parasite","floor":21,"turns":6},{"damage":5,"enemies":"Cultist and Chosen","floor":22,"turns":6},{"damage":0,"enemies":"Gremlin Leader","floor":25,"turns":3},{"damage":2,"enemies":"Snake Plant","floor":29,"turns":3},{"damage":0,"enemies":"Book of Stabbing","floor":30,"turns":5},{"damage":35,"enemies":"Automaton","floor":33,"turns":10},{"damage":4,"enemies":"3 Darklings","floor":35,"turns":4},{"damage":0,"enemies":"Mind Bloom Boss Battle","floor":39,"turns":3},{"damage":4,"enemies":"Nemesis","floor":40,"turns":9},{"damage":0,"enemies":"Giant Head","floor":42,"turns":10},{"damage":0,"enemies":"Orb Walker","floor":45,"turns":3},{"damage":0,"enemies":"Sphere and 2 Shapes","floor":47,"turns":4},{"damage":0,"enemies":"Nemesis","floor":48,"turns":7},{"damage":25,"enemies":"Awakened One","floor":50,"turns":15}],"seed_played":"4169490655147174844","potions_obtained":[{"floor":1,"key":"Poison Potion"},{"floor":10,"key":"SpeedPotion"},{"floor":13,"key":"Fruit Juice"},{"floor":18,"key":"GamblersBrew"},{"floor":19,"key":"SteroidPotion"},{"floor":22,"key":"Strength Potion"},{"floor":29,"key":"GhostInAJar"},{"floor":33,"key":"GamblersBrew"},{"floor":35,"key":"GamblersBrew"},{"floor":40,"key":"Strength Potion"},{"floor":47,"key":"EssenceOfSteel"}],"is_trial":false,"path_per_floor":["M","?","T","$","?","R","E","M","T","M","M","R","E","?","R","B",null,"M","?","?","M","M","R","$","E","T","$","R","M","E","$","R","B",null,"M","$","?","?","?","E","?","E","T","R","M","R","M","E","R","B",null],"character_chosen":"THE_SILENT","items_purchased":["Strength Potion","Pen Nib","Well Laid Plans","Caltrops+1","Matryoshka","Noxious Fumes+1","Footwork+1","Catalyst"],"campfire_rested":0,"item_purchase_floors":[4,4,4,24,24,27,36,36],"current_hp_per_floor":[63,52,52,52,37,37,25,25,25,27,29,29,30,30,30,9,53,54,57,57,59,56,56,56,58,58,58,58,58,60,60,60,47,73,71,71,71,71,82,78,78,87,87,87,89,89,89,89,89,64],"gold":744,"neow_bonus":"TWO_FIFTY_GOLD","is_prod":false,"is_daily":false,"chose_seed":false,"campfire_upgraded":9,"win_rate":0,"timestamp":1548924314,"path_taken":["M","?","?","$","?","R","E","?","T","M","?","R","E","?","R","BOSS","M","?","?","M","M","R","$","E","T","$","R","M","E","$","R","BOSS","M","$","?","?","?","E","?","E","T","R","M","R","M","E","R","BOSS"],"build_version":"2019-01-23","purchased_purges":3,"victory":true,"max_hp_per_floor":[63,63,63,63,63,63,63,63,63,63,63,63,63,63,63,68,68,68,82,82,82,82,82,82,82,82,82,82,82,82,82,82,82,82,82,82,82,82,82,82,82,89,89,89,89,89,89,89,89,89],"card_choices":[{"not_picked":["Leg Sweep","Poisoned Stab"],"picked":"Skewer","floor":1},{"not_picked":["Bane","Underhanded Strike"],"picked":"Cloak And Dagger","floor":7},{"not_picked":["Quick Slash","Deadly Poison"],"picked":"Wraith Form v2","floor":8},{"not_picked":["Blade Dance","Slice"],"picked":"Flying Knee","floor":10},{"not_picked":["Reflex","Outmaneuver","Endless Agony"],"picked":"SKIP","floor":11},{"not_picked":["Endless Agony","Acrobatics","Concentrate"],"picked":"SKIP","floor":13},{"not_picked":["Adrenaline","Envenom"],"picked":"Malaise","floor":16},{"not_picked":["Dodge and Roll","Choke"],"picked":"Dagger Spray+1","floor":18},{"not_picked":["PiercingWail+1","Glass Knife"],"picked":"Crippling Poison","floor":21},{"not_picked":["Backstab","Concentrate+1"],"picked":"Poisoned Stab+1","floor":22},{"not_picked":["Outmaneuver","All Out Attack+1"],"picked":"After Image+1","floor":25},{"not_picked":["Outmaneuver","Slice"],"picked":"Dodge and Roll+1","floor":29},{"not_picked":["Setup+1","Bane","Dagger Spray+1"],"picked":"SKIP","floor":30},{"not_picked":["Caltrops+1","Sucker Punch+1","Cloak And Dagger+1"],"picked":"SKIP","floor":35},{"not_picked":["Deflect+1","Footwork+1"],"picked":"Backflip+1","floor":40},{"not_picked":["Prepared","Infinite Blades+1"],"picked":"PiercingWail","floor":42},{"not_picked":["Masterful Stab","Outmaneuver"],"picked":"PiercingWail+1","floor":45},{"not_picked":["Blur","Poisoned Stab","PiercingWail+1"],"picked":"SKIP","floor":47},{"not_picked":["Backflip","Finisher","Underhanded Strike"],"picked":"SKIP","floor":48}],"player_experience":134519,"relics_obtained":[{"floor":3,"key":"Happy Flower"},{"floor":7,"key":"Blue Candle"},{"floor":9,"key":"Blood Vial"},{"floor":13,"key":"Snake Skull"},{"floor":19,"key":"Mango"},{"floor":19,"key":"Pantograph"},{"floor":25,"key":"Potion Belt"},{"floor":26,"key":"Bronze Scales"},{"floor":26,"key":"Anchor"},{"floor":30,"key":"Bottled Flame"},{"floor":39,"key":"Tingsha"},{"floor":40,"key":"Gambling Chip"},{"floor":40,"key":"Omamori"},{"floor":42,"key":"Strawberry"},{"floor":42,"key":"Bottled Tornado"},{"floor":43,"key":"War Paint"},{"floor":43,"key":"Centennial Puzzle"},{"floor":48,"key":"MawBank"},{"floor":48,"key":"Pocketwatch"}],"event_choices":[{"damage_healed":0,"gold_gain":75,"player_choice":"Gather Gold","damage_taken":11,"max_hp_gain":0,"max_hp_loss":0,"event_name":"World of Goop","floor":2,"gold_loss":0},{"damage_healed":0,"gold_gain":0,"player_choice":"Take Damage","damage_taken":15,"relics_obtained":["Golden Idol"],"max_hp_gain":0,"max_hp_loss":0,"event_name":"Golden Idol","floor":5,"gold_loss":0},{"cards_removed":["Strike_G"],"damage_healed":0,"gold_gain":0,"player_choice":"Offered Basic","damage_taken":0,"max_hp_gain":0,"max_hp_loss":0,"event_name":"Bonfire Elementals","floor":14,"gold_loss":0},{"damage_healed":0,"gold_gain":0,"player_choice":"Fight","damage_taken":0,"max_hp_gain":0,"max_hp_loss":0,"event_name":"Colosseum","floor":19,"gold_loss":0},{"damage_healed":0,"gold_gain":0,"player_choice":"Fought Nobs","damage_taken":0,"max_hp_gain":0,"max_hp_loss":0,"event_name":"Colosseum","floor":19,"gold_loss":0},{"damage_healed":0,"gold_gain":0,"player_choice":"Opened","damage_taken":0,"relics_obtained":["Frozen Egg 2"],"max_hp_gain":0,"max_hp_loss":0,"event_name":"The Mausoleum","floor":20,"gold_loss":0},{"damage_healed":0,"gold_gain":333,"player_choice":"Gave Idol","damage_taken":0,"max_hp_gain":0,"max_hp_loss":0,"event_name":"The Moai Head","floor":37,"relics_lost":["Golden Idol"],"gold_loss":0},{"cards_removed":["Strike_G"],"damage_healed":0,"gold_gain":0,"player_choice":"Removed Attack","damage_taken":0,"max_hp_gain":0,"max_hp_loss":0,"event_name":"Falling","floor":38,"gold_loss":0},{"damage_healed":0,"gold_gain":0,"player_choice":"Fight","damage_taken":0,"max_hp_gain":0,"max_hp_loss":0,"event_name":"MindBloom","floor":39,"gold_loss":0},{"damage_healed":0,"gold_gain":0,"player_choice":"1 cards matched","damage_taken":0,"max_hp_gain":0,"max_hp_loss":0,"event_name":"Match and Keep!","floor":41,"gold_loss":0,"cards_obtained":["Neutralize"]}],"is_beta":false,"boss_relics":[{"not_picked":["Ring of the Serpent","Eternal Feather"],"picked":"Velvet Choker"},{"not_picked":["Cursed Key","White Beast Statue"],"picked":"Black Star"}],"items_purged_floors":[4,24,27],"is_endless":false,"potions_floor_spawned":[1,10,13,18,19,22,29,33,35,40,47],"ascension_level":8}