{"gold_per_floor":[116,116,116,127,146,146,7,38,90,118,83,83,97,126,126,204,204,220,145,60,60,72,72,103,103,149,149,174,194,205,16,16,92,92,104,104,104,121,121,151,151,167,236,25,53,67,67,67,67,67,67],"floor_reached":52,"playtime":3998,"items_purged":[],"score":1838,"play_id":"7c21401c-3ee0-402a-9765-47790393c930","local_time":"20190228214546","is_ascension_mode":true,"campfire_choices":[{"data":"Beam Cell","floor":6,"key":"SMITH"},{"data":"Dualcast","floor":12,"key":"SMITH"},{"data":"Loop","floor":15,"key":"SMITH"},{"data":"Sunder","floor":23,"key":"SMITH"},{"floor":25,"key":"REST"},{"data":"Seek","floor":27,"key":"SMITH"},{"floor":32,"key":"REST"},{"floor":41,"key":"REST"},{"floor":47,"key":"REST"},{"data":"Fission","floor":49,"key":"SMITH"}],"neow_cost":"NONE","seed_source_timestamp":30901558426381,"circlet_count":0,"master_deck":["AscendersBane","Strike_B","Strike_B","Defend_B","Defend_B","Defend_B","Defend_B","Zap+1","Dualcast+1","Sweeping Beam","Conserve Battery","Gash","Cold Snap","Seek+1","Cold Snap","Loop+1","Electrodynamics","FTL+1","Sunder+1","White Noise+1","Defragment+1","Echo Form","Steam+1","Coolheaded+1","Defragment","Leap","Coolheaded","Fission+1","Glacier","Glacier","Aggregate","Go for the Eyes","Injury","Echo Form","Conserve Battery","Coolheaded+1"],"relics":["Cracked Core","NeowsBlessing","Omamori","Oddly Smooth Stone","Dream Catcher","Bronze Scales","Cursed Key","Question Card","Sundial","Red Mask","Runic Pyramid","Regal Pillow","Bottled Lightning","Runic Capacitor","Mummified Hand"],"potions_floor_usage":[8,14,14,24,33,33,40,46],"damage_taken":[{"damage":0,"enemies":"2 Louse","floor":1,"turns":1},{"damage":0,"enemies":"Cultist","floor":4,"turns":1},{"damage":0,"enemies":"Jaw Worm","floor":5,"turns":1},{"damage":14,"enemies":"Lagavulin","floor":8,"turns":5},{"damage":28,"enemies":"Gremlin Nob","floor":10,"turns":4},{"damage":1,"enemies":"Looter","floor":13,"turns":3},{"damage":14,"enemies":"Lagavulin","floor":14,"turns":6},{"damage":9,"enemies":"The Guardian","floor":16,"turns":10},{"damage":16,"enemies":"Chosen","floor":18,"turns":4},{"damage":13,"enemies":"2 Thieves","floor":22,"turns":3},{"damage":27,"enemies":"Book of Stabbing","floor":24,"turns":4},{"damage":0,"enemies":"Masked Bandits","floor":28,"turns":2},{"damage":0,"enemies":"Sentry and Sphere","floor":29,"turns":4},{"damage":16,"enemies":"Snake Plant","floor":30,"turns":3},{"damage":3,"enemies":"Champ","floor":33,"turns":26},{"damage":10,"enemies":"Orb Walker","floor":35,"turns":4},{"damage":0,"enemies":"3 Shapes","floor":38,"turns":3},{"damage":70,"enemies":"Reptomancer","floor":40,"turns":17},{"damage":35,"enemies":"3 Darklings","floor":42,"turns":3},{"damage":4,"enemies":"Nemesis","floor":45,"turns":9},{"damage":0,"enemies":"Maw","floor":46,"turns":7},{"damage":8,"enemies":"Donu and Deca","floor":50,"turns":10},{"damage":13,"enemies":"Time Eater","floor":51,"turns":16}],"seed_played":"7254620118402871028","potions_obtained":[{"floor":4,"key":"AttackPotion"},{"floor":10,"key":"Regen Potion"},{"floor":22,"key":"Swift Potion"},{"floor":28,"key":"AttackPotion"},{"floor":30,"key":"SkillPotion"},{"floor":38,"key":"SpeedPotion"},{"floor":42,"key":"PowerPotion"},{"floor":45,"key":"Energy Potion"}],"is_trial":false,"path_per_floor":["M","?","?","M","M","R","$","E","T","E","?","R","M","E","R","B",null,"M","?","?","?","M","R","E","R","T","R","?","M","M","$","R","B",null,"M","?","?","M","?","E","R","M","T","$","E","M","R","?","R","B","B",null],"character_chosen":"DEFECT","items_purchased":["Gash","Cold Snap","FearPotion","Defragment","Leap","Regen Potion","Runic Capacitor"],"campfire_rested":4,"item_purchase_floors":[7,7,7,31,31,31,44],"current_hp_per_floor":[64,57,57,57,57,57,57,43,43,15,32,32,31,32,32,23,59,43,43,43,43,30,30,3,24,24,24,24,24,8,8,29,41,64,54,54,54,54,81,11,50,15,15,15,11,11,50,50,50,42,29],"gold":67,"neow_bonus":"THREE_ENEMY_KILL","is_prod":false,"is_daily":false,"chose_seed":false,"campfire_upgraded":6,"win_rate":0,"timestamp":1551343546,"path_taken":["M","?","?","?","M","R","$","E","T","E","?","R","M","E","R","BOSS","M","?","?","?","?","R","E","R","T","R","?","M","M","$","R","BOSS","M","?","?","M","?","E","R","?","T","?","E","M","R","?","R","BOSS","BOSS"],"build_version":"2019-01-23","purchased_purges":0,"victory":true,"max_hp_per_floor":[71,71,71,71,71,71,71,71,71,71,71,71,71,71,71,71,71,71,71,71,71,71,71,71,71,71,71,71,71,71,71,71,71,71,71,71,71,71,81,81,81,81,81,81,81,81,81,81,81,81,81],"card_choices":[{"not_picked":["Streamline","Static Discharge"],"picked":"Sweeping Beam","floor":1},{"not_picked":["Coolheaded","Barrage"],"picked":"Beam Cell","floor":4},{"not_picked":["Coolheaded","Sweeping Beam"],"picked":"Conserve Battery","floor":5},{"not_picked":["Stack","Steam Power"],"picked":"Seek","floor":8},{"not_picked":["Sweeping Beam","Leap"],"picked":"Cold Snap","floor":10},{"not_picked":["Beam Cell","Go for the Eyes"],"picked":"Loop","floor":13},{"not_picked":["Gash","Hologram"],"picked":"Electrodynamics","floor":14},{"not_picked":["Meteor Strike","Hyperbeam"],"picked":"Electrodynamics","floor":16},{"not_picked":["Coolheaded","Streamline"],"picked":"FTL+1","floor":18},{"not_picked":["Scrape","Steam","Force Field+1"],"picked":"Sunder","floor":22},{"not_picked":["Force Field","Cold Snap","Redo"],"picked":"White Noise+1","floor":24},{"not_picked":["Consume","Steam","Coolheaded+1"],"picked":"Defragment+1","floor":25},{"not_picked":["Barrage+1","Chaos","Aggregate+1"],"picked":"Echo Form","floor":28},{"not_picked":["Rebound","Barrage","Static Discharge"],"picked":"Steam+1","floor":29},{"not_picked":["Hologram","Blizzard","Gash"],"picked":"Coolheaded+1","floor":30},{"not_picked":["Hologram","Rebound","Aggregate"],"picked":"Coolheaded","floor":32},{"not_picked":["Electrodynamics","Creative AI","Buffer"],"picked":"Fission","floor":33},{"not_picked":["BootSequence","Sweeping Beam","Redo"],"picked":"Glacier","floor":35},{"not_picked":["Cold Snap+1","Go for the Eyes","Hello World+1"],"picked":"Glacier","floor":38},{"not_picked":["White Noise","Cold Snap","Machine Learning"],"picked":"Aggregate","floor":40},{"not_picked":["Sweeping Beam","Darkness","Redo"],"picked":"Go for the Eyes","floor":41},{"not_picked":["Redo+1","Steam","Sweeping Beam","Barrage"],"picked":"SKIP","floor":42},{"not_picked":["Consume","Rebound+1","Barrage+1"],"picked":"Echo Form","floor":45},{"not_picked":["Chaos","Turbo","Barrage"],"picked":"Conserve Battery","floor":46},{"not_picked":["Genetic Algorithm+1","Cold Snap","Auto Shields"],"picked":"Coolheaded+1","floor":47}],"player_experience":496066,"relics_obtained":[{"floor":8,"key":"Omamori"},{"floor":9,"key":"Oddly Smooth Stone"},{"floor":10,"key":"Dream Catcher"},{"floor":14,"key":"Bronze Scales"},{"floor":24,"key":"Sundial"},{"floor":28,"key":"Red Mask"},{"floor":40,"key":"Regal Pillow"},{"floor":43,"key":"Bottled Lightning"},{"floor":45,"key":"Mummified Hand"}],"event_choices":[{"cards_removed":["Strike_B"],"damage_healed":0,"gold_gain":0,"player_choice":"Card Removal","damage_taken":7,"max_hp_gain":0,"max_hp_loss":0,"event_name":"Golden Wing","floor":2,"gold_loss":0},{"damage_healed":0,"gold_gain":0,"player_choice":"Upgraded","damage_taken":0,"max_hp_gain":0,"max_hp_loss":0,"event_name":"Upgrade Shrine","floor":3,"gold_loss":0,"cards_upgraded":["Zap"]},{"damage_healed":17,"gold_gain":0,"player_choice":"Healed","damage_taken":0,"max_hp_gain":0,"max_hp_loss":0,"event_name":"The Cleric","floor":11,"gold_loss":35},{"cards_removed":["Strike_B"],"damage_healed":0,"gold_gain":0,"player_choice":"Gave Gold","damage_taken":0,"max_hp_gain":0,"max_hp_loss":0,"event_name":"Beggar","floor":19,"gold_loss":75},{"damage_healed":0,"gold_gain":0,"player_choice":"Obtained Relic","damage_taken":0,"relics_obtained":["Question Card"],"max_hp_gain":0,"max_hp_loss":0,"event_name":"Addict","floor":20,"gold_loss":85},{"damage_healed":0,"gold_gain":0,"player_choice":"Smashed Altar","damage_taken":0,"max_hp_gain":0,"max_hp_loss":0,"event_name":"Forgotten Altar","floor":21,"gold_loss":0,"cards_obtained":["Decay"]},{"damage_healed":0,"gold_gain":0,"player_choice":"Fought Bandits","damage_taken":0,"max_hp_gain":0,"max_hp_loss":0,"event_name":"Masked Bandits","floor":28,"gold_loss":0},{"cards_removed":["Beam Cell"],"damage_healed":0,"gold_gain":0,"player_choice":"Removed Attack","damage_taken":0,"max_hp_gain":0,"max_hp_loss":0,"event_name":"Falling","floor":36,"gold_loss":0},{"damage_healed":0,"gold_gain":0,"player_choice":"Ignored","damage_taken":0,"max_hp_gain":0,"max_hp_loss":0,"event_name":"Mysterious Sphere","floor":37,"gold_loss":0},{"cards_removed":["Electrodynamics"],"damage_healed":17,"gold_gain":0,"player_choice":"Offered Rare","damage_taken":0,"max_hp_gain":10,"max_hp_loss":0,"event_name":"Bonfire Elementals","floor":39,"gold_loss":0},{"damage_healed":0,"gold_gain":0,"player_choice":"0 cards matched","damage_taken":0,"max_hp_gain":0,"max_hp_loss":0,"event_name":"Match and Keep!","floor":48,"gold_loss":0,"cards_obtained":[]}],"is_beta":false,"boss_relics":[{"not_picked":["Busted Crown","Coffee Dripper"],"picked":"Cursed Key"},{"not_picked":["Philosopher\u0027s Stone","Runic Dome"],"picked":"Runic Pyramid"}],"items_purged_floors":[],"is_endless":false,"potions_floor_spawned":[4,10,13,22,28,30,38,42,45],"ascension_level":20}