{"gold_per_floor":[118,16,31,331,331,366,366,380,380,380,28,38,68,68,68,164,164,180,105,119,19,19,19],"floor_reached":23,"playtime":1980,"items_purged":["Strike_G"],"score":197,"play_id":"d8f07424-68f5-46c5-ac51-f5af04fce2bf","local_time":"20180721224557","is_ascension_mode":false,"campfire_choices":[{"data":"Regret","floor":7.0,"key":"PURGE"},{"floor":10.0,"key":"REST"},{"data":"Calculated Gamble","floor":15.0,"key":"SMITH"}],"neow_cost":"","seed_source_timestamp":0,"circlet_count":0,"master_deck":["Defend_G","Defend_G","Defend_G","Defend_G","Defend_G","Strike_G","Strike_G","Strike_G","Survivor","Neutralize","Slice","Cloak And Dagger+1","Noxious Fumes","Night Terror","Bane","Storm of Steel","Secret Weapon","Calculated Gamble+1","All Out Attack","Adrenaline","Prepared","Finisher","Flash of Steel"],"special_seed":0,"relics":["Ring of the Snake","Old Coin","Peace Pipe","Tingsha","White Beast Statue","Nloth\u0027s Gift"],"potions_floor_usage":[23,23],"damage_taken":[{"damage":10.0,"enemies":"Small Slimes","floor":1.0,"turns":4.0},{"damage":2.0,"enemies":"Jaw Worm","floor":3.0,"turns":4.0},{"damage":38.0,"enemies":"Lagavulin","floor":6.0,"turns":8.0},{"damage":0.0,"enemies":"Cultist","floor":8.0,"turns":4.0},{"damage":11.0,"enemies":"Exordium Thugs","floor":12.0,"turns":4.0},{"damage":8.0,"enemies":"3 Sentries","floor":13.0,"turns":8.0},{"damage":34.0,"enemies":"Hexaghost","floor":16.0,"turns":9.0},{"damage":5,"enemies":"Spheric Guardian","floor":18,"turns":3},{"damage":5,"enemies":"3 Byrds","floor":20,"turns":3},{"damage":28,"enemies":"Gremlin Leader","floor":23,"turns":7}],"seed_played":"-301719815677634737","potions_obtained":[{"floor":1.0,"key":"PowerPotion"},{"floor":3.0,"key":"SmokeBomb"},{"floor":12.0,"key":"Regen Potion"},{"floor":14.0,"key":"Strength Potion"},{"floor":14.0,"key":"Ancient Potion"},{"floor":18,"key":"Dexterity Potion"},{"floor":20,"key":"Poison Potion"}],"is_trial":false,"path_per_floor":["M","$","M","?","?","E","R","M","T","R","$","M","E","?","R","B",null,"M","?","M","$","?"],"character_chosen":"THE_SILENT","items_purchased":["Cloak And Dagger","Storm of Steel","Secret Weapon","Flash of Steel"],"campfire_rested":1,"item_purchase_floors":[2,11,11,21],"current_hp_per_floor":[60,60,58,58,58,20,20,20,20,41,41,30,37,37,37,3,70,65,65,60,60,60,32],"gold":19,"neow_bonus":"","is_prod":false,"is_daily":false,"chose_seed":false,"campfire_upgraded":1,"win_rate":0.0,"timestamp":1532227557,"path_taken":["M","$","M","?","?","E","R","M","T","R","$","M","E","?","R","BOSS","M","?","M","$","?","E"],"build_version":"2018-07-19v2","purchased_purges":1,"victory":false,"max_hp_per_floor":[70,70,70,70,70,70,70,70,70,70,70,70,70,70,70,70,70,70,70,70,70,70,70],"card_choices":[{"not_picked":["Crippling Poison","Quick Slash"],"picked":"Slice","floor":1.0},{"not_picked":["Cloak And Dagger","Catalyst"],"picked":"Noxious Fumes","floor":3.0},{"not_picked":["Burst","Blur"],"picked":"Night Terror","floor":6.0},{"not_picked":["Dodge and Roll","Dagger Throw"],"picked":"Bane","floor":8.0},{"not_picked":["Dagger Throw","PiercingWail"],"picked":"Calculated Gamble","floor":12.0},{"not_picked":["Backstab","PiercingWail"],"picked":"All Out Attack","floor":13.0},{"not_picked":["Malaise","Storm of Steel"],"picked":"Adrenaline","floor":16.0},{"not_picked":["Riddle With Holes+1","Flying Knee"],"picked":"Prepared","floor":18},{"not_picked":["Dagger Spray+1","Poisoned Stab"],"picked":"Finisher","floor":20}],"player_experience":214939,"relics_obtained":[{"floor":6.0,"key":"Peace Pipe"},{"floor":9.0,"key":"Tingsha"},{"floor":13.0,"key":"Frozen Egg 2"}],"event_choices":[{"event_name":"Big Fish","player_choice":"Box","floor":4.0,"damage_taken":0.0},{"event_name":"Upgrade Shrine","player_choice":"Upgraded","floor":5.0,"damage_taken":0.0},{"event_name":"The Lab","player_choice":"Got Potions","floor":14.0,"damage_taken":0.0},{"event_name":"Beggar","player_choice":"Gave Gold","floor":19,"damage_taken":0},{"event_name":"N\u0027loth","player_choice":"Traded a Frozen Egg 2","floor":22,"damage_taken":0}],"is_beta":false,"boss_relics":[{"not_picked":["Runic Pyramid","Eternal Feather"],"picked":"White Beast Statue"}],"items_purged_floors":[2],"is_endless":false,"potions_floor_spawned":[1,3,12,18,20],"killed_by":"Gremlin Leader","ascension_level":0}