{"gold_per_floor":[366,376,81,156,57,91,91,266,290,96,122,141,157,171,171,276,276,286,286,286,300,313,313,313],"floor_reached":24,"playtime":1087,"items_purged":["Doubt"],"score":266,"play_id":"da54a33b-5288-49b4-adc5-1462605c3862","local_time":"20190224003801","is_ascension_mode":true,"campfire_choices":[{"data":"Flechettes","floor":7,"key":"SMITH"},{"data":"Caltrops","floor":15,"key":"SMITH"},{"floor":23,"key":"REST"}],"neow_cost":"TEN_PERCENT_HP_LOSS","seed_source_timestamp":289945922340,"circlet_count":0,"master_deck":["Defend_G","Defend_G","Defend_G+1","Defend_G","Defend_G","Strike_G","Strike_G","Survivor+1","Neutralize","Cloak And Dagger","Backflip","Dagger Spray","Flying Knee","Flechettes+1","Noxious Fumes","Deadly Poison","Backstab","Sucker Punch","Caltrops+1","Storm of Steel","Backflip+1","Choke+1","Bouncing Flask+1","PiercingWail","Blade Dance","Acrobatics"],"relics":["Ring of the Snake","Gremlin Horn","War Paint","Snake Skull","Astrolabe","Kunai"],"potions_floor_usage":[6,6],"damage_taken":[{"damage":2,"enemies":"Cultist","floor":1,"turns":6},{"damage":8,"enemies":"Jaw Worm","floor":2,"turns":6},{"damage":0,"enemies":"3 Sentries","floor":6,"turns":6},{"damage":9,"enemies":"Lagavulin","floor":11,"turns":8},{"damage":0,"enemies":"2 Louse","floor":12,"turns":2},{"damage":2,"enemies":"2 Fungi Beasts","floor":13,"turns":2},{"damage":3,"enemies":"Looter","floor":14,"turns":2},{"damage":6,"enemies":"Hexaghost","floor":16,"turns":9},{"damage":20,"enemies":"Spheric Guardian","floor":18,"turns":5},{"damage":2,"enemies":"Shell Parasite","floor":21,"turns":4},{"damage":23,"enemies":"Snecko","floor":22,"turns":6},{"damage":41,"enemies":"Book of Stabbing","floor":24,"turns":5}],"seed_played":"-57563291702677754","potions_obtained":[{"floor":2,"key":"Explosive Potion"},{"floor":11,"key":"Strength Potion"},{"floor":13,"key":"SpeedPotion"}],"is_trial":false,"path_per_floor":["M","M","$","?","$","E","R","?","T","$","E","M","M","M","R","B",null,"M","?","?","M","M","R","E"],"character_chosen":"THE_SILENT","items_purchased":["Gremlin Horn","Dagger Spray","Fire Potion","Flying Knee","Noxious Fumes","Explosive Potion"],"campfire_rested":1,"item_purchase_floors":[3,3,5,5,10,10],"current_hp_per_floor":[61,53,53,42,42,42,42,42,42,42,33,33,31,28,28,22,63,43,43,43,41,18,36,0],"gold":313,"neow_bonus":"TWO_FIFTY_GOLD","is_prod":false,"is_daily":false,"chose_seed":false,"campfire_upgraded":2,"win_rate":0,"timestamp":1550965081,"path_taken":["M","M","?","?","$","E","R","?","T","$","E","M","M","M","R","BOSS","M","?","?","M","M","R","E"],"build_version":"2019-01-23","purchased_purges":1,"victory":false,"max_hp_per_floor":[63,63,63,63,63,63,63,63,63,63,63,63,63,63,63,63,63,63,63,63,63,63,63,63],"card_choices":[{"not_picked":["Underhanded Strike","Backflip"],"picked":"Cloak And Dagger","floor":1},{"not_picked":["Bane","Deflect"],"picked":"Backflip","floor":2},{"not_picked":["Cloak And Dagger","Corpse Explosion"],"picked":"Flechettes","floor":6},{"not_picked":["Bouncing Flask","PiercingWail"],"picked":"Deadly Poison","floor":11},{"not_picked":["Dagger Throw","Dagger Spray"],"picked":"Backstab","floor":12},{"not_picked":["Finisher","Calculated Gamble"],"picked":"Sucker Punch","floor":13},{"not_picked":["Corpse Explosion","Dagger Spray"],"picked":"Caltrops","floor":14},{"not_picked":["Grand Finale","Bullet Time"],"picked":"Storm of Steel","floor":16},{"not_picked":["Predator","Crippling Poison+1"],"picked":"PiercingWail","floor":18},{"not_picked":["Dagger Throw+1","Outmaneuver"],"picked":"Blade Dance","floor":21},{"not_picked":["Reflex","Prepared"],"picked":"Acrobatics","floor":22}],"player_experience":994782,"relics_obtained":[{"floor":6,"key":"War Paint"},{"floor":11,"key":"Snake Skull"}],"event_choices":[{"damage_healed":0,"gold_gain":75,"player_choice":"Gather Gold","damage_taken":11,"max_hp_gain":0,"max_hp_loss":0,"event_name":"World of Goop","floor":4,"gold_loss":0},{"damage_healed":0,"gold_gain":175,"player_choice":"AGREE","damage_taken":0,"max_hp_gain":0,"max_hp_loss":0,"event_name":"Liars Game","floor":8,"gold_loss":0,"cards_obtained":["Doubt"]},{"damage_healed":0,"gold_gain":0,"player_choice":"Opened","damage_taken":0,"relics_obtained":["Kunai"],"max_hp_gain":0,"max_hp_loss":0,"event_name":"The Mausoleum","floor":19,"gold_loss":0},{"damage_healed":0,"gold_gain":0,"player_choice":"Ignored","damage_taken":0,"max_hp_gain":0,"max_hp_loss":0,"event_name":"Vampires","floor":20,"gold_loss":0}],"is_beta":false,"boss_relics":[{"not_picked":["White Beast Statue","Snecko Eye"],"picked":"Astrolabe"}],"items_purged_floors":[10],"is_endless":false,"potions_floor_spawned":[2,11,13,14],"killed_by":"Book of Stabbing","ascension_level":3}