{"gold_per_floor":[114,114,124,124,136,136,167,167,167,196,212,224,6,6,6,105,105,117,117,137,37,37,37,72,72,72,72,36,65,77,97,97,97],"floor_reached":33,"playtime":3111,"items_purged":["Strike_B"],"score":425,"play_id":"9d756104-5463-45d9-920b-93c8408bdb49","local_time":"20190213183244","is_ascension_mode":true,"campfire_choices":[{"data":"Zap","floor":6,"key":"SMITH"},{"data":"Dualcast","floor":8,"key":"SMITH"},{"data":"Capacitor","floor":15,"key":"SMITH"},{"data":"Turbo","floor":23,"key":"SMITH"},{"data":"Seek","floor":25,"key":"SMITH"},{"data":"Hologram","floor":27,"key":"SMITH"},{"data":"Go for the Eyes","floor":32,"key":"SMITH"}],"neow_cost":"NONE","seed_source_timestamp":15532460799767,"circlet_count":0,"master_deck":["Defend_B+1","Defend_B","Defend_B","Defend_B","Zap+1","Dualcast+1","Steam","Darkness","Ball Lightning","Self Repair","Compile Driver","Conserve Battery","Go for the Eyes+1","Genetic Algorithm","Hologram+1","Capacitor+1","Consume+1","All For One","Go for the Eyes","Turbo+1","Seek+1","Defragment","Steam","Undo","FTL+1"],"relics":["Cracked Core","Bag of Marbles","Unceasing Top","Gremlin Horn","Boot","Inserter","Sundial","Question Card","Pen Nib"],"potions_floor_usage":[10,19,24,29,29,31,33],"damage_taken":[{"damage":8,"enemies":"2 Louse","floor":1,"turns":2},{"damage":1,"enemies":"Cultist","floor":3,"turns":3},{"damage":0,"enemies":"Small Slimes","floor":5,"turns":2},{"damage":19,"enemies":"3 Sentries","floor":7,"turns":6},{"damage":19,"enemies":"Lagavulin","floor":10,"turns":6},{"damage":2,"enemies":"Looter","floor":11,"turns":2},{"damage":0,"enemies":"2 Fungi Beasts","floor":12,"turns":3},{"damage":22,"enemies":"Hexaghost","floor":16,"turns":8},{"damage":7,"enemies":"Chosen","floor":18,"turns":3},{"damage":0,"enemies":"Colosseum Slavers","floor":19,"turns":1},{"damage":15,"enemies":"Shell Parasite","floor":20,"turns":8},{"damage":13,"enemies":"Gremlin Leader","floor":24,"turns":4},{"damage":5,"enemies":"Slavers","floor":29,"turns":4},{"damage":0,"enemies":"Snecko","floor":30,"turns":3},{"damage":4,"enemies":"Chosen and Byrds","floor":31,"turns":5},{"damage":40,"enemies":"Champ","floor":33,"turns":11}],"seed_played":"4132165996008129288","potions_obtained":[{"floor":1,"key":"Fire Potion"},{"floor":5,"key":"SmokeBomb"},{"floor":7,"key":"Regen Potion"},{"floor":12,"key":"Fire Potion"},{"floor":24,"key":"GamblersBrew"},{"floor":29,"key":"EssenceOfSteel"},{"floor":31,"key":"FearPotion"}],"is_trial":false,"path_per_floor":["M","?","M","?","M","R","E","R","T","E","M","M","$","?","R","B",null,"M","?","M","$","?","R","E","R","T","R","$","E","M","M","R","B"],"character_chosen":"DEFECT","items_purchased":["Capacitor","Consume","Turbo","PowerPotion","Defragment"],"campfire_rested":0,"item_purchase_floors":[13,13,21,21,28],"current_hp_per_floor":[60,60,59,59,59,59,40,40,40,43,48,55,55,40,40,25,63,56,56,48,48,48,48,42,42,42,42,42,37,37,33,33,0],"gold":97,"neow_bonus":"RANDOM_COMMON_RELIC","is_prod":false,"is_daily":false,"chose_seed":false,"campfire_upgraded":7,"win_rate":0,"timestamp":1550035964,"path_taken":["M","?","M","?","?","R","E","R","T","E","M","M","$","?","R","BOSS","M","?","M","$","?","R","E","R","T","R","$","E","?","M","R","BOSS"],"build_version":"2019-01-23","purchased_purges":1,"victory":false,"max_hp_per_floor":[75,75,75,75,75,75,75,75,75,75,75,75,75,75,75,75,75,75,75,75,75,75,75,75,75,75,75,75,75,75,75,75,75],"card_choices":[{"not_picked":["Blizzard","Steam Power"],"picked":"Steam","floor":1},{"not_picked":["FTL","Turbo"],"picked":"Ball Lightning","floor":3},{"not_picked":["Tempest","Aggregate"],"picked":"Compile Driver","floor":5},{"not_picked":["Hologram","White Noise"],"picked":"Conserve Battery","floor":7},{"not_picked":["Meteor Strike","Storm"],"picked":"Go for the Eyes","floor":10},{"not_picked":["Rebound","Sweeping Beam"],"picked":"Genetic Algorithm","floor":11},{"not_picked":["Stack","Compile Driver"],"picked":"Hologram","floor":12},{"not_picked":["Amplify","Hyperbeam"],"picked":"All For One","floor":16},{"not_picked":["Sweeping Beam","Barrage","Beam Cell"],"picked":"SKIP","floor":18},{"not_picked":["Scrape","Leap"],"picked":"Go for the Eyes","floor":20},{"not_picked":["Barrage","Beam Cell"],"picked":"Seek","floor":24},{"not_picked":["Hologram","Barrage","Stack"],"picked":"Steam","floor":29},{"not_picked":["Streamline","Sweeping Beam+1","Steam Power"],"picked":"Undo","floor":30},{"not_picked":["Undo","Ball Lightning+1","Redo"],"picked":"FTL+1","floor":31}],"player_experience":235884,"relics_obtained":[{"floor":7,"key":"Unceasing Top"},{"floor":9,"key":"Gremlin Horn"},{"floor":10,"key":"Boot"},{"floor":24,"key":"Sundial"},{"floor":26,"key":"Question Card"},{"floor":29,"key":"Pen Nib"}],"event_choices":[{"damage_healed":0,"gold_gain":0,"cards_transformed":["Strike_B"],"player_choice":"Change","damage_taken":0,"max_hp_gain":0,"max_hp_loss":0,"event_name":"Living Wall","floor":2,"gold_loss":0,"cards_obtained":["Darkness"]},{"damage_healed":0,"gold_gain":0,"cards_transformed":["Strike_B"],"player_choice":"Transformed","damage_taken":0,"max_hp_gain":0,"max_hp_loss":0,"event_name":"Transmorgrifier","floor":4,"gold_loss":0,"cards_obtained":["Self Repair"]},{"damage_healed":0,"gold_gain":0,"player_choice":"Entered Light","damage_taken":15,"max_hp_gain":0,"max_hp_loss":0,"event_name":"Shining Light","floor":14,"gold_loss":0,"cards_upgraded":["Consume","Defend_B"]},{"damage_healed":0,"gold_gain":0,"player_choice":"Fight","damage_taken":0,"max_hp_gain":0,"max_hp_loss":0,"event_name":"Colosseum","floor":19,"gold_loss":0},{"damage_healed":0,"gold_gain":0,"player_choice":"Fled From Nobs","damage_taken":0,"max_hp_gain":0,"max_hp_loss":0,"event_name":"Colosseum","floor":19,"gold_loss":0},{"cards_removed":["Strike_B"],"damage_healed":0,"gold_gain":0,"player_choice":"Purged","damage_taken":0,"max_hp_gain":0,"max_hp_loss":0,"event_name":"Purifier","floor":22,"gold_loss":0}],"is_beta":false,"boss_relics":[{"not_picked":["Velvet Choker","FrozenCore"],"picked":"Inserter"}],"items_purged_floors":[13],"is_endless":false,"potions_floor_spawned":[1,5,7,12,16,19,24,29,31],"killed_by":"Champ","ascension_level":9}