{"gold_per_floor":[115,133,151,11,11,41,216,316,316,316,334,352,365,375,375,470,470,489,504,82,82,115,115,133,133,133,151,161,161,161,13,13,109,109,120,137,152,152,172,172],"floor_reached":40,"playtime":4242,"items_purged":["Doubt","Injury"],"score":394,"play_id":"60a2925d-83b1-4d07-a029-dd514aedf5a1","local_time":"20180721172655","is_ascension_mode":false,"campfire_choices":[{"data":"Cloak And Dagger","floor":10.0,"key":"SMITH"},{"floor":15,"key":"REST"},{"data":"Accuracy","floor":23,"key":"SMITH"},{"floor":30,"key":"REST"},{"data":"Venomology","floor":32,"key":"SMITH"}],"neow_cost":"CURSE","seed_source_timestamp":0,"circlet_count":0,"master_deck":["Defend_G+1","Defend_G+1","Defend_G+1","Defend_G+1","Strike_G+1","Strike_G+1","Strike_G+1","Survivor","Neutralize","Tools of the Trade","Cloak And Dagger+1","Blade Dance","Predator","Panacea","Infinite Blades","Deadly Poison","Accuracy+1","Deflect","Cloak And Dagger","Deadly Poison","Deflect","Venomology+1","Choke+1","Flash of Steel","Predator","Cloak And Dagger+1"],"special_seed":0,"relics":["Ring of the Snake","Letter Opener","Happy Flower","Busted Crown","Kunai","Red Mask","Blood Vial","Nilry\u0027s Codex","Empty Cage"],"potions_floor_usage":[18,19,22,22,24,33,33,33,35,36,37,38,39,40,40,40,40],"damage_taken":[{"damage":6.0,"enemies":"Jaw Worm","floor":1.0,"turns":7.0},{"damage":0.0,"enemies":"2 Louse","floor":2.0,"turns":4.0},{"damage":5.0,"enemies":"Small Slimes","floor":3.0,"turns":4.0},{"damage":5.0,"enemies":"3 Sentries","floor":6.0,"turns":7.0},{"damage":4.0,"enemies":"Looter","floor":11.0,"turns":4.0},{"damage":11.0,"enemies":"Lots of Slimes","floor":12.0,"turns":4.0},{"damage":2,"enemies":"Exordium Wildlife","floor":13,"turns":3},{"damage":0,"enemies":"3 Louse","floor":14,"turns":4},{"damage":39,"enemies":"The Guardian","floor":16,"turns":12},{"damage":12,"enemies":"2 Thieves","floor":18,"turns":5},{"damage":9,"enemies":"Spheric Guardian","floor":19,"turns":4},{"damage":0,"floor":22,"turns":3},{"damage":9,"enemies":"3 Cultists","floor":24,"turns":5},{"damage":21,"enemies":"Sentry and Sphere","floor":27,"turns":6},{"damage":0,"enemies":"Cultist and Chosen","floor":28,"turns":4},{"damage":25,"enemies":"Automaton","floor":33,"turns":8},{"damage":3,"enemies":"3 Shapes","floor":35,"turns":5},{"damage":0,"enemies":"Flame Bruiser 1 Orb","floor":36,"turns":5},{"damage":2,"enemies":"4 Shapes","floor":37,"turns":5},{"damage":0,"enemies":"Sphere and 2 Shapes","floor":38,"turns":1},{"damage":27,"enemies":"Spire Growth","floor":39,"turns":5},{"damage":72,"enemies":"Giant Head","floor":40,"turns":9}],"seed_played":"-5739772753306515474","potions_obtained":[{"floor":2.0,"key":"Weak Potion"},{"floor":3.0,"key":"Energy Potion"},{"floor":6.0,"key":"GamblersBrew"},{"floor":12.0,"key":"Weak Potion"},{"floor":18,"key":"Fruit Juice"},{"floor":24,"key":"Dexterity Potion"},{"floor":27,"key":"Swift Potion"},{"floor":36,"key":"Regen Potion"},{"floor":37,"key":"SpeedPotion"},{"floor":39,"key":"AttackPotion"}],"is_trial":false,"path_per_floor":["M","M","M","$","?","E","?","?","T","R","M","M","M","M","R","B",null,"M","M","$","?","?","R","M","?","T","M","M","?","R","$","R","B",null,"M","M","M","M","M"],"character_chosen":"THE_SILENT","items_purchased":["Panacea","Infinite Blades","Flash of Steel","Kunai","Strength Potion"],"campfire_rested":2,"item_purchase_floors":[4,4,20,20,31],"current_hp_per_floor":[64,64,59,59,59,54,54,54,54,54,50,39,37,37,58,19,70,58,54,54,54,54,54,45,70,70,51,53,37,59,59,59,36,75,72,74,73,75,48,0],"gold":172,"neow_bonus":"THREE_RARE_CARDS","is_prod":false,"is_daily":false,"chose_seed":false,"campfire_upgraded":3,"win_rate":0.0,"timestamp":1532208415,"path_taken":["M","M","M","$","?","E","?","?","T","R","M","M","M","M","R","BOSS","M","M","$","?","?","R","?","?","T","M","M","?","R","$","R","BOSS","M","M","M","M","M","E"],"build_version":"2018-07-19v2","purchased_purges":2,"victory":false,"max_hp_per_floor":[70,70,70,70,70,70,70,70,70,70,70,70,70,70,70,70,70,70,75,75,75,75,75,75,75,75,75,75,75,75,75,75,75,75,75,75,75,75,75,75],"card_choices":[{"not_picked":["Unload","Doppelganger"],"picked":"Tools of the Trade","floor":0.0},{"not_picked":["Riddle With Holes","Poisoned Stab"],"picked":"Cloak And Dagger","floor":1.0},{"not_picked":["Leg Sweep","Underhanded Strike"],"picked":"Blade Dance","floor":2.0},{"not_picked":["Backstab","Crippling Poison"],"picked":"Predator","floor":3.0},{"not_picked":["Dodge and Roll","Dagger Spray"],"picked":"Accuracy","floor":6.0},{"not_picked":["Acrobatics","Flechettes"],"picked":"Deflect","floor":11.0},{"not_picked":["Distraction","Sucker Punch"],"picked":"Cloak And Dagger","floor":12.0},{"not_picked":["Dagger Throw","Poisoned Stab"],"picked":"Deadly Poison","floor":13},{"not_picked":["Burst","Masterful Stab"],"picked":"Deflect","floor":14},{"not_picked":["Adrenaline","A Thousand Cuts"],"picked":"Venomology","floor":16},{"not_picked":[],"picked":"Choke+1","floor":18},{"not_picked":["Underhanded Strike+1"],"picked":"SKIP","floor":19},{"not_picked":[],"picked":"Predator","floor":22},{"not_picked":["Poisoned Stab+1"],"picked":"SKIP","floor":24},{"not_picked":["Tactician"],"picked":"SKIP","floor":27},{"not_picked":["Deadly Poison+1"],"picked":"SKIP","floor":28},{"not_picked":["Sucker Punch"],"picked":"SKIP","floor":35},{"not_picked":["Quick Slash"],"picked":"SKIP","floor":36},{"not_picked":[],"picked":"Cloak And Dagger+1","floor":37},{"not_picked":["Tools of the Trade"],"picked":"SKIP","floor":39}],"player_experience":209026,"relics_obtained":[{"floor":6.0,"key":"Letter Opener"},{"floor":9.0,"key":"Happy Flower"},{"floor":22,"key":"Red Mask"},{"floor":26,"key":"Blood Vial"},{"floor":29,"key":"Nilry\u0027s Codex"}],"event_choices":[{"event_name":"Living Wall","player_choice":"Change","floor":5.0,"damage_taken":0.0},{"event_name":"Liars Game","player_choice":"agreed","floor":7.0,"damage_taken":0.0},{"event_name":"Golden Shrine","player_choice":"Pray","floor":8.0,"damage_taken":0.0},{"event_name":"Back to Basics","player_choice":"Simplicity","floor":21,"damage_taken":0},{"event_name":"Masked Bandits","player_choice":"Fought over 82 gold","floor":22,"damage_taken":0},{"event_name":"The Library","player_choice":"Heal","floor":25,"damage_taken":0},{"event_name":"Cursed Tome","player_choice":"Obtained Book","floor":29,"damage_taken":0}],"is_beta":false,"boss_relics":[{"not_picked":["Runic Pyramid","Runic Dome"],"picked":"Busted Crown"},{"not_picked":["Sozu","Coffee Dripper"],"picked":"Empty Cage"}],"items_purged_floors":[20,31],"is_endless":false,"potions_floor_spawned":[2,3,6,12,18,24,27,36,37,39],"killed_by":"Giant Head","ascension_level":0}