{"gold_per_floor":[110,13,13,13,13,13,40,57,125,143,157,185,199,212,212,316,316,327,327,327,327,343,343,374,374,374,284,313,29,29,56,68,181,193,216,248,360,372,401,413,456,468,507,519,90,140,140,160,160,160],"floor_reached":51,"playtime":2229,"items_purged":["Strike_R+1","Defend_R"],"score":1053,"play_id":"fc053346-de3f-47a4-a2ac-853af7b121e1","local_time":"20190123222536","is_ascension_mode":true,"campfire_choices":[{"data":"Bash","floor":6.0,"key":"SMITH"},{"data":"Spot Weakness","floor":15.0,"key":"SMITH"},{"data":"Intimidate","floor":23.0,"key":"SMITH"},{"data":"True Grit","floor":25,"key":"SMITH"},{"data":"Limit Break","floor":30,"key":"SMITH"},{"floor":32,"key":"REST"},{"floor":40,"key":"DIG"},{"data":"1","floor":42,"key":"LIFT"},{"data":"Heavy Blade","floor":47,"key":"SMITH"},{"data":"2","floor":49,"key":"LIFT"}],"neow_cost":"NONE","seed_source_timestamp":0,"circlet_count":0,"master_deck":["Strike_R+1","Strike_R+1","Defend_R","Bash+1","Cleave","Hemokinesis+1","Shrug It Off+1","True Grit+1","Intimidate+1","Iron Wave","Headbutt","Impervious","Spot Weakness+1","Shrug It Off","Limit Break+1","Shrug It Off+1","Clothesline","Twin Strike","Whirlwind+1","Double Tap+1","Flame Barrier+1","Shockwave+1","Heavy Blade+1","Sword Boomerang+1","True Grit+1"],"special_seed":0,"relics":["Burning Blood","Whetstone","Pear","Happy Flower","Sozu","Toxic Egg 2","Omamori","Girya","Potion Belt","Brimstone","MawBank","Velvet Choker","Shovel","Mango","Unceasing Top","Kunai","Ancient Tea Set","Bag of Preparation","Anchor","Ginger"],"potions_floor_usage":[24,33],"damage_taken":[{"damage":3.0,"enemies":"Jaw Worm","floor":1.0,"turns":5.0},{"damage":20.0,"enemies":"Gremlin Nob","floor":7.0,"turns":4.0},{"damage":0.0,"enemies":"2 Louse","floor":8.0,"turns":2.0},{"damage":0.0,"enemies":"Cultist","floor":10.0,"turns":3.0},{"damage":4.0,"enemies":"Gremlin Gang","floor":11.0,"turns":3.0},{"damage":9.0,"enemies":"Lagavulin","floor":12.0,"turns":7.0},{"damage":0.0,"enemies":"2 Fungi Beasts","floor":13.0,"turns":3.0},{"damage":0.0,"enemies":"Exordium Wildlife","floor":14.0,"turns":4.0},{"damage":44.0,"enemies":"Hexaghost","floor":16.0,"turns":9.0},{"damage":13.0,"enemies":"Spheric Guardian","floor":18.0,"turns":4.0},{"damage":2.0,"enemies":"Shell Parasite","floor":22.0,"turns":2.0},{"damage":25,"enemies":"Gremlin Leader","floor":24,"turns":8},{"damage":12,"enemies":"Book of Stabbing","floor":28,"turns":5},{"damage":16,"enemies":"Slavers","floor":31,"turns":3},{"damage":11,"enemies":"Automaton","floor":33,"turns":6},{"damage":2,"enemies":"3 Shapes","floor":35,"turns":5},{"damage":14,"enemies":"3 Darklings","floor":36,"turns":5},{"damage":0,"enemies":"Mind Bloom Boss Battle","floor":37,"turns":3},{"damage":8,"enemies":"Jaw Worm Horde","floor":39,"turns":3},{"damage":15,"enemies":"Reptomancer","floor":41,"turns":4},{"damage":14,"enemies":"2 Orb Walkers","floor":46,"turns":3},{"damage":0,"enemies":"4 Shapes","floor":48,"turns":1},{"damage":24,"enemies":"Awakened One","floor":50,"turns":6}],"seed_played":"-1828298760323721129","potions_obtained":[{"floor":1.0,"key":"Explosive Potion"},{"floor":11.0,"key":"Fire Potion"},{"floor":13.0,"key":"LiquidBronze"},{"floor":14.0,"key":"AttackPotion"}],"is_trial":false,"path_per_floor":["M","$","?","?","?","R","E","M","T","M","M","E","M","M","R","B",null,"M","?","T","?","M","R","E","R","T","?","E","$","R","E","R","B",null,"M","M","?","T","M","R","E","R","T","?","$","?","R","M","R","B",null],"character_chosen":"IRONCLAD","items_purchased":["Hemokinesis","Shrug It Off","Brimstone","Bag of Preparation","Heavy Blade","Anchor"],"campfire_rested":1,"item_purchase_floors":[2,2,29,45,45,45],"current_hp_per_floor":[83,83,65,65,65,65,51,57,67,73,75,72,78,84,84,46,85,78,78,78,78,82,82,63,63,63,63,57,57,57,47,76,71,91,95,87,93,107,105,105,96,96,96,96,96,88,88,94,94,76],"gold":160,"neow_bonus":"TEN_PERCENT_HP_BONUS","is_prod":false,"is_daily":false,"chose_seed":false,"campfire_upgraded":6,"win_rate":0,"timestamp":1548235536,"path_taken":["M","$","?","?","?","R","E","M","T","?","?","E","M","?","R","BOSS","M","?","?","?","?","R","E","R","T","?","E","$","R","E","R","BOSS","M","M","?","?","M","R","E","R","T","?","$","?","R","M","R","BOSS"],"build_version":"2019-01-17v2","purchased_purges":2,"victory":true,"max_hp_per_floor":[88,88,88,88,88,88,88,88,98,98,98,98,98,98,98,98,98,98,98,98,98,98,98,98,98,98,98,98,98,98,98,98,98,98,98,98,98,112,112,112,112,112,112,112,112,112,112,112,112,112],"card_choices":[{"not_picked":["Searing Blow","Havoc"],"picked":"Cleave","floor":1.0},{"not_picked":["Burning Pact","Sword Boomerang"],"picked":"True Grit","floor":7.0},{"not_picked":["Wild Strike","Entrench"],"picked":"Intimidate","floor":8.0},{"not_picked":["Rupture","Pommel Strike"],"picked":"Iron Wave","floor":10.0},{"not_picked":["Infernal Blade","Heavy Blade"],"picked":"Headbutt","floor":11.0},{"not_picked":["Uppercut","Armaments"],"picked":"Impervious","floor":12.0},{"not_picked":["Thunderclap","Whirlwind"],"picked":"Spot Weakness","floor":13.0},{"not_picked":["Perfected Strike","Rampage"],"picked":"Shrug It Off","floor":14.0},{"not_picked":["Berserk","Demon Form"],"picked":"Limit Break","floor":16.0},{"not_picked":["Warcry+1","Pommel Strike+1"],"picked":"Shrug It Off+1","floor":18.0},{"not_picked":["Pummel","Cleave"],"picked":"Clothesline","floor":22.0},{"not_picked":["Anger","Sentinel+1"],"picked":"Twin Strike","floor":24},{"not_picked":["Bludgeon","Sentinel+1","Armaments+1"],"picked":"SKIP","floor":28},{"not_picked":["Shrug It Off+1","Flame Barrier+1"],"picked":"Whirlwind+1","floor":31},{"not_picked":["Bludgeon","Juggernaut"],"picked":"Double Tap+1","floor":33},{"not_picked":["Dropkick","Twin Strike","Warcry+1"],"picked":"SKIP","floor":35},{"not_picked":["Sentinel+1","Havoc+1","Flex+1"],"picked":"SKIP","floor":36},{"not_picked":["Sentinel+1","Twin Strike+1"],"picked":"Flame Barrier+1","floor":37},{"not_picked":["Clash","Bloodletting+1"],"picked":"Shockwave+1","floor":39},{"not_picked":["Perfected Strike+1","Rupture","Second Wind+1"],"picked":"SKIP","floor":41},{"not_picked":["Cleave","Infernal Blade+1"],"picked":"Sword Boomerang+1","floor":46},{"not_picked":["Twin Strike","Bloodletting+1"],"picked":"True Grit+1","floor":48}],"player_experience":21272,"relics_obtained":[{"floor":7.0,"key":"Whetstone"},{"floor":9.0,"key":"Pear"},{"floor":12.0,"key":"Happy Flower"},{"floor":20.0,"key":"Toxic Egg 2"},{"floor":24,"key":"Omamori"},{"floor":26,"key":"Girya"},{"floor":28,"key":"Potion Belt"},{"floor":31,"key":"MawBank"},{"floor":37,"key":"Shovel"},{"floor":38,"key":"Mango"},{"floor":40,"key":"Unceasing Top"},{"floor":41,"key":"Kunai"},{"floor":43,"key":"Ancient Tea Set"},{"floor":46,"key":"Ginger"}],"event_choices":[{"damage_healed":0.0,"max_hp_gain":0.0,"max_hp_loss":0.0,"gold_gain":0.0,"event_name":"Shining Light","player_choice":"Entered Light","floor":3.0,"gold_loss":0.0,"damage_taken":18.0,"cards_upgraded":["Strike_R","Defend_R"]},{"damage_healed":0.0,"max_hp_gain":0.0,"max_hp_loss":0.0,"gold_gain":0.0,"event_name":"Living Wall","player_choice":"Grow","floor":4.0,"gold_loss":0.0,"damage_taken":0.0,"cards_upgraded":["Hemokinesis"]},{"cards_removed":["Strike_R"],"damage_healed":0.0,"max_hp_gain":0.0,"max_hp_loss":0.0,"gold_gain":0.0,"event_name":"Purifier","player_choice":"Purged","floor":5.0,"gold_loss":0.0,"damage_taken":0.0},{"damage_healed":0.0,"max_hp_gain":0.0,"max_hp_loss":0.0,"gold_gain":0.0,"event_name":"The Mausoleum","player_choice":"Ignored","floor":19.0,"gold_loss":0.0,"damage_taken":0.0},{"cards_removed":["Strike_R"],"damage_healed":0.0,"max_hp_gain":0.0,"max_hp_loss":0.0,"gold_gain":0.0,"event_name":"Purifier","player_choice":"Purged","floor":21.0,"gold_loss":0.0,"damage_taken":0.0},{"cards_removed":["Defend_R"],"damage_healed":0,"gold_gain":0,"player_choice":"Upgrade and Remove","damage_taken":0,"max_hp_gain":0,"max_hp_loss":0,"event_name":"Designer","floor":27,"gold_loss":90,"cards_upgraded":["Shrug It Off"]},{"damage_healed":0,"gold_gain":0,"player_choice":"Fight","damage_taken":0,"max_hp_gain":0,"max_hp_loss":0,"event_name":"MindBloom","floor":37,"gold_loss":0},{"cards_removed":["Defend_R"],"damage_healed":0,"gold_gain":0,"player_choice":"Removed Skill","damage_taken":0,"max_hp_gain":0,"max_hp_loss":0,"event_name":"Falling","floor":44,"gold_loss":0},{"damage_healed":0,"gold_gain":0,"player_choice":"Fight","damage_taken":0,"max_hp_gain":0,"max_hp_loss":0,"event_name":"Mysterious Sphere","floor":46,"gold_loss":0}],"is_beta":false,"boss_relics":[{"not_picked":["Snecko Eye","Black Blood"],"picked":"Sozu"},{"not_picked":["Tiny House","White Beast Statue"],"picked":"Velvet Choker"}],"items_purged_floors":[29,45],"is_endless":false,"potions_floor_spawned":[1,11,13,14,22,28,33,35,41,48],"ascension_level":6}