{"gold_per_floor":[110,123,143,205,218,243,243,243,266,279,20,31,62,78,78,183,183,200,200,2,2,2,29,46,72,72,72,103,32,60,80,80,180,180,200,210,210,229,247,277,277,309,309,340,360,360,370,385,385,385],"floor_reached":50,"playtime":2310,"items_purged":["Strike_R"],"score":1124,"play_id":"5e94aa13-9319-4341-bed1-d830392967f3","local_time":"20190226155617","is_ascension_mode":true,"campfire_choices":[{"data":"Whirlwind","floor":7,"key":"SMITH"},{"data":"Uppercut","floor":15,"key":"SMITH"},{"floor":27,"key":"REST"},{"data":"Armaments","floor":32,"key":"SMITH"},{"floor":49,"key":"RECALL"}],"neow_cost":"NONE","seed_source_timestamp":7126375506917,"circlet_count":0,"master_deck":["Strike_R+1","Defend_R+1","Defend_R+1","Defend_R+1","Defend_R+1","Bash","Heavy Blade+1","Whirlwind+1","Flex","Armaments+1","Uppercut+1","Feed","Demon Form","Feel No Pain","Battle Trance","Thunderclap","Havoc+1","Flame Barrier+1","Warcry+1","Ghostly Armor+1","Feed","Limit Break+1","Headbutt+1","Inflame+1","Shrug It Off+1","Flex+1","Parasite","Battle Trance+1","Pommel Strike+1","Pommel Strike+1","Iron Wave+1","Thinking Ahead+1","Discovery+1","Secret Technique+1","Infernal Blade+1","Infernal Blade+1"],"relics":["Burning Blood","NeowsBlessing","Pen Nib","Strawberry","PreservedInsect","Mummified Hand","Anchor","Philosopher\u0027s Stone","Nilry\u0027s Codex","Art of War","Toxic Egg 2","Regal Pillow","Ginger","Astrolabe","Question Card","Nunchaku","Bottled Tornado","Pear"],"potions_floor_usage":[6,6,13,23,24,25,33,33,36,40,44,45,45,50],"damage_taken":[{"damage":0,"enemies":"2 Louse","floor":1,"turns":1},{"damage":0,"enemies":"Jaw Worm","floor":2,"turns":1},{"damage":0,"enemies":"Cultist","floor":3,"turns":1},{"damage":11,"enemies":"3 Louse","floor":5,"turns":2},{"damage":30,"enemies":"Gremlin Nob","floor":6,"turns":4},{"damage":12,"enemies":"Looter","floor":10,"turns":3},{"damage":5,"enemies":"Large Slime","floor":12,"turns":4},{"damage":0,"enemies":"3 Sentries","floor":13,"turns":2},{"damage":4,"enemies":"Blue Slaver","floor":14,"turns":4},{"damage":61,"enemies":"The Guardian","floor":16,"turns":13},{"damage":20,"enemies":"Chosen","floor":18,"turns":5},{"damage":14,"enemies":"Slavers","floor":23,"turns":4},{"damage":14,"enemies":"2 Thieves","floor":24,"turns":3},{"damage":11,"enemies":"Book of Stabbing","floor":25,"turns":4},{"damage":0,"enemies":"Gremlin Leader","floor":28,"turns":4},{"damage":4,"enemies":"Book of Stabbing","floor":30,"turns":4},{"damage":4,"enemies":"Cultist and Chosen","floor":31,"turns":4},{"damage":11,"enemies":"Collector","floor":33,"turns":7},{"damage":0,"enemies":"3 Shapes","floor":35,"turns":2},{"damage":8,"enemies":"3 Darklings","floor":36,"turns":4},{"damage":0,"enemies":"Sphere and 2 Shapes","floor":38,"turns":2},{"damage":51,"enemies":"Writhing Mass","floor":39,"turns":5},{"damage":0,"enemies":"Reptomancer","floor":40,"turns":2},{"damage":25,"enemies":"Giant Head","floor":42,"turns":6},{"damage":0,"enemies":"Reptomancer","floor":44,"turns":2},{"damage":0,"enemies":"Jaw Worm Horde","floor":45,"turns":3},{"damage":8,"enemies":"Sphere and 2 Shapes","floor":47,"turns":5},{"damage":17,"enemies":"3 Darklings","floor":48,"turns":4},{"damage":64,"enemies":"Time Eater","floor":50,"turns":7}],"seed_played":"500004978017031648","potions_obtained":[{"floor":1,"key":"Explosive Potion"},{"floor":5,"key":"Poison Potion"},{"floor":12,"key":"BloodPotion"},{"floor":16,"key":"GamblersBrew"},{"floor":23,"key":"AttackPotion"},{"floor":24,"key":"SpeedPotion"},{"floor":30,"key":"SkillPotion"},{"floor":31,"key":"Strength Potion"},{"floor":33,"key":"Block Potion"},{"floor":36,"key":"SteroidPotion"},{"floor":40,"key":"Dexterity Potion"},{"floor":42,"key":"Poison Potion"},{"floor":44,"key":"BloodPotion"}],"is_trial":false,"path_per_floor":["M","M","M","?","M","E","R","?","T","M","$","M","E","M","R","B",null,"M","?","$","?","?","E","M","E","T","R","E","$","E","M","R","B",null,"M","M","?","M","M","E","?","E","T","E","M","?","M","M","R","B"],"character_chosen":"IRONCLAD","items_purchased":["Mummified Hand","SteroidPotion","Feel No Pain","Flame Barrier+1"],"campfire_rested":1,"item_purchase_floors":[11,20,20,29],"current_hp_per_floor":[78,80,80,80,75,51,51,58,58,52,52,53,67,69,69,14,69,55,39,39,39,39,31,26,21,21,48,54,54,60,65,65,60,88,94,92,92,97,55,61,61,42,42,58,78,68,72,61,61,0],"gold":385,"neow_bonus":"THREE_ENEMY_KILL","is_prod":false,"is_daily":false,"chose_seed":false,"campfire_upgraded":3,"win_rate":0,"timestamp":1551149777,"path_taken":["M","M","M","?","M","E","R","?","T","?","$","M","E","M","R","BOSS","M","?","$","?","?","E","M","E","T","R","E","$","E","M","R","BOSS","M","M","?","?","M","E","?","E","T","E","M","?","M","M","R","BOSS"],"build_version":"2019-01-23","purchased_purges":1,"victory":false,"max_hp_per_floor":[80,80,80,80,80,80,80,87,87,87,87,87,87,87,87,87,87,87,87,87,87,87,87,90,90,90,90,90,90,94,97,97,97,97,97,97,97,97,100,100,100,100,100,110,113,113,119,119,119,119],"card_choices":[{"not_picked":["Power Through","Combust","Clash"],"picked":"SKIP","floor":1},{"not_picked":["Wild Strike","Anger"],"picked":"Heavy Blade","floor":2},{"not_picked":["Cleave","Fire Breathing"],"picked":"Whirlwind","floor":3},{"not_picked":["Rupture","Sword Boomerang"],"picked":"Flex","floor":5},{"not_picked":["Havoc","Body Slam","Perfected Strike"],"picked":"SKIP","floor":6},{"not_picked":["Twin Strike","Sword Boomerang"],"picked":"Armaments","floor":10},{"not_picked":["Warcry","Twin Strike"],"picked":"Uppercut","floor":12},{"not_picked":["Hemokinesis","Second Wind","Twin Strike"],"picked":"SKIP","floor":13},{"not_picked":["Dual Wield","Perfected Strike"],"picked":"Feed","floor":14},{"not_picked":["Fiend Fire","Barricade"],"picked":"Demon Form","floor":16},{"not_picked":["Entrench","Headbutt","Anger"],"picked":"SKIP","floor":18},{"not_picked":["Perfected Strike","Juggernaut"],"picked":"Battle Trance","floor":23},{"not_picked":["Body Slam","Headbutt"],"picked":"Thunderclap","floor":24},{"not_picked":["Heavy Blade","Clash","Uppercut"],"picked":"SKIP","floor":25},{"not_picked":["True Grit+1","Dropkick"],"picked":"Havoc+1","floor":28},{"not_picked":["Clothesline","Armaments+1"],"picked":"Warcry+1","floor":30},{"not_picked":["Reckless Charge+1","True Grit+1"],"picked":"Ghostly Armor+1","floor":31},{"not_picked":["Dark Embrace","Immolate"],"picked":"Feed","floor":33},{"not_picked":["Pommel Strike","Whirlwind","Ghostly Armor+1"],"picked":"SKIP","floor":35},{"not_picked":["Perfected Strike","Armaments+1"],"picked":"Shrug It Off+1","floor":36},{"not_picked":["Thunderclap","Heavy Blade"],"picked":"Flex+1","floor":38},{"not_picked":["Pummel+1","Body Slam+1"],"picked":"Battle Trance+1","floor":39},{"not_picked":["Thunderclap","Dark Embrace","Pommel Strike"],"picked":"SKIP","floor":40},{"not_picked":["Armaments+1","Body Slam+1","Heavy Blade"],"picked":"Pommel Strike+1","floor":42},{"not_picked":["Dropkick","Body Slam","Cleave+1"],"picked":"Pommel Strike+1","floor":44},{"not_picked":["Headbutt+1","Clash+1","Thunderclap+1"],"picked":"Iron Wave+1","floor":45},{"not_picked":["PanicButton+1","Discovery+1","Mind Blast"],"picked":"Thinking Ahead+1","floor":46},{"not_picked":["Enlightenment+1","Apotheosis+1","Dramatic Entrance"],"picked":"Discovery+1","floor":46},{"not_picked":["Enlightenment+1","Mind Blast","Forethought+1"],"picked":"Secret Technique+1","floor":46},{"not_picked":["Hemokinesis+1","Havoc+1","Pommel Strike"],"picked":"Infernal Blade+1","floor":47},{"not_picked":["Anger","Clash+1","Perfected Strike+1"],"picked":"Infernal Blade+1","floor":48}],"player_experience":416522,"relics_obtained":[{"floor":6,"key":"Pen Nib"},{"floor":8,"key":"Strawberry"},{"floor":9,"key":"PreservedInsect"},{"floor":13,"key":"Anchor"},{"floor":19,"key":"Nilry\u0027s Codex"},{"floor":23,"key":"Art of War"},{"floor":25,"key":"Toxic Egg 2"},{"floor":28,"key":"Regal Pillow"},{"floor":30,"key":"Ginger"},{"floor":40,"key":"Question Card"},{"floor":42,"key":"Nunchaku"},{"floor":43,"key":"Bottled Tornado"},{"floor":44,"key":"Pear"}],"event_choices":[{"damage_healed":0,"gold_gain":62,"player_choice":"Gained Gold","damage_taken":0,"max_hp_gain":0,"max_hp_loss":0,"event_name":"Golden Wing","floor":4,"gold_loss":0},{"damage_healed":0,"gold_gain":0,"player_choice":"Relic","damage_taken":0,"max_hp_gain":0,"max_hp_loss":0,"event_name":"Wheel of Change","floor":8,"gold_loss":0},{"damage_healed":0,"gold_gain":0,"player_choice":"Obtained Book","damage_taken":16,"max_hp_gain":0,"max_hp_loss":0,"event_name":"Cursed Tome","floor":19,"gold_loss":0},{"damage_healed":0,"gold_gain":0,"player_choice":"Simplicity","damage_taken":0,"max_hp_gain":0,"max_hp_loss":0,"event_name":"Back to Basics","floor":21,"gold_loss":0,"cards_upgraded":["Strike_R","Strike_R","Strike_R","Strike_R","Defend_R","Defend_R","Defend_R","Defend_R"]},{"damage_healed":0,"gold_gain":0,"player_choice":"Ignored","damage_taken":0,"max_hp_gain":0,"max_hp_loss":0,"event_name":"Ghosts","floor":22,"gold_loss":0},{"damage_healed":0,"gold_gain":0,"player_choice":"Upgraded","damage_taken":0,"max_hp_gain":0,"max_hp_loss":0,"event_name":"Upgrade Shrine","floor":37,"gold_loss":0,"cards_upgraded":["Heavy Blade"]},{"damage_healed":0,"gold_gain":0,"player_choice":"Ignored","damage_taken":0,"max_hp_gain":0,"max_hp_loss":0,"event_name":"Tomb of Lord Red Mask","floor":41,"gold_loss":0},{"damage_healed":0,"gold_gain":0,"player_choice":"Memory 3","damage_taken":10,"max_hp_gain":0,"max_hp_loss":0,"event_name":"SensoryStone","floor":46,"gold_loss":0}],"is_beta":false,"boss_relics":[{"not_picked":["Mark of Pain","Calling Bell"],"picked":"Philosopher\u0027s Stone"},{"not_picked":["Tiny House","Orrery"],"picked":"Astrolabe"}],"items_purged_floors":[20],"is_endless":false,"potions_floor_spawned":[1,5,12,16,23,24,30,31,33,36,40,42,44],"killed_by":"Time Eater","ascension_level":8}