{"gold_per_floor":[109,109,125,125,137,165,165,182,264,296,296,296,310,326,326,430,480,490,490,415,415,30,30,61,77,100,113,113,113,113,125,125,226,226,246,246,316,326,340,373,373,386,386,406,406,28,45,56,56,56],"floor_reached":50,"playtime":11943,"items_purged":[],"score":629,"play_id":"0f4282a0-59cb-494a-bd16-2e15748079af","local_time":"20190221011608","is_ascension_mode":false,"campfire_choices":[{"data":"All Out Attack","floor":7,"key":"SMITH"},{"data":"Deflect","floor":12,"key":"SMITH"},{"data":"Skewer","floor":15,"key":"SMITH"},{"floor":23,"key":"REST"},{"data":"Glass Knife","floor":30,"key":"SMITH"},{"data":"Adrenaline","floor":32,"key":"SMITH"},{"floor":41,"key":"REST"},{"floor":49,"key":"REST"}],"neow_cost":"NONE","seed_source_timestamp":721872010139175,"circlet_count":0,"master_deck":["Defend_G+1","Defend_G+1","Defend_G+1","Defend_G+1","Defend_G+1","Survivor+1","Neutralize+1","Caltrops","PiercingWail","Deflect+1","All Out Attack+1","Acrobatics","Skewer+1","Glass Knife+1","Quick Slash","Leg Sweep","Adrenaline+1","Leg Sweep","Heel Hook","Catalyst+1","Dash+1","Underhanded Strike+1","Bite","Bite","Bite","Bite","Deflect+1","Envenom","Slice+1","Bane","Crippling Poison+1","Bouncing Flask+1","Backstab+1","Tactician+1","Night Terror","The Bomb","Footwork","Panacea","Quick Slash+1","Backflip+1"],"relics":["Ring of the Snake","FaceOfCleric","StoneCalendar","Paper Crane","Tiny House","Nilry\u0027s Codex","Happy Flower","Sling","Bronze Scales","Ancient Tea Set","Lizard Tail","Shuriken","Smiling Mask","Gremlin Horn"],"potions_floor_usage":[0,6,6,6,6,6,10,13,16,16,24,33,33,38,40,40,47,50],"damage_taken":[{"damage":1,"enemies":"Cultist","floor":1,"turns":4},{"damage":0,"enemies":"2 Louse","floor":3,"turns":5},{"damage":0,"enemies":"Jaw Worm","floor":5,"turns":6},{"damage":10,"enemies":"Lagavulin","floor":6,"turns":9},{"damage":5,"enemies":"Lots of Slimes","floor":8,"turns":3},{"damage":19,"enemies":"3 Sentries","floor":10,"turns":5},{"damage":0,"enemies":"Large Slime","floor":13,"turns":4},{"damage":3,"enemies":"Blue Slaver","floor":14,"turns":4},{"damage":30,"enemies":"Slime Boss","floor":16,"turns":7},{"damage":5,"enemies":"Chosen","floor":18,"turns":7},{"damage":2,"enemies":"Book of Stabbing","floor":24,"turns":6},{"damage":1,"enemies":"Shell Parasite","floor":25,"turns":5},{"damage":10,"enemies":"Cultist and Chosen","floor":27,"turns":7},{"damage":0,"enemies":"Snecko","floor":31,"turns":4},{"damage":24,"enemies":"Champ","floor":33,"turns":11},{"damage":22,"enemies":"3 Darklings","floor":35,"turns":7},{"damage":0,"enemies":"3 Shapes","floor":38,"turns":4},{"damage":13,"enemies":"Sphere and 2 Shapes","floor":39,"turns":5},{"damage":52,"enemies":"Giant Head","floor":40,"turns":10},{"damage":0,"enemies":"Jaw Worm Horde","floor":42,"turns":3},{"damage":9,"enemies":"4 Shapes","floor":44,"turns":7},{"damage":20,"enemies":"Sphere and 2 Shapes","floor":47,"turns":4},{"damage":0,"enemies":"3 Darklings","floor":48,"turns":7},{"damage":172,"enemies":"Donu and Deca","floor":50,"turns":13}],"seed_played":"8972276642992673792","potions_obtained":[{"floor":0,"key":"EntropicBrew"},{"floor":0,"key":"EntropicBrew"},{"floor":0,"key":"Fruit Juice"},{"floor":6,"key":"Strength Potion"},{"floor":8,"key":"Fire Potion"},{"floor":13,"key":"Explosive Potion"},{"floor":16,"key":"Poison Potion"},{"floor":17,"key":"GhostInAJar"},{"floor":25,"key":"Block Potion"},{"floor":27,"key":"Explosive Potion"},{"floor":33,"key":"Ancient Potion"},{"floor":35,"key":"SteroidPotion"},{"floor":38,"key":"Dexterity Potion"},{"floor":48,"key":"Strength Potion"}],"is_trial":false,"path_per_floor":["?","M","?","?","M","?","?","?","$","M","?","?","?","T","M","?","M"],"character_chosen":"THE_SILENT","items_purchased":["Happy Flower","Sling","Heel Hook","The Bomb","Footwork","Panacea","Regen Potion"],"campfire_rested":3,"item_purchase_floors":[22,22,22,46,46,46,46],"current_hp_per_floor":[74,74,75,75,76,67,67,63,63,57,57,57,60,60,60,33,88,84,68,68,51,51,79,80,82,82,75,75,75,75,84,84,69,99,79,79,79,86,78,33,63,66,66,68,68,68,56,65,97,0],"gold":56,"neow_bonus":"THREE_SMALL_POTIONS","is_prod":false,"is_daily":false,"chose_seed":false,"campfire_upgraded":5,"win_rate":0.0,"timestamp":1550686568,"path_taken":["M","?","?","?","M","E","R","M","T","E","?","R","M","?","R","BOSS","M","?","?","?","?","R","E","M","T","?","?","?","R","M","R","BOSS","M","?","?","M","?","E","R","M","T","M","?","$","?","M","R","BOSS"],"build_version":"2019-01-23","purchased_purges":0,"victory":false,"max_hp_per_floor":[75,75,76,76,77,78,78,79,79,80,80,80,81,82,82,83,88,89,89,89,94,94,94,95,96,96,97,97,97,97,98,98,99,99,100,100,100,101,102,103,103,104,104,105,105,105,106,107,107,107],"card_choices":[{"not_picked":["Dodge and Roll","Cloak And Dagger"],"picked":"Caltrops","floor":1},{"not_picked":["Flying Knee","Backflip"],"picked":"PiercingWail","floor":3},{"not_picked":["Bane","PiercingWail"],"picked":"Deflect","floor":5},{"not_picked":["Cloak And Dagger","Deflect"],"picked":"All Out Attack","floor":6},{"not_picked":["Bullet Time","Deflect"],"picked":"Acrobatics","floor":8},{"not_picked":["Backflip","Slice"],"picked":"Skewer","floor":10},{"not_picked":["Blur","Bouncing Flask"],"picked":"Quick Slash","floor":13},{"not_picked":["Dagger Throw","Footwork"],"picked":"Leg Sweep","floor":14},{"not_picked":["Bullet Time","Phantasmal Killer"],"picked":"Adrenaline","floor":16},{"not_picked":["Deflect","Expertise"],"picked":"Leg Sweep","floor":17},{"not_picked":["Outmaneuver","Dodge and Roll"],"picked":"Predator","floor":18},{"not_picked":["Blade Dance","PiercingWail"],"picked":"Catalyst+1","floor":24},{"not_picked":["Blur","Leg Sweep"],"picked":"Dash+1","floor":25},{"not_picked":["Accuracy","Outmaneuver"],"picked":"Underhanded Strike+1","floor":27},{"not_picked":["Poisoned Stab","Underhanded Strike"],"picked":"Deflect+1","floor":31},{"not_picked":["After Image","Night Terror"],"picked":"Envenom","floor":33},{"not_picked":["Eviscerate","Poisoned Stab"],"picked":"Slice+1","floor":35},{"not_picked":["Dagger Spray","Sucker Punch"],"picked":"Bane","floor":38},{"not_picked":["Finisher","Slice+1"],"picked":"Crippling Poison+1","floor":39},{"not_picked":["Poisoned Stab","Dash+1"],"picked":"Bouncing Flask+1","floor":40},{"not_picked":["Deadly Poison+1","Riddle With Holes+1"],"picked":"Backstab+1","floor":42},{"not_picked":["Acrobatics","Heel Hook+1"],"picked":"Tactician+1","floor":44},{"not_picked":["Deflect+1","Bane+1"],"picked":"Quick Slash+1","floor":47},{"not_picked":["Poisoned Stab","Outmaneuver"],"picked":"Backflip+1","floor":48}],"player_experience":167156,"relics_obtained":[{"floor":6,"key":"StoneCalendar"},{"floor":9,"key":"Paper Crane"},{"floor":10,"key":"Blood Vial"},{"floor":19,"key":"Nilry\u0027s Codex"},{"floor":24,"key":"Bronze Scales"},{"floor":26,"key":"Ancient Tea Set"},{"floor":37,"key":"Shuriken"},{"floor":40,"key":"Smiling Mask"},{"floor":43,"key":"Gremlin Horn"}],"event_choices":[{"damage_healed":0,"gold_gain":0,"player_choice":"Trade","damage_taken":0,"relics_obtained":["FaceOfCleric"],"max_hp_gain":0,"max_hp_loss":0,"event_name":"FaceTrader","floor":2,"gold_loss":0},{"damage_healed":0,"gold_gain":0,"player_choice":"Grow","damage_taken":0,"max_hp_gain":0,"max_hp_loss":0,"event_name":"Living Wall","floor":4,"gold_loss":0,"cards_upgraded":["Neutralize"]},{"damage_healed":0,"gold_gain":0,"player_choice":"2 cards matched","damage_taken":0,"max_hp_gain":0,"max_hp_loss":0,"event_name":"Match and Keep!","floor":11,"gold_loss":0,"cards_obtained":["Doubt","Glass Knife"]},{"damage_healed":0,"gold_gain":0,"player_choice":"Obtained Book","damage_taken":16,"max_hp_gain":0,"max_hp_loss":0,"event_name":"Cursed Tome","floor":19,"gold_loss":0},{"cards_removed":["Doubt"],"damage_healed":0,"gold_gain":0,"player_choice":"Gave Gold","damage_taken":0,"max_hp_gain":0,"max_hp_loss":0,"event_name":"Beggar","floor":20,"gold_loss":75},{"damage_healed":0,"gold_gain":0,"player_choice":"Shed Blood","damage_taken":22,"max_hp_gain":5,"max_hp_loss":0,"event_name":"Forgotten Altar","floor":21,"gold_loss":0},{"damage_healed":0,"gold_gain":0,"player_choice":"Became a vampire (Vial)","damage_taken":0,"max_hp_gain":0,"max_hp_loss":0,"event_name":"Vampires","floor":28,"relics_lost":["Blood Vial"],"gold_loss":0,"cards_obtained":["Bite","Bite","Bite","Bite","Bite"]},{"damage_healed":0,"gold_gain":0,"player_choice":"Simplicity","damage_taken":0,"max_hp_gain":0,"max_hp_loss":0,"event_name":"Back to Basics","floor":29,"gold_loss":0,"cards_upgraded":["Defend_G","Defend_G","Defend_G","Defend_G","Defend_G"]},{"cards_removed":["Bite"],"damage_healed":0,"gold_gain":0,"player_choice":"Removed Attack","damage_taken":0,"max_hp_gain":0,"max_hp_loss":0,"event_name":"Falling","floor":36,"gold_loss":0},{"damage_healed":0,"gold_gain":0,"cards_transformed":["Predator"],"player_choice":"Transformed","damage_taken":0,"max_hp_gain":0,"max_hp_loss":0,"event_name":"Transmorgrifier","floor":45,"gold_loss":0,"cards_obtained":["Night Terror"]}],"is_beta":false,"boss_relics":[{"not_picked":["Ectoplasm","Runic Pyramid"],"picked":"Tiny House"},{"not_picked":["Runic Dome","Astrolabe"],"picked":"Lizard Tail"}],"items_purged_floors":[],"is_endless":false,"potions_floor_spawned":[6,8,13,16,25,27,33,35,38,39,48],"killed_by":"Donu and Deca","ascension_level":0}