{"path_per_floor":["M","?","?","M","M","E","M","R","T","E","M","M","E","M","R","B",null,"M","$","M","M","M","R","?","R","T","M","?"],"character_chosen":"IRONCLAD","items_purchased":["Flash of Steel","Dual Wield","Red Skull"],"gold_per_floor":[116,191,191,209,225,258,276,276,345,375,390,403,435,446,446,547,547,564,29,48,59,76,76,1,1,1,21,111,111],"floor_reached":29,"campfire_rested":3,"playtime":2066,"item_purchase_floors":[19,19,19],"current_hp_per_floor":[79,68,68,74,80,62,43,80,80,44,43,42,34,32,71,38,80,78,78,61,33,28,67,67,67,67,46,22,0],"items_purged":["Strike_R"],"gold":111,"score":274,"play_id":"2ac68e39-1bf8-498d-be86-eb29ab277bda","local_time":"20180610155311","is_prod":false,"is_daily":false,"chose_seed":false,"is_ascension_mode":false,"campfire_upgraded":1,"win_rate":0.0,"timestamp":1528660391,"campfire_choices":[{"floor":8,"key":"REST"},{"floor":15,"key":"REST"},{"floor":23,"key":"REST"},{"data":"True Grit","floor":25,"key":"SMITH"}],"path_taken":["M","?","?","M","M","E","M","R","T","E","M","?","E","?","R","BOSS","M","$","M","?","?","R","?","R","T","M","?","M"],"build_version":"2018-06-07v3","seed_source_timestamp":10685280341744,"purchased_purges":1,"victory":false,"master_deck":["Strike_R","Strike_R","Strike_R","Strike_R","Defend_R","Defend_R","Defend_R","Defend_R","Bash","Rage","Fire Breathing","Thunderclap","Warcry","Anger","Carnage","Combust+1","Clash","Clash","Dark Embrace+1","Warcry","Seeing Red","True Grit+1","Headbutt","Clash","Warcry","Flash of Steel","Dual Wield","Reaper","Infernal Blade","Warcry","Dropkick+1"],"max_hp_per_floor":[80,80,80,80,80,80,80,80,80,80,80,80,80,80,80,80,80,80,80,80,80,80,80,80,80,80,80,80,80],"relics":["Burning Blood","Champion Belt","Regal Pillow","Frozen Egg 2","Vajra","Calipers","Orrery","Red Skull","Mummified Hand"],"card_choices":[{"not_picked":["Thunderclap","Intimidate"],"picked":"Rage","floor":1},{"not_picked":["Entrench","Perfected Strike"],"picked":"Fire Breathing","floor":4},{"not_picked":["Anger","Headbutt"],"picked":"Heavy Blade","floor":5},{"not_picked":["Flame Barrier","Clothesline"],"picked":"Thunderclap","floor":6},{"not_picked":["Battle Trance","Flex"],"picked":"Warcry","floor":7},{"not_picked":["Shrug It Off","Cleave"],"picked":"Anger","floor":10},{"not_picked":["Pommel Strike","Shrug It Off"],"picked":"Carnage","floor":11},{"not_picked":["Fiend Fire","True Grit"],"picked":"Combust+1","floor":12},{"not_picked":["Anger","Iron Wave"],"picked":"Clash","floor":13},{"not_picked":["Entrench","Pommel Strike"],"picked":"Clash","floor":14},{"not_picked":["Brutality+1","Feed"],"picked":"Dark Embrace+1","floor":16},{"not_picked":["Impervious","Body Slam"],"picked":"Warcry","floor":17},{"not_picked":["Headbutt","Cleave"],"picked":"Seeing Red","floor":17},{"not_picked":["Clothesline","Headbutt"],"picked":"True Grit","floor":17},{"not_picked":["Armaments","Iron Wave"],"picked":"Headbutt","floor":17},{"not_picked":["Body Slam","Perfected Strike"],"picked":"Clash","floor":17},{"not_picked":["Iron Wave","Sword Boomerang"],"picked":"Warcry","floor":18},{"not_picked":["Heavy Blade","Sever Soul"],"picked":"Reaper","floor":20},{"not_picked":["Sword Boomerang","Iron Wave"],"picked":"Infernal Blade","floor":21},{"not_picked":["Headbutt","Clash"],"picked":"Warcry","floor":22},{"not_picked":["Uppercut+1","Combust+1"],"picked":"Dropkick+1","floor":27}],"player_experience":8631,"potions_floor_usage":[6,11,12,16,18,22,29],"damage_taken":[{"damage":7,"enemies":"Jaw Worm","floor":1,"turns":5},{"damage":0,"enemies":"2 Louse","floor":4,"turns":3},{"damage":0,"enemies":"Small Slimes","floor":5,"turns":3},{"damage":24,"enemies":"3 Sentries","floor":6,"turns":8},{"damage":25,"enemies":"Exordium Thugs","floor":7,"turns":7},{"damage":42,"enemies":"Gremlin Nob","floor":10,"turns":6},{"damage":7,"enemies":"Large Slime","floor":11,"turns":3},{"damage":7,"enemies":"Exordium Wildlife","floor":12,"turns":3},{"damage":14,"enemies":"3 Sentries","floor":13,"turns":4},{"damage":8,"enemies":"Red Slaver","floor":14,"turns":3},{"damage":39,"enemies":"The Guardian","floor":16,"turns":8},{"damage":8,"enemies":"Spheric Guardian","floor":18,"turns":4},{"damage":23,"enemies":"2 Thieves","floor":20,"turns":3},{"damage":34,"enemies":"Sentry and Sphere","floor":21,"turns":4},{"damage":11,"enemies":"Centurion and Healer","floor":22,"turns":3},{"damage":27,"enemies":"Snake Plant","floor":27,"turns":4},{"damage":22,"enemies":"Sentry and Sphere","floor":29,"turns":4}],"relics_obtained":[{"floor":6,"key":"Regal Pillow"},{"floor":9,"key":"Frozen Egg 2"},{"floor":10,"key":"Vajra"},{"floor":13,"key":"Calipers"},{"floor":26,"key":"Mummified Hand"}],"event_choices":[{"event_name":"World of Goop","player_choice":"Gather Gold","floor":2,"damage_taken":0},{"event_name":"Wheel of Change","player_choice":"Relic","floor":3,"damage_taken":0},{"event_name":"Beggar","player_choice":"Gave Gold","floor":24,"damage_taken":0},{"event_name":"Knowing Skull","player_choice":"POTION GOLD ","floor":28,"damage_taken":0}],"boss_relics":[{"not_picked":["Mark of Pain","Tiny House"],"picked":"Orrery"}],"items_purged_floors":[19],"potions_floor_spawned":[1,4,5,13,14,16,21],"seed_played":"-3664522190908516610","killed_by":"Sentry and Sphere","ascension_level":0,"potions_obtained":[{"floor":1,"key":"Explosive Potion"},{"floor":4,"key":"Swift Potion"},{"floor":5,"key":"Strength Potion"},{"floor":13,"key":"SpeedPotion"},{"floor":14,"key":"Block Potion"},{"floor":16,"key":"Block Potion"},{"floor":21,"key":"Swift Potion"}],"is_trial":false}