{"gold_per_floor":[217,229,246,260,271,271,298,298,349,81,98,98,98,128,128,128],"floor_reached":16,"playtime":817,"items_purged":[],"score":224,"play_id":"debb6ef0-9424-4a9e-baa6-284a1b0ef20e","local_time":"20190221013338","is_ascension_mode":true,"campfire_choices":[{"data":"Bash","floor":6,"key":"SMITH"},{"data":"True Grit","floor":8,"key":"SMITH"},{"floor":13,"key":"REST"},{"data":"Pommel Strike","floor":15,"key":"SMITH"}],"neow_cost":"NONE","seed_source_timestamp":43553874800564,"circlet_count":0,"master_deck":["AscendersBane","Strike_R","Strike_R","Strike_R","Strike_R","Defend_R","Defend_R","Defend_R","Defend_R","Bash+1","Iron Wave","Battle Trance","Cleave","Metallicize","Cleave","True Grit+1","Pommel Strike+1"],"relics":["Burning Blood","Centennial Puzzle","Omamori","Regal Pillow","Sundial"],"potions_floor_usage":[5,7,7,14,16,16],"damage_taken":[{"damage":2,"enemies":"Cultist","floor":1,"turns":4},{"damage":6,"enemies":"Jaw Worm","floor":2,"turns":6},{"damage":7,"enemies":"Small Slimes","floor":3,"turns":4},{"damage":23,"enemies":"Red Slaver","floor":4,"turns":5},{"damage":17,"enemies":"Exordium Thugs","floor":5,"turns":5},{"damage":26,"enemies":"Lagavulin","floor":7,"turns":10},{"damage":2,"enemies":"2 Fungi Beasts","floor":11,"turns":3},{"damage":15,"enemies":"3 Sentries","floor":14,"turns":5},{"damage":48,"enemies":"Slime Boss","floor":16,"turns":8}],"seed_played":"-5982764982891498509","potions_obtained":[{"floor":2,"key":"Fire Potion"},{"floor":3,"key":"Weak Potion"},{"floor":5,"key":"SkillPotion"},{"floor":11,"key":"AttackPotion"},{"floor":14,"key":"FearPotion"}],"is_trial":false,"path_per_floor":["M","M","M","M","M","R","E","R","T","$","M","?","R","E","R","B"],"character_chosen":"IRONCLAD","items_purchased":["Regal Pillow","Fire Potion","Explosive Potion"],"campfire_rested":1,"item_purchase_floors":[10,10,10],"current_hp_per_floor":[72,72,71,54,43,43,23,23,23,23,27,20,57,48,48,0],"gold":128,"neow_bonus":"HUNDRED_GOLD","is_prod":false,"is_daily":false,"chose_seed":false,"campfire_upgraded":3,"win_rate":0,"timestamp":1550666018,"path_taken":["M","M","M","?","M","R","E","R","T","$","M","?","R","E","R","BOSS"],"build_version":"2019-01-23","purchased_purges":0,"victory":false,"max_hp_per_floor":[75,75,75,75,75,75,75,75,75,75,75,75,75,75,75,75],"card_choices":[{"not_picked":["Sword Boomerang","Spot Weakness"],"picked":"Iron Wave","floor":1},{"not_picked":["Body Slam","Flex"],"picked":"Battle Trance","floor":2},{"not_picked":["Perfected Strike","Havoc"],"picked":"Cleave","floor":3},{"not_picked":["Warcry","Body Slam"],"picked":"Metallicize","floor":4},{"not_picked":["Corruption","Entrench"],"picked":"Cleave","floor":5},{"not_picked":["Cleave","Bloodletting"],"picked":"True Grit","floor":7},{"not_picked":["Bloodletting","Thunderclap"],"picked":"Pommel Strike","floor":11},{"not_picked":["Sword Boomerang","Corruption","Clash"],"picked":"SKIP","floor":14}],"player_experience":379242,"relics_obtained":[{"floor":7,"key":"Centennial Puzzle"},{"floor":9,"key":"Omamori"},{"floor":14,"key":"Sundial"}],"event_choices":[{"cards_removed":["Strike_R"],"damage_healed":0,"gold_gain":0,"player_choice":"Card Removal","damage_taken":7,"max_hp_gain":0,"max_hp_loss":0,"event_name":"Golden Wing","floor":12,"gold_loss":0}],"is_beta":false,"boss_relics":[],"items_purged_floors":[],"is_endless":false,"potions_floor_spawned":[2,3,5,11,14],"killed_by":"Slime Boss","ascension_level":20}