{"gold_per_floor":[114,129,144,319,319,319,319,319,319,334,349,379,74,89,89,189,189,204,4,4,4,19,19,34,49,49,64,79,94,124,139,139,239,239,254,269,284,299,299,329,29,44,44,69,81,93,120,147,159,171],"floor_reached":51,"playtime":2440,"items_purged":["Doubt","Decay"],"score":857,"play_id":"d798c191-e96f-4d5b-a406-b5978e0e4e8e","local_time":"20190226002335","daily_mods":["Shiny","Uncertain Future","Night Terrors"],"is_ascension_mode":false,"campfire_choices":[{"data":"Seek","floor":6,"key":"SMITH"},{"data":"Rainbow","floor":8,"key":"SMITH"},{"data":"Fission","floor":15,"key":"SMITH"},{"data":"Buffer","floor":23,"key":"SMITH"},{"floor":32,"key":"REST"},{"data":"Loop","floor":46,"key":"SMITH"},{"data":"Amplify","floor":49,"key":"SMITH"}],"neow_cost":"","seed_source_timestamp":23206907263852,"circlet_count":0,"master_deck":["Multi-Cast","Hyperbeam","Thunder Strike","Biased Cognition","Electrodynamics","Buffer+1","Rainbow+1","Seek+1","Echo Form","All For One","Reboot+1","Amplify+1","Creative AI","Fission+1","Core Surge","Leap","Force Field","Rebound","White Noise+1","Capacitor","Coolheaded","Loop+1","Hologram","Prepared","Pommel Strike+1","Go for the Eyes+1","Calculated Gamble"],"special_seed":17952,"relics":["Cracked Core","Sundial","Symbiotic Virus","Art of War","Velvet Choker","PrismaticShard","Molten Egg 2","War Paint","Nuclear Battery","Ancient Tea Set","Lee\u0027s Waffle","Potion Belt","MawBank"],"potions_floor_usage":[12,16,27,31,33,40,50,50,50],"damage_taken":[{"damage":0,"enemies":"2 Louse","floor":1,"turns":1},{"damage":11,"enemies":"Jaw Worm","floor":2,"turns":2},{"damage":0,"enemies":"Cultist","floor":3,"turns":2},{"damage":0,"enemies":"2 Fungi Beasts","floor":10,"turns":2},{"damage":0,"enemies":"Lots of Slimes","floor":11,"turns":1},{"damage":0,"enemies":"Gremlin Nob","floor":12,"turns":5},{"damage":1,"enemies":"Blue Slaver","floor":14,"turns":2},{"damage":29,"enemies":"Hexaghost","floor":16,"turns":7},{"damage":0,"enemies":"Chosen","floor":18,"turns":4},{"damage":0,"enemies":"3 Byrds","floor":22,"turns":1},{"damage":33,"enemies":"3 Cultists","floor":24,"turns":5},{"damage":3,"enemies":"Cultist and Chosen","floor":25,"turns":3},{"damage":0,"enemies":"Snecko","floor":27,"turns":4},{"damage":20,"enemies":"Centurion and Healer","floor":28,"turns":4},{"damage":15,"enemies":"Chosen and Byrds","floor":29,"turns":3},{"damage":12,"enemies":"Gremlin Leader","floor":30,"turns":4},{"damage":11,"enemies":"Snake Plant","floor":31,"turns":2},{"damage":21,"enemies":"Champ","floor":33,"turns":8},{"damage":3,"enemies":"3 Shapes","floor":35,"turns":4},{"damage":6,"enemies":"3 Darklings","floor":36,"turns":4},{"damage":41,"enemies":"4 Shapes","floor":37,"turns":3},{"damage":17,"enemies":"Sphere and 2 Shapes","floor":38,"turns":3},{"damage":8,"enemies":"Giant Head","floor":40,"turns":9},{"damage":0,"enemies":"Maw","floor":42,"turns":7},{"damage":6,"enemies":"Transient","floor":47,"turns":5},{"damage":19,"enemies":"3 Darklings","floor":48,"turns":3},{"damage":4,"enemies":"Time Eater","floor":50,"turns":13}],"seed_played":"-6516255005524469742","potions_obtained":[{"floor":3,"key":"Swift Potion"},{"floor":11,"key":"FearPotion"},{"floor":12,"key":"SteroidPotion"},{"floor":25,"key":"Regen Potion"},{"floor":27,"key":"Dexterity Potion"},{"floor":28,"key":"Swift Potion"},{"floor":31,"key":"LiquidBronze"},{"floor":33,"key":"Poison Potion"},{"floor":35,"key":"Ancient Potion"},{"floor":37,"key":"GamblersBrew"},{"floor":40,"key":"SkillPotion"},{"floor":48,"key":"Regen Potion"}],"is_trial":false,"path_per_floor":["M","M","M","?","?","R","?","R","T","M","M","E","$","M","R","B",null,"M","$","$","?","M","R","M","M","T","M","M","M","E","M","R","B",null,"M","M","M","M","?","E","$","M","T","T","?","R","M","M","R","B",null],"character_chosen":"DEFECT","items_purchased":["Loop","FocusPotion","FocusPotion","PrismaticShard","Lee\u0027s Waffle"],"campfire_rested":1,"item_purchase_floors":[13,13,13,19,41],"current_hp_per_floor":[75,64,64,64,46,46,85,85,85,85,85,85,85,84,84,55,85,85,85,85,85,85,85,52,49,49,61,41,26,14,3,80,59,80,77,71,30,13,13,5,87,87,87,87,83,83,77,58,58,69],"gold":183,"neow_bonus":"","is_prod":false,"is_daily":true,"chose_seed":false,"campfire_upgraded":6,"win_rate":0,"timestamp":1551093815,"path_taken":["M","M","M","?","?","R","?","R","T","M","M","E","$","M","R","BOSS","M","?","$","?","M","R","?","M","T","M","M","M","E","M","R","BOSS","M","M","M","M","?","E","$","M","T","?","?","R","M","M","R","BOSS"],"build_version":"2019-01-23","purchased_purges":2,"victory":true,"max_hp_per_floor":[75,75,75,75,75,75,85,85,85,85,85,85,85,85,85,85,85,85,85,85,85,85,85,85,85,85,85,85,85,85,85,80,80,80,80,80,80,80,80,80,87,87,87,87,83,83,83,83,83,83],"card_choices":[{"not_picked":["Stack","Tempest"],"picked":"Leap","floor":1},{"not_picked":["Streamline","Turbo"],"picked":"Force Field","floor":2},{"not_picked":["Redo","Go for the Eyes"],"picked":"Rebound","floor":3},{"not_picked":["Conserve Battery","Rebound"],"picked":"White Noise","floor":10},{"not_picked":["Sweeping Beam","Compile Driver"],"picked":"Capacitor","floor":11},{"not_picked":["Barrage","Core Surge"],"picked":"Coolheaded","floor":12},{"not_picked":["Force Field","Melter","Capacitor"],"picked":"SKIP","floor":14},{"not_picked":["Beam Cell","Gash","Leap"],"picked":"SKIP","floor":18},{"not_picked":["Go for the Eyes","Deadly Poison+1","Riddle With Holes"],"picked":"SKIP","floor":22},{"not_picked":["Self Repair","Combust","Go for the Eyes"],"picked":"SKIP","floor":24},{"not_picked":["Beam Cell","Underhanded Strike"],"picked":"Hologram","floor":25},{"not_picked":["Leap","Hologram"],"picked":"Prepared","floor":27},{"not_picked":["Poisoned Stab+1","Beam Cell+1"],"picked":"Pommel Strike+1","floor":28},{"not_picked":["Leap","Quick Slash+1"],"picked":"Go for the Eyes+1","floor":29},{"not_picked":["Spot Weakness","Corpse Explosion"],"picked":"Calculated Gamble","floor":30},{"not_picked":["Blade Dance","Cold Snap+1","Predator+1"],"picked":"SKIP","floor":31},{"not_picked":["Beam Cell+1","Thunderclap+1","Deflect"],"picked":"SKIP","floor":35},{"not_picked":["Go for the Eyes+1","Predator+1","Streamline+1"],"picked":"SKIP","floor":36},{"not_picked":["Rebound+1","Twin Strike+1","Coolheaded"],"picked":"SKIP","floor":37},{"not_picked":["Second Wind","Dagger Spray+1","Perfected Strike+1"],"picked":"SKIP","floor":38},{"not_picked":["Quick Slash+1","Chill+1","Prepared"],"picked":"SKIP","floor":40},{"not_picked":["Dagger Throw+1","Die Die Die+1","Reflex"],"picked":"SKIP","floor":42},{"not_picked":["Chill","Conserve Battery","Shrug It Off"],"picked":"SKIP","floor":47},{"not_picked":["Conserve Battery","Sucker Punch+1","Dagger Spray+1"],"picked":"SKIP","floor":48}],"player_experience":413535,"relics_obtained":[{"floor":9,"key":"Symbiotic Virus"},{"floor":12,"key":"Art of War"},{"floor":26,"key":"Molten Egg 2"},{"floor":30,"key":"War Paint"},{"floor":40,"key":"Ancient Tea Set"},{"floor":43,"key":"Potion Belt"},{"floor":44,"key":"MawBank"}],"event_choices":[{"damage_healed":0,"gold_gain":175,"player_choice":"AGREE","damage_taken":0,"max_hp_gain":0,"max_hp_loss":0,"event_name":"Liars Game","floor":4,"gold_loss":0,"cards_obtained":["Doubt"]},{"damage_healed":0,"gold_gain":0,"player_choice":"Success","damage_taken":18,"relics_obtained":["Sundial"],"max_hp_gain":0,"max_hp_loss":0,"event_name":"Scrap Ooze","floor":5,"gold_loss":0},{"cards_removed":["Meteor Strike"],"damage_healed":29,"gold_gain":0,"player_choice":"Offered Rare","damage_taken":0,"max_hp_gain":10,"max_hp_loss":0,"event_name":"Bonfire Elementals","floor":7,"gold_loss":0},{"damage_healed":0,"gold_gain":0,"player_choice":"Cursed","damage_taken":0,"max_hp_gain":0,"max_hp_loss":0,"event_name":"Wheel of Change","floor":21,"gold_loss":0,"cards_obtained":["Decay"]},{"cards_removed":["Machine Learning"],"damage_healed":0,"gold_gain":0,"player_choice":"Removed Power","damage_taken":0,"max_hp_gain":0,"max_hp_loss":0,"event_name":"Falling","floor":39,"gold_loss":0},{"damage_healed":0,"gold_gain":0,"player_choice":"Max HP","damage_taken":0,"max_hp_gain":0,"max_hp_loss":4,"event_name":"Winding Halls","floor":45,"gold_loss":0}],"is_beta":false,"boss_relics":[{"not_picked":["Runic Pyramid","Orrery"],"picked":"Velvet Choker"},{"not_picked":["FrozenCore","Lizard Tail"],"picked":"Nuclear Battery"}],"items_purged_floors":[13,41],"is_endless":false,"potions_floor_spawned":[3,11,12,25,27,28,31,33,35,37,40,48],"ascension_level":0}