{"path_per_floor":["M","?","?","M","M","R","E","M","T","$","M","M","R","?","R","B",null,"M","M","M","M","M","R","$","?","T","M","R","?","M","E","R","B",null,"M","?","M","M","?","R","E","M","T","R","M","M","?","$","R","B"],"character_chosen":"DEFECT","items_purchased":["Core Surge","Steam Power","Beam Cell+1","Go for the Eyes+1","Anchor","Bottled Tornado","Oddly Smooth Stone"],"gold_per_floor":[114,189,189,204,219,219,249,264,264,72,87,102,102,102,102,202,202,217,232,247,262,277,277,75,75,75,90,90,5,20,50,50,150,150,165,165,180,195,195,195,225,240,315,315,330,345,345,25,25,25],"floor_reached":51,"campfire_rested":0,"playtime":2208,"item_purchase_floors":[10,10,24,24,24,48,48],"current_hp_per_floor":[75,64,70,69,61,61,57,57,57,57,56,52,52,49,49,62,99,78,76,73,55,52,52,52,52,58,69,69,69,74,74,74,46,111,100,106,100,100,100,100,51,54,60,60,48,38,75,75,75,84],"items_purged":[],"gold":25,"score":1028,"play_id":"c508c5d3-ce84-48cc-b5c4-9b987be06fdd","local_time":"20180604084439","daily_mods":["Brewmaster","Cursed Run","Uncertain Future"],"is_prod":false,"is_daily":true,"chose_seed":false,"is_ascension_mode":false,"campfire_upgraded":9,"win_rate":0,"timestamp":1528058679,"campfire_choices":[{"data":"Zap","floor":6,"key":"SMITH"},{"data":"Buffer","floor":13,"key":"SMITH"},{"data":"Glacier","floor":15,"key":"SMITH"},{"data":"Sweeping Beam","floor":23,"key":"SMITH"},{"data":"Ball Lightning","floor":28,"key":"SMITH"},{"data":"Coolheaded","floor":32,"key":"SMITH"},{"data":"Glacier","floor":40,"key":"SMITH"},{"data":"Dualcast","floor":44,"key":"SMITH"},{"data":"Biased Cognition","floor":49,"key":"SMITH"}],"path_taken":["M","?","?","M","M","R","E","M","T","$","M","M","R","?","R","BOSS","M","M","M","M","M","R","$","?","T","?","R","?","M","E","R","BOSS","M","?","M","M","?","R","E","M","T","R","M","M","?","$","R","BOSS"],"build_version":"2018-05-31","seed_source_timestamp":0,"purchased_purges":0,"victory":true,"master_deck":["Strike_B","Strike_B","Strike_B","Strike_B","Defend_B","Defend_B","Defend_B","Defend_B","Zap+1","Dualcast+1","Venomology","Venomology","Venomology","Venomology","Venomology","Ball Lightning+1","Regret","Compile Driver","Cold Snap","Buffer+1","Sweeping Beam+1","Core Surge","Steam Power","FTL","Glacier+1","Echo Form","Pain","Pain","Normality","Compile Driver+1","Doom and Gloom+1","Sweeping Beam+1","White Noise+1","Beam Cell+1","Go for the Eyes+1","Normality","Beam Cell+1","Defragment+1","Coolheaded+1","Injury","Biased Cognition+1","Glacier+1","Decay","Compile Driver+1","Sweeping Beam+1","Echo Form","Steam Power","Rebound+1","Pain","Rip and Tear+1","Cold Snap+1","Writhe","Parasite"],"max_hp_per_floor":[75,75,81,81,81,81,81,81,81,81,81,81,81,81,81,81,99,99,99,99,99,99,99,99,99,105,105,105,105,105,105,105,111,111,111,117,117,117,117,117,117,117,123,123,123,123,129,129,129,135],"relics":["Cursed Key","Darkstone Periapt","Du-Vu Doll","White Beast Statue","Omamori","Happy Flower","The Courier","Bronze Scales","Calling Bell","Ancient Tea Set","Molten Egg 2","Thread and Needle","Anchor","Toolbox","Mummified Hand","Juzu Bracelet","Black Star","Centennial Puzzle","Meat on the Bone","Symbiotic Virus","Bottled Tornado","Oddly Smooth Stone"],"card_choices":[{"not_picked":["Redo","Beam Cell"],"picked":"Ball Lightning","floor":1},{"not_picked":["Cold Snap","Conserve Battery"],"picked":"Compile Driver","floor":4},{"not_picked":["Aggregate","Rebound"],"picked":"Cold Snap","floor":5},{"not_picked":["Streamline","Hologram"],"picked":"Buffer","floor":7},{"not_picked":["Chaos","Fusion"],"picked":"Sweeping Beam","floor":8},{"not_picked":["Genetic Algorithm","Lockon"],"picked":"FTL","floor":11},{"not_picked":["Turbo","Beam Cell"],"picked":"Glacier","floor":12},{"not_picked":["Multi-Cast","Machine Learning"],"picked":"Echo Form","floor":16},{"not_picked":["Chill","Hello World"],"picked":"Compile Driver+1","floor":18},{"not_picked":["Loop","Fusion+1"],"picked":"Doom and Gloom+1","floor":19},{"not_picked":["Darkness","Stack"],"picked":"Sweeping Beam+1","floor":20},{"not_picked":["Ball Lightning+1","Rebound+1"],"picked":"White Noise+1","floor":21},{"not_picked":["Barrage+1","Double Energy","Undo"],"picked":"SKIP","floor":22},{"not_picked":["Darkness","Hologram"],"picked":"Beam Cell+1","floor":27},{"not_picked":["Hologram","Rainbow"],"picked":"Defragment+1","floor":30},{"not_picked":["Turbo","Stack"],"picked":"Coolheaded","floor":31},{"not_picked":["Reboot","Creative AI"],"picked":"Biased Cognition","floor":33},{"not_picked":["Fusion","Turbo+1"],"picked":"Glacier","floor":35},{"not_picked":["Leap+1","Chaos"],"picked":"Compile Driver+1","floor":37},{"not_picked":["Darkness+1","Thunder Strike+1"],"picked":"Sweeping Beam+1","floor":38},{"not_picked":["Streamline+1","Go for the Eyes+1"],"picked":"Steam Power","floor":41},{"not_picked":["Go for the Eyes+1","Leap+1"],"picked":"Rebound+1","floor":42},{"not_picked":["Sweeping Beam+1","Reprogram+1"],"picked":"Rip and Tear+1","floor":45},{"not_picked":["Capacitor+1","Rip and Tear+1"],"picked":"Cold Snap+1","floor":46}],"player_experience":242846,"potions_floor_usage":[1,1,4,4,4,5,5,5,5,5,7,7,7,7,7,8,11,11,11,12,12,12,12,16,16,16,16,16,16,16,16,18,20,20,21,21,21,22,22,22,27,27,27,27,30,30,30,31,31,31,31,31,33,33,33,33,33,35,35,35,37,37,38,38,38,41,41,41,41,41,41,42,42,42,42,45,45,45,46,46,50,50,50,50,50,50,50,50],"damage_taken":[{"damage":0,"enemies":"Small Slimes","floor":1,"turns":3},{"damage":1,"enemies":"2 Louse","floor":4,"turns":2},{"damage":8,"enemies":"Jaw Worm","floor":5,"turns":3},{"damage":4,"enemies":"3 Sentries","floor":7,"turns":5},{"damage":0,"enemies":"3 Louse","floor":8,"turns":1},{"damage":1,"enemies":"Looter","floor":11,"turns":3},{"damage":4,"enemies":"Large Slime","floor":12,"turns":3},{"damage":2,"enemies":"The Guardian","floor":16,"turns":10},{"damage":21,"enemies":"2 Thieves","floor":18,"turns":2},{"damage":2,"enemies":"Spheric Guardian","floor":19,"turns":4},{"damage":3,"enemies":"Snake Plant","floor":20,"turns":2},{"damage":18,"enemies":"Centurion and Healer","floor":21,"turns":5},{"damage":3,"enemies":"Slaver and Parasite","floor":22,"turns":4},{"damage":1,"enemies":"Snake Plant","floor":27,"turns":4},{"damage":0,"enemies":"Cultist and Chosen","floor":30,"turns":3},{"damage":7,"enemies":"Book of Stabbing","floor":31,"turns":4},{"damage":34,"enemies":"Collector","floor":33,"turns":7},{"damage":11,"enemies":"3 Shapes","floor":35,"turns":5},{"damage":6,"enemies":"Orb Walker","floor":37,"turns":2},{"damage":0,"enemies":"3 Darklings","floor":38,"turns":4},{"damage":49,"enemies":"Nemesis","floor":41,"turns":7},{"damage":16,"enemies":"4 Shapes","floor":42,"turns":7},{"damage":24,"enemies":"Sphere and 2 Shapes","floor":45,"turns":4},{"damage":22,"enemies":"Maw","floor":46,"turns":4},{"damage":11,"enemies":"Time Eater","floor":50,"turns":9}],"relics_obtained":[{"floor":7,"key":"Happy Flower"},{"floor":9,"key":"The Courier"},{"floor":17,"key":"Ancient Tea Set"},{"floor":17,"key":"Molten Egg 2"},{"floor":17,"key":"Thread and Needle"},{"floor":26,"key":"Toolbox"},{"floor":31,"key":"Juzu Bracelet"},{"floor":41,"key":"Centennial Puzzle"},{"floor":41,"key":"Meat on the Bone"},{"floor":43,"key":"Symbiotic Virus"}],"event_choices":[{"event_name":"World of Goop","player_choice":"Gather Gold","floor":2,"damage_taken":0},{"event_name":"Big Fish","player_choice":"Box","floor":3,"damage_taken":0},{"event_name":"Scrap Ooze","player_choice":"success","floor":14,"damage_taken":3},{"event_name":"Ghosts","player_choice":"Ignored","floor":25,"damage_taken":0},{"event_name":"Addict","player_choice":"Obtained Relic","floor":29,"damage_taken":0},{"event_name":"Wheel of Change","player_choice":"Curse","floor":36,"damage_taken":0},{"event_name":"Duplicator","player_choice":"One dupe","floor":39,"damage_taken":0},{"event_name":"Winding Halls","player_choice":"Writhe","floor":47,"damage_taken":0}],"boss_relics":[{"not_picked":["Lizard Tail","Eternal Feather"],"picked":"Calling Bell"},{"not_picked":["Velvet Choker","Inserter"],"picked":"Black Star"}],"items_purged_floors":[],"potions_floor_spawned":[1,4,5,7,8,11,12,16,18,19,20,21,22,27,30,31,33,35,37,38,41,42,45,46],"seed_played":"8893598992173634706","ascension_level":0,"potions_obtained":[{"floor":4,"key":"AttackPotion"},{"floor":5,"key":"AttackPotion"},{"floor":7,"key":"LiquidBronze"},{"floor":8,"key":"GamblersBrew"},{"floor":11,"key":"Block Potion"},{"floor":12,"key":"Regen Potion"},{"floor":16,"key":"LiquidBronze"},{"floor":18,"key":"Explosive Potion"},{"floor":19,"key":"FearPotion"},{"floor":20,"key":"Fire Potion"},{"floor":22,"key":"Regen Potion"},{"floor":27,"key":"Regen Potion"},{"floor":30,"key":"LiquidBronze"},{"floor":31,"key":"EssenceOfSteel"},{"floor":33,"key":"Swift Potion"},{"floor":35,"key":"Explosive Potion"},{"floor":37,"key":"PowerPotion"},{"floor":38,"key":"GamblersBrew"},{"floor":41,"key":"Ancient Potion"},{"floor":42,"key":"EssenceOfSteel"},{"floor":45,"key":"Strength Potion"},{"floor":46,"key":"Weak Potion"}],"is_trial":false}