{"gold_per_floor":[110,130,130,151,172,172,205,205,205,548,564,564,587,611,611,730,730,751,751,751,31,51,51,86,98,137,149,69,103,123,142,142,142],"floor_reached":33,"playtime":3019,"items_purged":["Strike_G"],"score":338,"play_id":"74ed63ab-2ff1-4ef3-81a5-4b60dda8885e","local_time":"20180924012048","is_ascension_mode":true,"campfire_choices":[{"data":"Prepared","floor":6,"key":"SMITH"},{"data":"Quick Slash","floor":8,"key":"SMITH"},{"data":"Underhanded Strike","floor":12,"key":"SMITH"},{"data":"Expertise","floor":15,"key":"SMITH"},{"data":"Panacea","floor":23,"key":"SMITH"},{"data":"Blade Dance","floor":25,"key":"SMITH"},{"data":"Neutralize","floor":27,"key":"SMITH"},{"floor":32,"key":"REST"}],"neow_cost":"NONE","seed_source_timestamp":0,"circlet_count":0,"master_deck":["Defend_G","Defend_G","Defend_G","Defend_G+1","Defend_G","Strike_G","Strike_G","Strike_G","Strike_G","Survivor","Neutralize+1","Die Die Die","Prepared+1","Endless Agony","Noxious Fumes","Backstab","Quick Slash+1","Acrobatics","Underhanded Strike+1","Expertise+1","After Image+1","Flying Knee+1","J.A.X.+1","J.A.X.","Panacea+1","Blade Dance+1","Footwork+1","Finesse","Slice+1","Endless Agony"],"special_seed":0,"relics":["Ring of the Serpent","Golden Idol","Orichalcum","Frozen Egg 2","Old Coin","DollysMirror","Sundial","MawBank","Ancient Tea Set","War Paint"],"potions_floor_usage":[7,7,16,24,24,29,29,29,29,31,31,31,33],"damage_taken":[{"damage":0.0,"enemies":"Small Slimes","floor":1.0,"turns":2.0},{"damage":0.0,"enemies":"2 Louse","floor":2.0,"turns":4.0},{"damage":1.0,"enemies":"Jaw Worm","floor":4.0,"turns":3.0},{"damage":5.0,"enemies":"Exordium Thugs","floor":5.0,"turns":7.0},{"damage":18,"enemies":"Gremlin Nob","floor":7,"turns":4},{"damage":12,"enemies":"3 Sentries","floor":10,"turns":6},{"damage":0,"enemies":"Gremlin Gang","floor":11,"turns":2},{"damage":0,"enemies":"2 Fungi Beasts","floor":13,"turns":2},{"damage":0,"enemies":"Large Slime","floor":14,"turns":6},{"damage":18,"enemies":"Slime Boss","floor":16,"turns":8},{"damage":7,"enemies":"Shell Parasite","floor":18,"turns":5},{"damage":3,"enemies":"Chosen","floor":22,"turns":5},{"damage":15,"enemies":"Gremlin Leader","floor":24,"turns":6},{"damage":6,"enemies":"Slavers","floor":29,"turns":5},{"damage":20,"enemies":"Sentry and Sphere","floor":30,"turns":5},{"damage":6,"enemies":"Snake Plant","floor":31,"turns":4},{"damage":33,"enemies":"Collector","floor":33,"turns":7}],"seed_played":"3351018625817212817","potions_obtained":[{"floor":1.0,"key":"Poison Potion"},{"floor":5,"key":"GamblersBrew"},{"floor":10,"key":"PowerPotion"},{"floor":13,"key":"Poison Potion"},{"floor":14,"key":"Block Potion"},{"floor":19,"key":"EntropicBrew"},{"floor":24,"key":"EssenceOfSteel"},{"floor":29,"key":"Swift Potion"},{"floor":30,"key":"FearPotion"}],"is_trial":false,"path_per_floor":["M","M","?","M","M","R","E","R","T","E","M","R","M","M","R","B",null,"M","?","?","$","M","R","E","R","T","R","$","E","M","M","R"],"character_chosen":"THE_SILENT","items_purchased":["DollysMirror","Panacea","Blade Dance","Footwork+1","Sundial","Finesse"],"campfire_rested":1,"item_purchase_floors":[21,21,21,21,21,28],"current_hp_per_floor":[70,70,65,64,59,59,41,41,41,29,29,29,29,29,29,11,65,58,58,58,58,55,55,40,40,40,40,40,34,14,8,27,0],"gold":142,"neow_bonus":"ONE_RANDOM_RARE_CARD","is_prod":false,"is_daily":false,"chose_seed":false,"campfire_upgraded":7,"win_rate":0,"timestamp":1537766448,"path_taken":["M","M","?","M","M","R","E","R","T","E","M","R","M","M","R","BOSS","M","?","?","$","?","R","E","R","T","R","$","E","M","M","R","BOSS"],"build_version":"2018-09-20","purchased_purges":1,"victory":false,"max_hp_per_floor":[70,70,65,65,65,65,65,65,65,65,65,65,65,65,65,65,65,65,65,65,65,65,65,65,65,65,65,65,65,65,65,65,65],"card_choices":[{"not_picked":["Eviscerate","Dagger Throw"],"picked":"Prepared","floor":1.0},{"not_picked":["Heel Hook","Underhanded Strike"],"picked":"Endless Agony","floor":2.0},{"not_picked":["PiercingWail","Dagger Throw"],"picked":"Noxious Fumes","floor":4.0},{"not_picked":["Infinite Blades","PiercingWail"],"picked":"Backstab","floor":5},{"not_picked":["Blur","Quick Slash","Accuracy"],"picked":"SKIP","floor":7},{"not_picked":["Blur","Accuracy"],"picked":"Quick Slash","floor":7},{"not_picked":["Dodge and Roll","Sucker Punch"],"picked":"Acrobatics","floor":10},{"not_picked":["Skewer","Slice"],"picked":"Underhanded Strike","floor":11},{"not_picked":["Quick Slash","Choke","Escape Plan"],"picked":"SKIP","floor":13},{"not_picked":["Noxious Fumes+1","Acrobatics"],"picked":"Expertise","floor":14},{"not_picked":["Night Terror","Venomology"],"picked":"After Image+1","floor":16},{"not_picked":["Sucker Punch+1","Prepared"],"picked":"Flying Knee+1","floor":18},{"not_picked":["Outmaneuver+1","Quick Slash","Cloak And Dagger"],"picked":"SKIP","floor":22},{"not_picked":["Blade Dance","Backstab+1","Predator"],"picked":"SKIP","floor":24},{"not_picked":["Sucker Punch","Underhanded Strike"],"picked":"Slice+1","floor":29},{"not_picked":["PiercingWail","Prepared"],"picked":"Endless Agony","floor":30},{"not_picked":["Acrobatics","Underhanded Strike","Bane"],"picked":"SKIP","floor":31}],"player_experience":635080,"relics_obtained":[{"floor":7,"key":"Orichalcum"},{"floor":9,"key":"Frozen Egg 2"},{"floor":10,"key":"Old Coin"},{"floor":24,"key":"MawBank"},{"floor":26,"key":"Ancient Tea Set"},{"floor":29,"key":"War Paint"}],"event_choices":[{"event_name":"Golden Idol","player_choice":"Lose Max HP","floor":3.0,"damage_taken":0.0},{"event_name":"The Lab","player_choice":"Got Potions","floor":19,"damage_taken":0},{"event_name":"Drug Dealer","player_choice":"Got JAX","floor":20,"damage_taken":0}],"is_beta":false,"boss_relics":[{"not_picked":["Velvet Choker","Calling Bell"],"picked":"Ring of the Serpent"}],"items_purged_floors":[21],"is_endless":false,"potions_floor_spawned":[1,5,10,13,14,24,29,30],"killed_by":"Collector","ascension_level":1}