{"gold_per_floor":[363,21,21,39,57,57,82,93,119,131,131,131,156,156,156,258,258,270,290,301,301],"floor_reached":21,"playtime":2518,"items_purged":[],"score":210,"play_id":"7ab96a7a-01db-4d99-a4d3-ba081dc9a9e1","local_time":"20180928004244","is_ascension_mode":true,"campfire_choices":[{"data":"Blur","floor":6,"key":"SMITH"},{"floor":11,"key":"REST"},{"data":"Outmaneuver","floor":15,"key":"SMITH"}],"neow_cost":"CURSE","seed_source_timestamp":43387864509939,"circlet_count":0,"master_deck":["Survivor","Neutralize+1","Outmaneuver+1","Blur+1","Predator","Panache","Distraction","Dagger Throw","Adrenaline","Escape Plan","PiercingWail","Heel Hook","Malaise","Prepared","Caltrops","Quick Slash","Reflex","Terror","All Out Attack","Endless Agony","Prepared","Masterful Stab","Dodge and Roll","Well Laid Plans","Escape Plan+1","Footwork"],"relics":["Ring of the Snake","Orichalcum","Strawberry","Smiling Mask","Pandora\u0027s Box"],"potions_floor_usage":[7,10,13,13,16,19,21],"damage_taken":[{"damage":7,"enemies":"Small Slimes","floor":1,"turns":5},{"damage":1,"enemies":"Cultist","floor":4,"turns":5},{"damage":0,"enemies":"2 Louse","floor":5,"turns":3},{"damage":39,"enemies":"Gremlin Nob","floor":7,"turns":5},{"damage":5,"enemies":"2 Fungi Beasts","floor":8,"turns":4},{"damage":0,"enemies":"Blue Slaver","floor":10,"turns":5},{"damage":1,"enemies":"Lagavulin","floor":13,"turns":5},{"damage":17,"enemies":"Slime Boss","floor":16,"turns":10},{"damage":17,"enemies":"Spheric Guardian","floor":18,"turns":5},{"damage":10,"enemies":"3 Byrds","floor":19,"turns":7},{"damage":43,"enemies":"Sentry and Sphere","floor":20,"turns":8},{"damage":12,"enemies":"Centurion and Healer","floor":21,"turns":2}],"seed_played":"4338166467725084484","potions_obtained":[{"floor":1,"key":"EssenceOfSteel"},{"floor":5,"key":"SteroidPotion"},{"floor":7,"key":"Poison Potion"},{"floor":8,"key":"AttackPotion"},{"floor":16,"key":"Swift Potion"},{"floor":20,"key":"AttackPotion"}],"is_trial":false,"path_per_floor":["M","$","?","M","M","R","E","M","T","M","R","?","E","?","R","B",null,"M","M","M"],"character_chosen":"THE_SILENT","items_purchased":["Blur","Predator","Panache"],"campfire_rested":1,"item_purchase_floors":[2,2,2],"current_hp_per_floor":[63,63,63,62,62,62,23,18,25,25,48,33,32,32,32,15,77,60,50,7,0],"gold":301,"neow_bonus":"TWO_FIFTY_GOLD","is_prod":false,"is_daily":false,"chose_seed":false,"campfire_upgraded":2,"win_rate":0,"timestamp":1538109764,"path_taken":["M","$","?","M","M","R","E","?","T","M","R","?","E","?","R","BOSS","M","M","M","M"],"build_version":"2018-09-27","purchased_purges":0,"victory":false,"max_hp_per_floor":[70,70,70,70,70,70,70,70,77,77,77,77,77,77,77,77,77,77,77,77,77],"card_choices":[{"not_picked":["Terror","PiercingWail"],"picked":"Outmaneuver","floor":1},{"not_picked":["Bouncing Flask","Underhanded Strike"],"picked":"Distraction","floor":4},{"not_picked":["Dagger Spray","Quick Slash"],"picked":"Dagger Throw","floor":5},{"not_picked":["Noxious Fumes","Phantasmal Killer"],"picked":"Adrenaline","floor":7},{"not_picked":["Distraction","Underhanded Strike"],"picked":"Escape Plan","floor":8},{"not_picked":["Dagger Throw","Flying Knee"],"picked":"PiercingWail","floor":10},{"not_picked":["Accuracy","PiercingWail"],"picked":"Heel Hook","floor":13},{"not_picked":["After Image","Bullet Time"],"picked":"Malaise","floor":16},{"not_picked":["Eviscerate","Underhanded Strike+1"],"picked":"Well Laid Plans","floor":18},{"not_picked":["Masterful Stab","Blade Dance"],"picked":"Escape Plan+1","floor":19},{"not_picked":["Sucker Punch","Dagger Throw"],"picked":"Footwork","floor":20}],"player_experience":670086,"relics_obtained":[{"floor":7,"key":"Orichalcum"},{"floor":9,"key":"Strawberry"},{"floor":13,"key":"Smiling Mask"}],"event_choices":[{"event_name":"The Cleric","player_choice":"Leave","floor":3,"damage_taken":0},{"event_name":"Shining Light","player_choice":"Entered Light","floor":12,"damage_taken":0},{"event_name":"Fountain of Cleansing","player_choice":"Removed Curse","floor":14,"damage_taken":0}],"is_beta":false,"boss_relics":[{"not_picked":["Black Star","Calling Bell"],"picked":"Pandora\u0027s Box"}],"items_purged_floors":[],"is_endless":false,"potions_floor_spawned":[1,5,7,8,16,20],"killed_by":"Centurion and Healer","ascension_level":2}