{"gold_per_floor":[109,129,129,204,216,249,249,249,327,347,363,363,392,409,409,512,512,531,543,468,486,4,4,18,18,18,37,57,83,102,201,201,296,296,313,364,364,376,391,420,420,420,420,36,67,79,89,100,100,100],"floor_reached":51,"playtime":3786,"items_purged":["Strike_R"],"score":768,"play_id":"35581931-41a6-4659-89a0-ead7f4aa06c4","local_time":"20190123164010","is_ascension_mode":false,"campfire_choices":[{"data":"Carnage","floor":7,"key":"SMITH"},{"data":"Clothesline","floor":12,"key":"SMITH"},{"data":"Flame Barrier","floor":15,"key":"SMITH"},{"data":"Bash","floor":23,"key":"SMITH"},{"data":"Cleave","floor":25,"key":"SMITH"},{"data":"Headbutt","floor":32,"key":"SMITH"},{"data":"Defend_R","floor":41,"key":"SMITH"},{"floor":49,"key":"REST"}],"neow_cost":"","seed_source_timestamp":973059343259,"circlet_count":0,"master_deck":["Strike_R","Strike_R","Defend_R","Defend_R","Defend_R","Defend_R+1","Bash+1","Cleave+1","Clothesline+1","Carnage+1","Flame Barrier+1","Headbutt+1","Shrug It Off+1","Infernal Blade+1","Offering+1","Shrug It Off+1","Flex+1","Shrug It Off+1","Impervious+1","Chrysalis+1","Warcry+1","Iron Wave","Iron Wave+1"],"relics":["Burning Blood","Vajra","Toxic Egg 2","Darkstone Periapt","Potion Belt","Busted Crown","Kunai","PreservedInsect","Frozen Egg 2","Anchor","Runic Cube","Ice Cream","Meat on the Bone","Pear","Lantern","Ornamental Fan"],"potions_floor_usage":[16,16,19,29,33,33,39,45,45,50,50],"damage_taken":[{"damage":0,"enemies":"2 Louse","floor":1,"turns":3},{"damage":4,"enemies":"Small Slimes","floor":2,"turns":3},{"damage":3,"enemies":"Jaw Worm","floor":5,"turns":5},{"damage":17,"enemies":"3 Sentries","floor":6,"turns":5},{"damage":4,"enemies":"Blue Slaver","floor":10,"turns":5},{"damage":1,"enemies":"2 Fungi Beasts","floor":11,"turns":3},{"damage":14,"enemies":"Lagavulin","floor":13,"turns":7},{"damage":5,"enemies":"Large Slime","floor":14,"turns":5},{"damage":41,"enemies":"The Guardian","floor":16,"turns":14},{"damage":6,"enemies":"2 Thieves","floor":18,"turns":3},{"damage":0,"enemies":"3 Byrds","floor":19,"turns":5},{"damage":0,"enemies":"3 Cultists","floor":21,"turns":4},{"damage":6,"enemies":"Snecko","floor":24,"turns":3},{"damage":6,"enemies":"Cultist and Chosen","floor":27,"turns":3},{"damage":6,"enemies":"Centurion and Healer","floor":28,"turns":4},{"damage":14,"enemies":"Slavers","floor":29,"turns":4},{"damage":8,"enemies":"Snecko","floor":30,"turns":3},{"damage":70,"enemies":"Champ","floor":33,"turns":20},{"damage":4,"enemies":"3 Darklings","floor":35,"turns":4},{"damage":25,"enemies":"2 Orb Walkers","floor":36,"turns":4},{"damage":0,"enemies":"3 Shapes","floor":38,"turns":4},{"damage":6,"enemies":"Jaw Worm Horde","floor":39,"turns":4},{"damage":41,"enemies":"Giant Head","floor":40,"turns":7},{"damage":14,"enemies":"Reptomancer","floor":45,"turns":4},{"damage":6,"enemies":"Transient","floor":46,"turns":5},{"damage":9,"enemies":"Maw","floor":47,"turns":6},{"damage":0,"enemies":"Jaw Worm Horde","floor":48,"turns":5},{"damage":6,"enemies":"Awakened One","floor":50,"turns":13}],"seed_played":"664102512770963180","potions_obtained":[{"floor":2,"key":"Swift Potion"},{"floor":6,"key":"LiquidBronze"},{"floor":11,"key":"SmokeBomb"},{"floor":13,"key":"GamblersBrew"},{"floor":14,"key":"Energy Potion"},{"floor":18,"key":"Energy Potion"},{"floor":19,"key":"Dexterity Potion"},{"floor":28,"key":"Energy Potion"},{"floor":33,"key":"PowerPotion"},{"floor":36,"key":"SpeedPotion"},{"floor":38,"key":"PowerPotion"},{"floor":47,"key":"AttackPotion"},{"floor":48,"key":"Dexterity Potion"}],"is_trial":false,"path_per_floor":["M","M","?","?","M","E","R","?","T","M","M","R","E","M","R","B",null,"M","M","?","M","$","R","M","R","T","M","M","E","M","?","R","B",null,"M","?","?","M","M","E","R","?","T","$","E","M","M","M","R","B",null],"character_chosen":"IRONCLAD","items_purchased":["Kunai","PreservedInsect","Lantern","Chrysalis+1","Warcry+1"],"campfire_rested":1,"item_purchase_floors":[22,22,44,44,44],"current_hp_per_floor":[80,80,85,74,77,66,66,59,59,61,66,66,58,59,59,24,85,85,85,85,85,85,85,85,85,85,85,85,77,75,75,75,11,85,85,66,66,72,72,37,37,37,47,47,51,63,60,66,94,94],"gold":100,"neow_bonus":"","is_prod":false,"is_daily":false,"chose_seed":false,"campfire_upgraded":7,"win_rate":0.0,"timestamp":1548214810,"path_taken":["M","M","?","?","M","E","R","?","T","M","M","R","E","M","R","BOSS","M","M","?","M","$","R","M","R","T","M","M","E","M","?","R","BOSS","M","?","?","M","?","E","R","?","T","$","E","M","M","M","R","BOSS"],"build_version":"2019-01-17v2","purchased_purges":1,"victory":true,"max_hp_per_floor":[80,80,85,85,85,85,85,85,85,85,85,85,85,85,85,85,85,85,85,85,85,85,85,85,85,85,85,85,85,85,85,85,85,85,85,85,85,85,85,85,85,85,95,95,95,95,95,95,95,95],"card_choices":[{"not_picked":["Intimidate","True Grit"],"picked":"Cleave","floor":1},{"not_picked":["Pommel Strike","Warcry"],"picked":"Clothesline","floor":2},{"not_picked":["Perfected Strike","Feel No Pain"],"picked":"Carnage","floor":5},{"not_picked":["Berserk","Heavy Blade"],"picked":"Flame Barrier","floor":6},{"not_picked":["Uppercut","Pommel Strike","Clothesline"],"picked":"SKIP","floor":10},{"not_picked":["Body Slam","Warcry+1"],"picked":"Headbutt","floor":11},{"not_picked":["Second Wind+1","Berserk"],"picked":"Shrug It Off+1","floor":13},{"not_picked":["Corruption","Clash"],"picked":"Infernal Blade+1","floor":14},{"not_picked":["Feed","Juggernaut"],"picked":"Offering+1","floor":16},{"not_picked":["Heavy Blade+1"],"picked":"SKIP","floor":18},{"not_picked":["Anger+1"],"picked":"SKIP","floor":19},{"not_picked":["Infernal Blade+1"],"picked":"SKIP","floor":21},{"not_picked":["Flex+1"],"picked":"SKIP","floor":24},{"not_picked":["Anger"],"picked":"SKIP","floor":27},{"not_picked":["Anger"],"picked":"SKIP","floor":27},{"not_picked":[],"picked":"Shrug It Off+1","floor":28},{"not_picked":["Bloodletting+1"],"picked":"SKIP","floor":29},{"not_picked":["Twin Strike"],"picked":"SKIP","floor":30},{"not_picked":["Rampage"],"picked":"SKIP","floor":35},{"not_picked":[],"picked":"Flex+1","floor":36},{"not_picked":[],"picked":"Shrug It Off+1","floor":38},{"not_picked":["Cleave+1"],"picked":"SKIP","floor":39},{"not_picked":[],"picked":"Impervious+1","floor":40},{"not_picked":["Thunderclap+1"],"picked":"SKIP","floor":45},{"not_picked":[],"picked":"Iron Wave","floor":46},{"not_picked":["Dropkick+1"],"picked":"SKIP","floor":47},{"not_picked":[],"picked":"Iron Wave+1","floor":48}],"player_experience":0,"relics_obtained":[{"floor":6,"key":"Vajra"},{"floor":9,"key":"Darkstone Periapt"},{"floor":13,"key":"Potion Belt"},{"floor":26,"key":"Frozen Egg 2"},{"floor":29,"key":"Anchor"},{"floor":36,"key":"Ice Cream"},{"floor":40,"key":"Meat on the Bone"},{"floor":43,"key":"Pear"},{"floor":45,"key":"Ornamental Fan"}],"event_choices":[{"damage_healed":0,"gold_gain":0,"player_choice":"Donut","damage_taken":0,"max_hp_gain":5,"max_hp_loss":0,"event_name":"Big Fish","floor":3,"gold_loss":0},{"damage_healed":0,"gold_gain":75,"player_choice":"Gather Gold","damage_taken":11,"max_hp_gain":0,"max_hp_loss":0,"event_name":"World of Goop","floor":4,"gold_loss":0},{"damage_healed":0,"gold_gain":0,"player_choice":"Success","damage_taken":7,"relics_obtained":["Toxic Egg 2"],"max_hp_gain":0,"max_hp_loss":0,"event_name":"Scrap Ooze","floor":8,"gold_loss":0},{"cards_removed":["Strike_R"],"damage_healed":0,"gold_gain":0,"player_choice":"Gave Gold","damage_taken":0,"max_hp_gain":0,"max_hp_loss":0,"event_name":"Beggar","floor":20,"gold_loss":75},{"damage_healed":0,"gold_gain":99,"player_choice":"Stole From Cult","damage_taken":0,"max_hp_gain":0,"max_hp_loss":0,"event_name":"Nest","floor":31,"gold_loss":0},{"damage_healed":0,"gold_gain":0,"player_choice":"Fight","damage_taken":0,"max_hp_gain":0,"max_hp_loss":0,"event_name":"Mysterious Sphere","floor":36,"gold_loss":0},{"cards_removed":["Strike_R"],"damage_healed":0,"gold_gain":0,"player_choice":"Purged","damage_taken":0,"max_hp_gain":0,"max_hp_loss":0,"event_name":"Purifier","floor":37,"gold_loss":0},{"damage_healed":0,"gold_gain":0,"player_choice":"Ignored","damage_taken":0,"max_hp_gain":0,"max_hp_loss":0,"event_name":"Tomb of Lord Red Mask","floor":42,"gold_loss":0}],"is_beta":false,"boss_relics":[{"not_picked":["Calling Bell","Empty Cage"],"picked":"Busted Crown"},{"not_picked":["Runic Pyramid","Velvet Choker"],"picked":"Runic Cube"}],"items_purged_floors":[22],"is_endless":false,"potions_floor_spawned":[2,6,11,13,14,18,19,28,33,36,38,47,48],"ascension_level":0}