{"gold_per_floor":[115,132,11,11,23,54,54,54,77,37,56,73,47,65,65,65],"floor_reached":16,"playtime":2700,"items_purged":[],"score":102,"play_id":"6948fe49-da73-4b9c-9ce5-a84541018e27","local_time":"20190130024610","is_ascension_mode":false,"campfire_choices":[{"floor":15,"key":"REST"}],"neow_cost":"NONE","seed_source_timestamp":11035727443388,"circlet_count":0,"master_deck":["Defend_G","Defend_G","Defend_G","Defend_G","Defend_G","Strike_G","Strike_G","Strike_G","Strike_G","Strike_G","Survivor","Neutralize","Sucker Punch+1","Skewer","Prepared","Outmaneuver","Dagger Throw","Leg Sweep","Deadly Poison","Parasite","Outmaneuver","Noxious Fumes","Dodge and Roll","Well Laid Plans"],"relics":["Ring of the Snake","Happy Flower","Bronze Scales"],"potions_floor_usage":[12],"damage_taken":[{"damage":4,"enemies":"Cultist","floor":1,"turns":5},{"damage":1,"enemies":"Jaw Worm","floor":2,"turns":5},{"damage":8,"enemies":"2 Louse","floor":5,"turns":3},{"damage":21,"enemies":"Lagavulin","floor":6,"turns":11},{"damage":19,"enemies":"Gremlin Gang","floor":11,"turns":6},{"damage":7,"enemies":"Exordium Thugs","floor":12,"turns":5},{"damage":0,"enemies":"2 Fungi Beasts","floor":14,"turns":4},{"damage":62,"enemies":"Slime Boss","floor":16,"turns":12}],"seed_played":"-143885288581593841","potions_obtained":[{"floor":10,"key":"GamblersBrew"},{"floor":10,"key":"Ancient Potion"},{"floor":10,"key":"Weak Potion"},{"floor":11,"key":"Ancient Potion"},{"floor":14,"key":"GamblersBrew"}],"is_trial":false,"path_per_floor":["M","?","?","?","?","M","$"],"character_chosen":"THE_SILENT","items_purchased":["Prepared","Outmaneuver","Dagger Throw","Dodge and Roll"],"campfire_rested":1,"item_purchase_floors":[3,3,3,13],"current_hp_per_floor":[73,72,72,72,64,43,62,62,62,62,43,36,36,36,59,0],"gold":65,"neow_bonus":"TEN_PERCENT_HP_BONUS","is_prod":false,"is_daily":false,"chose_seed":false,"campfire_upgraded":0,"win_rate":0.0,"timestamp":1548791170,"path_taken":["M","?","$","?","M","E","?","?","T","?","?","M","?","M","R","BOSS"],"build_version":"2019-01-23","purchased_purges":0,"victory":false,"max_hp_per_floor":[77,77,77,77,77,77,77,77,77,77,77,77,77,77,77,77],"card_choices":[{"not_picked":["Dagger Spray","Poisoned Stab"],"picked":"Sucker Punch","floor":1},{"not_picked":["Acrobatics","Noxious Fumes"],"picked":"Skewer","floor":2},{"not_picked":["Dagger Throw","Prepared"],"picked":"Leg Sweep","floor":5},{"not_picked":["Outmaneuver","Acrobatics"],"picked":"Deadly Poison","floor":6},{"not_picked":["Sucker Punch","Distraction"],"picked":"Outmaneuver","floor":11},{"not_picked":["Outmaneuver","Poisoned Stab"],"picked":"Noxious Fumes","floor":12},{"not_picked":["Prepared","Acrobatics"],"picked":"Well Laid Plans","floor":14}],"player_experience":10760,"relics_obtained":[{"floor":6,"key":"Happy Flower"},{"floor":9,"key":"Bronze Scales"}],"event_choices":[{"damage_healed":0,"gold_gain":0,"player_choice":"Leave","damage_taken":0,"max_hp_gain":0,"max_hp_loss":0,"event_name":"The Cleric","floor":4,"gold_loss":0},{"damage_healed":19,"gold_gain":0,"player_choice":"Healed and dodged fight","damage_taken":0,"max_hp_gain":0,"max_hp_loss":0,"event_name":"Mushrooms","floor":7,"gold_loss":0,"cards_obtained":["Parasite"]},{"damage_healed":0,"gold_gain":0,"player_choice":"Grow","damage_taken":0,"max_hp_gain":0,"max_hp_loss":0,"event_name":"Living Wall","floor":8,"gold_loss":0,"cards_upgraded":["Sucker Punch"]},{"damage_healed":0,"gold_gain":0,"player_choice":"Bought 3 Potions","damage_taken":0,"max_hp_gain":0,"max_hp_loss":0,"event_name":"The Woman in Blue","floor":10,"gold_loss":0}],"is_beta":false,"boss_relics":[],"items_purged_floors":[],"is_endless":false,"potions_floor_spawned":[11,14],"killed_by":"Slime Boss","ascension_level":0}