{"gold_per_floor":[115,115,131,143,44,69,69,94,117,117,146,156,172,189,189,266,266,283,333,1,1,10,10,10],"floor_reached":24,"playtime":1316,"items_purged":[],"score":507,"play_id":"6bc6742e-5c2b-4a79-b140-735874627d2d","local_time":"20190220215808","is_ascension_mode":true,"campfire_choices":[{"data":"Fiend Fire","floor":7,"key":"SMITH"},{"data":"Disarm","floor":10,"key":"SMITH"},{"data":"Armaments","floor":15,"key":"SMITH"},{"data":"Whirlwind","floor":23,"key":"SMITH"}],"neow_cost":"TEN_PERCENT_HP_LOSS","seed_source_timestamp":30124739031473,"circlet_count":0,"master_deck":["AscendersBane","Defend_R","Defend_R","Defend_R","Defend_R","Bash","Demon Form+1","Evolve","Armaments+1","Disarm+1","Cleave","Metallicize","Fiend Fire+1","Reaper","Armaments","Whirlwind+1","Flame Barrier","Combust","Exhume","Shrug It Off","Bite","Bite","Bite","Bite","Bite"],"relics":["Burning Blood","Bag of Preparation","PreservedInsect","Art of War","Bottled Tornado","Busted Crown","Paper Frog"],"potions_floor_usage":[24],"damage_taken":[{"damage":17,"enemies":"Small Slimes","floor":1,"turns":4},{"damage":1,"enemies":"Cultist","floor":3,"turns":4},{"damage":9,"enemies":"Jaw Worm","floor":4,"turns":4},{"damage":24,"enemies":"3 Sentries","floor":6,"turns":6},{"damage":17,"enemies":"Lagavulin","floor":8,"turns":7},{"damage":0,"enemies":"Gremlin Nob","floor":11,"turns":2},{"damage":11,"enemies":"Blue Slaver","floor":12,"turns":21},{"damage":6,"enemies":"2 Fungi Beasts","floor":13,"turns":3},{"damage":14,"enemies":"Large Slime","floor":14,"turns":7},{"damage":23,"enemies":"Hexaghost","floor":16,"turns":8},{"damage":0,"enemies":"Spheric Guardian","floor":18,"turns":1},{"damage":25,"enemies":"2 Thieves","floor":22,"turns":4},{"damage":51,"enemies":"Gremlin Leader","floor":24,"turns":3}],"seed_played":"-3120192818193343030","potions_obtained":[{"floor":1,"key":"Ancient Potion"},{"floor":8,"key":"SkillPotion"},{"floor":11,"key":"SteroidPotion"}],"is_trial":false,"path_per_floor":["M","?","M","M","$","E","R","E","T","R","E","M","M","M","R","B",null,"M","?","$","?","M","R","E"],"character_chosen":"IRONCLAD","items_purchased":["Cleave","Metallicize","Paper Frog","Shrug It Off"],"campfire_rested":0,"item_purchase_floors":[5,5,20,20],"current_hp_per_floor":[57,57,62,59,59,41,41,30,30,30,36,68,68,68,68,57,65,68,68,68,47,40,40,0],"gold":10,"neow_bonus":"THREE_RARE_CARDS","is_prod":false,"is_daily":false,"chose_seed":false,"campfire_upgraded":4,"win_rate":0,"timestamp":1550653088,"path_taken":["M","?","M","?","$","E","R","E","T","R","E","M","M","M","R","BOSS","M","?","$","?","M","R","E"],"build_version":"2019-01-23","purchased_purges":0,"victory":false,"max_hp_per_floor":[68,68,68,68,68,68,68,68,68,68,68,68,68,68,68,68,68,68,68,68,47,47,47,47],"card_choices":[{"not_picked":["Dark Embrace","Juggernaut"],"picked":"Demon Form","floor":0},{"not_picked":["Blood for Blood","Entrench"],"picked":"Evolve","floor":1},{"not_picked":["Havoc","Bloodletting"],"picked":"Armaments","floor":3},{"not_picked":["Havoc","Iron Wave"],"picked":"Disarm","floor":4},{"not_picked":["Clothesline","Twin Strike"],"picked":"Fiend Fire","floor":6},{"not_picked":["Iron Wave","Flame Barrier"],"picked":"Reaper","floor":8},{"not_picked":["Anger","Body Slam"],"picked":"Armaments","floor":11},{"not_picked":["Flex","Cleave"],"picked":"Whirlwind","floor":12},{"not_picked":["Rampage","Armaments"],"picked":"Flame Barrier","floor":13},{"not_picked":["Fire Breathing","Rupture"],"picked":"Combust","floor":14},{"not_picked":["Dark Embrace","Berserk"],"picked":"Exhume","floor":16},{"not_picked":["Twin Strike"],"picked":"SKIP","floor":18},{"not_picked":["Perfected Strike+1"],"picked":"SKIP","floor":22}],"player_experience":366295,"relics_obtained":[{"floor":6,"key":"Bag of Preparation"},{"floor":8,"key":"PreservedInsect"},{"floor":9,"key":"Art of War"},{"floor":11,"key":"Bottled Tornado"}],"event_choices":[{"damage_healed":0,"gold_gain":0,"player_choice":"Upgraded","damage_taken":0,"max_hp_gain":0,"max_hp_loss":0,"event_name":"Upgrade Shrine","floor":2,"gold_loss":0,"cards_upgraded":["Demon Form"]},{"damage_healed":0,"gold_gain":50,"player_choice":"Stole From Cult","damage_taken":0,"max_hp_gain":0,"max_hp_loss":0,"event_name":"Nest","floor":19,"gold_loss":0},{"damage_healed":0,"gold_gain":0,"player_choice":"Became a vampire","damage_taken":0,"max_hp_gain":0,"max_hp_loss":21,"event_name":"Vampires","floor":21,"gold_loss":0,"cards_obtained":["Bite","Bite","Bite","Bite","Bite"]}],"is_beta":false,"boss_relics":[{"not_picked":["Empty Cage","Astrolabe"],"picked":"Busted Crown"}],"items_purged_floors":[],"is_endless":false,"potions_floor_spawned":[1,8,11,12,18],"killed_by":"Gremlin Leader","ascension_level":20}