{"gold_per_floor":[119,119,129,204,25,25,39,39,39,70,70,84,84,108,108,108],"floor_reached":16,"playtime":445,"items_purged":[],"score":200,"play_id":"0d68c8e1-cbce-489b-893a-0c3b6eb2e1ff","local_time":"20190126215002","is_ascension_mode":true,"campfire_choices":[{"data":"Whirlwind","floor":6,"key":"SMITH"},{"data":"Perfected Strike","floor":8,"key":"SMITH"},{"data":"Feed","floor":11,"key":"SMITH"},{"data":"Bash","floor":15,"key":"SMITH"}],"neow_cost":"NONE","seed_source_timestamp":46225670428516,"circlet_count":0,"master_deck":["AscendersBane","Strike_R","Strike_R","Strike_R","Strike_R","Strike_R+1","Defend_R","Defend_R","Defend_R+1","Defend_R","Bash+1","Whirlwind+1","Perfected Strike+1","Feed+1","Twin Strike","True Grit","Clothesline"],"relics":["Burning Blood","Strawberry","Dream Catcher","Happy Flower","Golden Idol"],"potions_floor_usage":[10,10],"damage_taken":[{"damage":4,"enemies":"2 Louse","floor":1,"turns":4},{"damage":14,"enemies":"Small Slimes","floor":3,"turns":4},{"damage":12,"enemies":"Jaw Worm","floor":7,"turns":3},{"damage":13,"enemies":"3 Sentries","floor":10,"turns":5},{"damage":7,"enemies":"Red Slaver","floor":12,"turns":2},{"damage":8,"enemies":"Blue Slaver","floor":14,"turns":3},{"damage":21,"enemies":"Hexaghost","floor":16,"turns":9}],"seed_played":"-7274882947502920547","potions_obtained":[{"floor":3,"key":"Dexterity Potion"},{"floor":7,"key":"AttackPotion"}],"is_trial":false,"path_per_floor":["M","?","M","?","$","R","M","R","T","E","R","M","?","M","R","B"],"character_chosen":"IRONCLAD","items_purchased":["Feed"],"campfire_rested":0,"item_purchase_floors":[5],"current_hp_per_floor":[77,52,44,33,33,33,27,27,27,20,20,19,19,21,21,0],"gold":108,"neow_bonus":"RANDOM_COMMON_RELIC","is_prod":false,"is_daily":false,"chose_seed":false,"campfire_upgraded":4,"win_rate":0,"timestamp":1548492602,"path_taken":["M","?","M","?","$","R","M","R","T","E","R","M","?","M","R","BOSS"],"build_version":"2019-01-23","purchased_purges":0,"victory":false,"max_hp_per_floor":[82,82,82,82,82,82,82,82,82,82,82,82,74,78,78,78],"card_choices":[{"not_picked":["Cleave","Thunderclap"],"picked":"Whirlwind","floor":1},{"not_picked":["Havoc","Headbutt"],"picked":"Perfected Strike","floor":3},{"not_picked":["Armaments","Thunderclap"],"picked":"Twin Strike","floor":7},{"not_picked":["Havoc","Bloodletting"],"picked":"True Grit","floor":10},{"not_picked":["Twin Strike","Sentinel"],"picked":"Clothesline","floor":12},{"not_picked":["Clash","Sword Boomerang","Entrench"],"picked":"SKIP","floor":14}],"player_experience":85603,"relics_obtained":[{"floor":9,"key":"Dream Catcher"},{"floor":10,"key":"Happy Flower"}],"event_choices":[{"damage_healed":0,"gold_gain":0,"player_choice":"Entered Light","damage_taken":25,"max_hp_gain":0,"max_hp_loss":0,"event_name":"Shining Light","floor":2,"gold_loss":0,"cards_upgraded":["Strike_R","Defend_R"]},{"damage_healed":0,"gold_gain":75,"player_choice":"Gather Gold","damage_taken":11,"max_hp_gain":0,"max_hp_loss":0,"event_name":"World of Goop","floor":4,"gold_loss":0},{"damage_healed":0,"gold_gain":0,"player_choice":"Lose Max HP","damage_taken":0,"relics_obtained":["Golden Idol"],"max_hp_gain":0,"max_hp_loss":8,"event_name":"Golden Idol","floor":13,"gold_loss":0}],"is_beta":false,"boss_relics":[],"items_purged_floors":[],"is_endless":false,"potions_floor_spawned":[3,7],"killed_by":"Hexaghost","ascension_level":20}