{"gold_per_floor":[116,116,116,116,116,116,160,160,187,207,220,256,256,53,53,179,179,200,200,218,218,241,241,241],"floor_reached":24,"playtime":473,"items_purged":[],"score":284,"play_id":"691ffe4f-ec1d-4eef-bb82-465964ce1762","local_time":"20180712032833","is_ascension_mode":true,"campfire_choices":[{"data":"1","floor":6,"key":"LIFT"},{"data":"2","floor":8,"key":"LIFT"},{"data":"3","floor":13,"key":"LIFT"},{"data":"White Noise","floor":15,"key":"SMITH"},{"data":"White Noise","floor":23,"key":"SMITH"}],"neow_cost":"NONE","seed_source_timestamp":5761139808254,"circlet_count":0,"master_deck":["Strike_B+1","Strike_B","Strike_B","Defend_B","Defend_B","Defend_B","Defend_B","Zap+1","Dualcast","Streamline+1","Beam Cell+1","Steam","White Noise+1","White Noise+1","Gash","Thunder Strike","Streamline","Rainbow","Stack+1"],"special_seed":17723,"relics":["Cracked Core","NeowsBlessing","Girya","Golden Idol","Whetstone","Potion Belt","Singing Bowl","Anchor","Velvet Choker"],"potions_floor_usage":[12,22,22,24,24],"damage_taken":[{"damage":0,"enemies":"Small Slimes","floor":1,"turns":1},{"damage":0,"enemies":"3 Sentries","floor":7,"turns":1},{"damage":0,"enemies":"Jaw Worm","floor":10,"turns":1},{"damage":0,"enemies":"2 Louse","floor":11,"turns":2},{"damage":18,"enemies":"Gremlin Nob","floor":12,"turns":3},{"damage":29,"enemies":"Hexaghost","floor":16,"turns":8},{"damage":0,"enemies":"Chosen","floor":18,"turns":3},{"damage":10,"enemies":"Shell Parasite","floor":20,"turns":4},{"damage":16,"enemies":"Snecko","floor":22,"turns":4},{"damage":42,"enemies":"Gremlin Leader","floor":24,"turns":4}],"seed_played":"-1904894230533814690","potions_obtained":[{"floor":7,"key":"AttackPotion"},{"floor":12,"key":"Energy Potion"},{"floor":16,"key":"Energy Potion"},{"floor":20,"key":"EssenceOfSteel"},{"floor":22,"key":"Poison Potion"}],"is_trial":false,"path_per_floor":["M","?","?","?","?","R","E","R","T","M","M","E","R","$","R","B",null,"M","?","M","?","M","R"],"character_chosen":"DEFECT","items_purchased":["Gash","Anchor"],"campfire_rested":0,"item_purchase_floors":[14,14],"current_hp_per_floor":[75,60,48,48,48,48,48,48,48,48,48,30,30,30,30,1,52,52,52,49,49,33,33,0],"gold":241,"neow_bonus":"THREE_ENEMY_KILL","is_prod":false,"is_daily":false,"chose_seed":false,"campfire_upgraded":2,"win_rate":0,"timestamp":1531322913,"path_taken":["M","?","?","?","?","R","E","R","T","M","?","E","R","$","R","BOSS","M","?","M","?","?","R","E"],"build_version":"2018-07-05","purchased_purges":0,"victory":false,"max_hp_per_floor":[75,75,75,69,69,69,69,69,69,69,69,69,69,69,69,69,69,69,69,69,69,69,69,69],"card_choices":[{"not_picked":["Beam Cell","Rebound"],"picked":"Streamline","floor":1},{"not_picked":["Creative AI","Reinforced Body"],"picked":"Beam Cell","floor":7},{"not_picked":["Genetic Algorithm","Stack"],"picked":"Steam","floor":10},{"not_picked":["Rip and Tear","Rebound"],"picked":"White Noise","floor":11},{"not_picked":["Scrape","Self Repair"],"picked":"White Noise","floor":12},{"not_picked":["Creative AI","Multi-Cast"],"picked":"Thunder Strike","floor":16},{"not_picked":["Rebound","Redo+1"],"picked":"Force Field","floor":18},{"not_picked":["Turbo+1","Beam Cell"],"picked":"Streamline","floor":20},{"not_picked":["Coolheaded","Rip and Tear+1"],"picked":"Stack+1","floor":22}],"player_experience":288153,"relics_obtained":[{"floor":7,"key":"Whetstone"},{"floor":9,"key":"Potion Belt"},{"floor":12,"key":"Singing Bowl"}],"event_choices":[{"event_name":"Shining Light","player_choice":"Entered Light","floor":2,"damage_taken":0},{"event_name":"Scrap Ooze","player_choice":"success","floor":3,"damage_taken":12},{"event_name":"Golden Idol","player_choice":"Lose Max HP","floor":4,"damage_taken":0},{"event_name":"Living Wall","player_choice":"Grow","floor":5,"damage_taken":0},{"event_name":"Purifier","player_choice":"One Purge","floor":19,"damage_taken":0},{"event_name":"Transmorgrifier","player_choice":"Transform","floor":21,"damage_taken":0}],"boss_relics":[{"not_picked":["Tiny House","Empty Cage"],"picked":"Velvet Choker"}],"items_purged_floors":[],"is_endless":false,"potions_floor_spawned":[7,12,16,20,22],"killed_by":"Gremlin Leader","ascension_level":5}