{"gold_per_floor":[114,129,144,91,106,136,136],"floor_reached":7,"playtime":342,"items_purged":[],"score":103,"play_id":"dbbb752b-c26d-4dc0-b8a2-834d2d42bec6","local_time":"20180801021056","daily_mods":["Brewmaster","Time Dilation","Hoarder"],"is_ascension_mode":false,"campfire_choices":[],"neow_cost":"","seed_source_timestamp":0,"circlet_count":0,"master_deck":["Strike_R","Strike_R","Strike_R","Strike_R","Strike_R","Defend_R","Defend_R","Defend_R","Defend_R","Bash","Venomology","Venomology","Venomology","Venomology","Venomology","Venomology","Venomology","Venomology","Venomology","Venomology","Venomology","Venomology","Venomology","Venomology","Venomology","Shrug It Off","Shrug It Off","Shrug It Off","Perfected Strike","Perfected Strike","Perfected Strike","Twin Strike","Twin Strike","Twin Strike","Warcry","Warcry","Warcry","Pommel Strike","Pommel Strike","Pommel Strike"],"special_seed":17743,"relics":["Burning Blood","White Beast Statue","Blood Vial"],"potions_floor_usage":[1,1,1,1,1,2,2,2,2,2,2,3,3,3,5,6,6,6,6,6,7],"damage_taken":[{"damage":2,"enemies":"Cultist","floor":1,"turns":5},{"damage":5,"enemies":"Small Slimes","floor":2,"turns":5},{"damage":5,"enemies":"2 Louse","floor":3,"turns":3},{"damage":16,"enemies":"Blue Slaver","floor":5,"turns":3},{"damage":13,"enemies":"3 Sentries","floor":6,"turns":6},{"damage":0,"enemies":"Exordium Wildlife","floor":7,"turns":1}],"seed_played":"4161929215003559377","potions_obtained":[{"floor":1,"key":"FairyPotion"},{"floor":2,"key":"SkillPotion"},{"floor":3,"key":"Strength Potion"},{"floor":5,"key":"SkillPotion"},{"floor":6,"key":"PowerPotion"}],"is_trial":false,"path_per_floor":["M","M","M","$","M","E"],"character_chosen":"IRONCLAD","items_purchased":["Warcry"],"campfire_rested":0,"item_purchase_floors":[4],"current_hp_per_floor":[80,80,80,80,70,63,65],"gold":136,"neow_bonus":"","is_prod":false,"is_daily":true,"chose_seed":false,"campfire_upgraded":0,"win_rate":0,"timestamp":1533046256,"path_taken":["M","M","M","$","M","E","M"],"build_version":"2018-07-26","purchased_purges":0,"victory":false,"max_hp_per_floor":[80,80,80,80,80,80,80],"card_choices":[{"not_picked":["Headbutt","Blood for Blood"],"picked":"Shrug It Off","floor":1},{"not_picked":["Metallicize","Sentinel"],"picked":"Perfected Strike","floor":2},{"not_picked":["Body Slam","Feel No Pain"],"picked":"Twin Strike","floor":3},{"not_picked":["Anger","Clothesline","Rampage"],"picked":"SKIP","floor":5},{"not_picked":["Iron Wave","Inflame"],"picked":"Pommel Strike","floor":6}],"player_experience":303698,"relics_obtained":[{"floor":6,"key":"Blood Vial"}],"event_choices":[],"is_beta":false,"boss_relics":[],"items_purged_floors":[],"is_endless":false,"potions_floor_spawned":[1,2,3,5,6],"killed_by":"Exordium Wildlife","ascension_level":0}