{"path_per_floor":["M","M","?","?","M","E","M","M","T","$","E","M","M","M","R","B",null,"M","M","?","T","M"],"character_chosen":"IRONCLAD","items_purchased":["Bandage Up","Flex"],"gold_per_floor":[112,126,126,126,140,165,185,200,200,48,79,97,116,134,134,238,238,254,271,271,319,330,330],"floor_reached":23,"campfire_rested":1,"playtime":1404,"item_purchase_floors":[10,10],"current_hp_per_floor":[79,76,64,64,64,48,42,29,29,29,21,17,18,22,46,18,80,56,36,36,36,20,0],"items_purged":[],"gold":330,"score":207,"play_id":"deb7b9a5-b020-4acc-85cb-71f293e8f1d0","local_time":"20180618155733","is_prod":false,"is_daily":false,"chose_seed":false,"is_ascension_mode":false,"campfire_upgraded":0,"win_rate":0.0,"timestamp":1529351853,"campfire_choices":[{"floor":15,"key":"REST"}],"path_taken":["M","M","?","?","?","E","M","M","T","$","E","M","M","M","R","BOSS","M","?","?","?","M","E"],"build_version":"2018-06-14v2","seed_source_timestamp":11892746610796,"purchased_purges":0,"victory":false,"master_deck":["Strike_R","Strike_R","Strike_R","Strike_R","Strike_R","Defend_R","Defend_R","Defend_R","Bash","Heavy Blade","Armaments","Dark Embrace","Bandage Up","Flex","Heavy Blade","Havoc"],"max_hp_per_floor":[80,80,80,80,80,80,80,80,80,80,80,80,80,80,80,80,80,80,80,80,80,80,80],"relics":["Busted Crown","Magic Flower","Self Forming Clay","Red Skull","Unceasing Top","Mark of Pain","Dream Catcher"],"card_choices":[{"not_picked":["Evolve"],"picked":"SKIP","floor":1},{"not_picked":["Sword Boomerang"],"picked":"SKIP","floor":2},{"not_picked":[],"picked":"Heavy Blade","floor":5},{"not_picked":["Cleave"],"picked":"SKIP","floor":6},{"not_picked":[],"picked":"Armaments","floor":7},{"not_picked":[],"picked":"Dark Embrace","floor":8},{"not_picked":["True Grit"],"picked":"SKIP","floor":11},{"not_picked":["True Grit"],"picked":"SKIP","floor":11},{"not_picked":["Cleave"],"picked":"SKIP","floor":12},{"not_picked":[],"picked":"Heavy Blade","floor":13},{"not_picked":["Sword Boomerang"],"picked":"SKIP","floor":14},{"not_picked":["Perfected Strike"],"picked":"SKIP","floor":18},{"not_picked":["Carnage+1"],"picked":"SKIP","floor":19},{"not_picked":["Heavy Blade"],"picked":"SKIP","floor":22}],"player_experience":44166,"potions_floor_usage":[6,7,16,18],"damage_taken":[{"damage":1,"enemies":"2 Louse","floor":1,"turns":3},{"damage":3,"enemies":"Small Slimes","floor":2,"turns":3},{"damage":0,"enemies":"Cultist","floor":5,"turns":3},{"damage":16,"enemies":"Lagavulin","floor":6,"turns":5},{"damage":6,"enemies":"Looter","floor":7,"turns":3},{"damage":13,"enemies":"Gremlin Gang","floor":8,"turns":5},{"damage":14,"enemies":"Gremlin Nob","floor":11,"turns":3},{"damage":10,"enemies":"Lots of Slimes","floor":12,"turns":3},{"damage":5,"enemies":"Looter","floor":13,"turns":2},{"damage":2,"enemies":"Blue Slaver","floor":14,"turns":2},{"damage":34,"enemies":"Hexaghost","floor":16,"turns":7},{"damage":30,"enemies":"2 Thieves","floor":18,"turns":5},{"damage":26,"enemies":"Chosen","floor":19,"turns":5},{"damage":22,"enemies":"Sentry and Sphere","floor":22,"turns":4},{"damage":39,"enemies":"Book of Stabbing","floor":23,"turns":4}],"relics_obtained":[{"floor":6,"key":"Self Forming Clay"},{"floor":9,"key":"Red Skull"},{"floor":11,"key":"Unceasing Top"},{"floor":21,"key":"Dream Catcher"}],"event_choices":[{"event_name":"Scrap Ooze","player_choice":"success","floor":3,"damage_taken":12},{"event_name":"Purifier","player_choice":"One Purge","floor":4,"damage_taken":0},{"event_name":"The Library","player_choice":"Read","floor":20,"damage_taken":0}],"boss_relics":[{"not_picked":["Coffee Dripper","Eternal Feather"],"picked":"Mark of Pain"}],"items_purged_floors":[],"is_endless":false,"potions_floor_spawned":[1,2,8,14,16,18],"seed_played":"-6275884235736356144","killed_by":"Book of Stabbing","ascension_level":0,"potions_obtained":[{"floor":1,"key":"Energy Potion"},{"floor":2,"key":"EssenceOfSteel"},{"floor":8,"key":"FairyPotion"},{"floor":14,"key":"Fire Potion"},{"floor":16,"key":"FearPotion"},{"floor":18,"key":"Ancient Potion"}],"is_trial":false}