{"gold_per_floor":[363,382,392,24,24,52,17,17,40,54,54,129,162,174,174,277,327,339,24,24,35,35,35,69,69,99,112,125,144,162,162,162,162],"floor_reached":33,"playtime":2949,"items_purged":["Clumsy"],"score":321,"play_id":"4276db27-c957-4241-bdeb-96165ab1dc29","local_time":"20190127152749","is_ascension_mode":true,"campfire_choices":[{"data":"Skewer","floor":8,"key":"SMITH"},{"data":"Neutralize","floor":11,"key":"SMITH"},{"data":"Deadly Poison","floor":15,"key":"SMITH"},{"data":"Catalyst","floor":23,"key":"SMITH"},{"data":"Malaise","floor":25,"key":"SMITH"},{"floor":32,"key":"REST"}],"neow_cost":"CURSE","seed_source_timestamp":11924198259360,"circlet_count":0,"master_deck":["Defend_G","Defend_G","Defend_G","Defend_G","Defend_G","Strike_G","Strike_G","Strike_G","Survivor","Neutralize+1","All Out Attack+1","Deadly Poison+1","Die Die Die+1","Expertise","Malaise+1","Skewer+1","Deadly Poison","Cloak And Dagger","Catalyst+1","Corpse Explosion","Malaise","Envenom","Die Die Die+1","Dodge and Roll+1","PiercingWail","Bullet Time","Blur"],"relics":["Ring of the Snake","Snake Skull","Boot","Vajra","Calipers","Tiny House","Matryoshka","Shuriken","Tiny Chest","Whetstone"],"potions_floor_usage":[6,16,16,24,31,33],"damage_taken":[{"damage":0,"enemies":"2 Louse","floor":1,"turns":3},{"damage":3,"enemies":"Cultist","floor":2,"turns":4},{"damage":0,"enemies":"Small Slimes","floor":3,"turns":2},{"damage":19,"enemies":"Gremlin Nob","floor":6,"turns":4},{"damage":0,"enemies":"Blue Slaver","floor":10,"turns":3},{"damage":7,"enemies":"Lagavulin","floor":13,"turns":6},{"damage":4,"enemies":"Exordium Thugs","floor":14,"turns":4},{"damage":10,"enemies":"Slime Boss","floor":16,"turns":10},{"damage":1,"enemies":"Chosen","floor":18,"turns":4},{"damage":12,"enemies":"3 Byrds","floor":21,"turns":2},{"damage":25,"enemies":"Slavers","floor":24,"turns":3},{"damage":6,"enemies":"Snake Plant","floor":27,"turns":6},{"damage":0,"enemies":"Sentry and Sphere","floor":28,"turns":3},{"damage":11,"enemies":"Snecko","floor":29,"turns":5},{"damage":6,"enemies":"Chosen and Byrds","floor":30,"turns":5},{"damage":0,"enemies":"3 Cultists","floor":31,"turns":2},{"damage":47,"enemies":"Automaton","floor":33,"turns":6}],"seed_played":"3354653433811573243","potions_obtained":[{"floor":2,"key":"SkillPotion"},{"floor":3,"key":"Explosive Potion"},{"floor":10,"key":"GamblersBrew"},{"floor":17,"key":"SmokeBomb"},{"floor":21,"key":"SpeedPotion"},{"floor":28,"key":"LiquidBronze"}],"is_trial":false,"path_per_floor":["M","M","M","$","?","E","$","R","T","M","R","?","E","M","R","B",null,"M","$","?","M","?","R","E","R","T","M","M","M","M","M","R","B"],"character_chosen":"THE_SILENT","items_purchased":["Snake Skull","Die Die Die","Skewer","Matryoshka","Malaise"],"campfire_rested":1,"item_purchase_floors":[4,4,7,19,19],"current_hp_per_floor":[70,67,67,67,67,48,48,48,48,48,48,37,30,26,26,16,75,74,74,74,62,62,62,37,37,37,31,31,20,14,14,36,0],"gold":162,"neow_bonus":"TWO_FIFTY_GOLD","is_prod":false,"is_daily":false,"chose_seed":false,"campfire_upgraded":5,"win_rate":1,"timestamp":1548556069,"path_taken":["M","M","M","$","?","E","?","R","T","M","R","?","E","M","R","BOSS","M","$","?","M","?","R","E","R","T","M","M","M","M","?","R","BOSS"],"build_version":"2019-01-23","purchased_purges":1,"victory":false,"max_hp_per_floor":[70,70,70,70,70,70,70,70,70,70,70,70,70,70,70,70,75,75,75,75,75,75,75,75,75,75,75,75,75,75,75,75,75],"card_choices":[{"not_picked":["Sucker Punch","Tactician"],"picked":"All Out Attack","floor":1},{"not_picked":["Blade Dance","Noxious Fumes"],"picked":"Deadly Poison","floor":2},{"not_picked":["Outmaneuver","Underhanded Strike","Cloak And Dagger"],"picked":"SKIP","floor":3},{"not_picked":["Cloak And Dagger","Finisher"],"picked":"Malaise","floor":6},{"not_picked":["Quick Slash","Sucker Punch"],"picked":"Deadly Poison","floor":10},{"not_picked":["Accuracy","Deadly Poison"],"picked":"Cloak And Dagger","floor":13},{"not_picked":["Sucker Punch","Cloak And Dagger"],"picked":"Catalyst","floor":14},{"not_picked":["Night Terror","Unload"],"picked":"Corpse Explosion","floor":16},{"not_picked":["Deadly Poison","Blade Dance","Dagger Throw+1"],"picked":"SKIP","floor":18},{"not_picked":["Distraction","Quick Slash+1"],"picked":"Dodge and Roll+1","floor":21},{"not_picked":["Expertise+1","Dagger Throw"],"picked":"PiercingWail","floor":24},{"not_picked":["Deflect","Heel Hook"],"picked":"Bullet Time","floor":27},{"not_picked":["Dodge and Roll","Masterful Stab+1","Slice"],"picked":"SKIP","floor":28},{"not_picked":["Underhanded Strike+1","Flying Knee+1"],"picked":"Blur","floor":29},{"not_picked":["A Thousand Cuts","Noxious Fumes","Deflect"],"picked":"SKIP","floor":30}],"player_experience":103869,"relics_obtained":[{"floor":6,"key":"Boot"},{"floor":9,"key":"Vajra"},{"floor":13,"key":"Calipers"},{"floor":24,"key":"Shuriken"},{"floor":26,"key":"Tiny Chest"},{"floor":26,"key":"Whetstone"}],"event_choices":[{"damage_healed":0,"gold_gain":0,"player_choice":"1 cards matched","damage_taken":0,"max_hp_gain":0,"max_hp_loss":0,"event_name":"Match and Keep!","floor":5,"gold_loss":0,"cards_obtained":["Expertise"]},{"damage_healed":0,"gold_gain":75,"player_choice":"Gather Gold","damage_taken":11,"max_hp_gain":0,"max_hp_loss":0,"event_name":"World of Goop","floor":12,"gold_loss":0},{"damage_healed":0,"gold_gain":0,"cards_transformed":["Strike_G","Strike_G"],"player_choice":"Became Test Subject","damage_taken":0,"max_hp_gain":0,"max_hp_loss":0,"event_name":"Drug Dealer","floor":20,"gold_loss":0,"cards_obtained":["Envenom","Die Die Die"]},{"damage_healed":0,"gold_gain":0,"player_choice":"Ignored","damage_taken":0,"max_hp_gain":0,"max_hp_loss":0,"event_name":"N\u0027loth","floor":22,"gold_loss":0}],"is_beta":false,"boss_relics":[{"not_picked":["Eternal Feather","Orrery"],"picked":"Tiny House"}],"items_purged_floors":[4],"is_endless":false,"potions_floor_spawned":[2,3,10,21,28,31],"killed_by":"Automaton","ascension_level":3}