{"gold_per_floor":[144,189,60,105,105,195,240,5,5,50,140,140,185,230,230,530,530,575,575,620,620],"floor_reached":21,"playtime":836,"items_purged":[],"score":243,"play_id":"95083528-8edc-408f-a841-4999074ce714","local_time":"20180718021229","daily_mods":["Allstar","Midas","Night Terrors"],"is_ascension_mode":false,"campfire_choices":[{"floor":12,"key":"REST"},{"floor":15,"key":"REST"}],"neow_cost":"","seed_source_timestamp":0,"circlet_count":0,"master_deck":["Defend_G","Defend_G","Defend_G","Defend_G","Defend_G","Survivor","Neutralize","Secret Technique","Secret Technique","Panacea","Sadistic Nature","Panache","Acrobatics","Sucker Punch","Noxious Fumes","Acrobatics","Heel Hook","Regret","Malaise","Blade Dance","Apotheosis","Footwork","Noxious Fumes","Malaise","Bane","Bane","Night Terror","Decay","Regret","Doubt","Prepared","Bite","Bite","Bite","Bite","Bite","Malaise"],"special_seed":17729,"relics":["Ring of the Snake","Mercury Hourglass","Bronze Scales","Question Card","Ninja Scroll","Calling Bell","Lantern","Gremlin Horn","Shovel"],"potions_floor_usage":[6,11,16,16,16],"damage_taken":[{"damage":5,"enemies":"Jaw Worm","floor":1,"turns":4},{"damage":4,"enemies":"2 Louse","floor":2,"turns":3},{"damage":4,"enemies":"Cultist","floor":4,"turns":5},{"damage":15,"enemies":"3 Sentries","floor":6,"turns":4},{"damage":9,"enemies":"Gremlin Gang","floor":7,"turns":2},{"damage":8,"enemies":"Blue Slaver","floor":10,"turns":3},{"damage":5,"enemies":"Gremlin Nob","floor":11,"turns":4},{"damage":0,"enemies":"Large Slime","floor":13,"turns":4},{"damage":0,"enemies":"3 Louse","floor":14,"turns":2},{"damage":28,"enemies":"The Guardian","floor":16,"turns":7},{"damage":6,"enemies":"Chosen","floor":18,"turns":3},{"damage":24,"enemies":"Spheric Guardian","floor":20,"turns":5},{"damage":37,"enemies":"Snecko","floor":21,"turns":5}],"seed_played":"-6709258171721631228","potions_obtained":[{"floor":4,"key":"AttackPotion"},{"floor":6,"key":"SkillPotion"},{"floor":7,"key":"Explosive Potion"},{"floor":11,"key":"SkillPotion"},{"floor":13,"key":"PowerPotion"},{"floor":16,"key":"PowerPotion"}],"is_trial":false,"path_per_floor":["M","M","$","M","?","E","M","$","T","M","E","R","M","M","R","B",null,"M","?","M"],"character_chosen":"THE_SILENT","items_purchased":["Noxious Fumes","Acrobatics","Apotheosis","Footwork"],"campfire_rested":2,"item_purchase_floors":[3,3,8,8],"current_hp_per_floor":[65,61,61,57,57,42,33,33,33,25,20,65,65,65,60,32,60,54,42,20,0],"gold":620,"neow_bonus":"","is_prod":false,"is_daily":true,"chose_seed":false,"campfire_upgraded":0,"win_rate":0,"timestamp":1531836749,"path_taken":["M","M","$","M","?","E","M","$","T","M","E","R","M","M","R","BOSS","M","?","M","M"],"build_version":"2018-07-12","purchased_purges":0,"victory":false,"max_hp_per_floor":[70,70,70,70,70,70,70,70,70,70,70,65,65,65,60,60,60,60,42,42,42],"card_choices":[{"not_picked":["Dash","Prepared"],"picked":"Acrobatics","floor":1},{"not_picked":["Bane","Dagger Throw"],"picked":"Sucker Punch","floor":2},{"not_picked":["Deflect","Deadly Poison"],"picked":"Heel Hook","floor":4},{"not_picked":["Prepared","Quick Slash"],"picked":"Malaise","floor":6},{"not_picked":["Blur","Sucker Punch"],"picked":"Blade Dance","floor":7},{"not_picked":["Predator","Slice","Outmaneuver"],"picked":"Noxious Fumes","floor":10},{"not_picked":["Masterful Stab","Endless Agony","Leg Sweep"],"picked":"Malaise","floor":11},{"not_picked":["Outmaneuver","Quick Slash","Setup"],"picked":"Bane","floor":13},{"not_picked":["Catalyst","Poisoned Stab","Acrobatics"],"picked":"Bane","floor":14},{"not_picked":["Doppelganger","Venomology","A Thousand Cuts"],"picked":"Night Terror","floor":16},{"not_picked":["Expertise","Masterful Stab","Acrobatics"],"picked":"Prepared","floor":18},{"not_picked":["Underhanded Strike+1","Infinite Blades","Skewer"],"picked":"Malaise","floor":20}],"player_experience":298124,"relics_obtained":[{"floor":6,"key":"Bronze Scales"},{"floor":9,"key":"Question Card"},{"floor":11,"key":"Ninja Scroll"},{"floor":17,"key":"Lantern"},{"floor":17,"key":"Gremlin Horn"},{"floor":17,"key":"Shovel"}],"event_choices":[{"event_name":"Big Fish","player_choice":"Box","floor":5,"damage_taken":0},{"event_name":"Vampires","player_choice":"Became a vampire","floor":19,"damage_taken":0}],"boss_relics":[{"not_picked":["Eternal Feather","Orrery"],"picked":"Calling Bell"}],"items_purged_floors":[],"is_endless":false,"potions_floor_spawned":[4,6,7,11,13,16],"killed_by":"Snecko","ascension_level":0}