{"path_per_floor":["M","M","?","?","$","E","R","E","T","$","M","M","M","?","R"],"character_chosen":"DEFECT","items_purchased":["Flash of Steel","Rebound"],"gold_per_floor":[117,133,113,113,16,47,47,86,135,110,133,157,175,175,175,175],"floor_reached":16,"campfire_rested":0,"playtime":449,"item_purchase_floors":[5,10],"current_hp_per_floor":[73,72,72,69,69,45,45,34,34,34,26,19,19,42,42,0],"items_purged":[],"gold":175,"score":121,"play_id":"a93cbb75-a399-44d0-befc-3610e1facf0a","local_time":"20180612064814","is_prod":false,"is_daily":false,"chose_seed":false,"is_ascension_mode":true,"campfire_upgraded":2,"win_rate":0,"timestamp":1528742894,"campfire_choices":[{"data":"Zap","floor":7,"key":"SMITH"},{"data":"Dualcast","floor":15,"key":"SMITH"}],"path_taken":["M","M","?","?","?","E","R","E","T","$","?","M","M","?","R","BOSS"],"build_version":"2018-06-07v3","seed_source_timestamp":343490687376461,"purchased_purges":0,"victory":false,"master_deck":["Strike_B","Strike_B","Strike_B","Strike_B","Defend_B+1","Defend_B","Defend_B","Defend_B","Zap+1","Dualcast+1","Conserve Battery+1","Auto Shields","Flash of Steel","Ball Lightning","Go for the Eyes","Rebound","Tempest","Conserve Battery","Go for the Eyes"],"max_hp_per_floor":[75,75,75,69,69,69,69,69,69,69,69,69,69,69,69,69],"relics":["Cracked Core","Golden Idol","Singing Bowl","Art of War","War Paint"],"card_choices":[{"not_picked":["Stack","Sweeping Beam"],"picked":"Conserve Battery","floor":1},{"not_picked":["White Noise","FTL"],"picked":"Auto Shields","floor":2},{"not_picked":["Chaos","Coolheaded"],"picked":"Ball Lightning","floor":6},{"not_picked":["Rebound","Glacier"],"picked":"Go for the Eyes","floor":8},{"not_picked":["Heatsinks","Rip and Tear"],"picked":"Tempest","floor":11},{"not_picked":["Coolheaded","Rebound"],"picked":"Conserve Battery","floor":12},{"not_picked":["Coolheaded","Stack"],"picked":"Go for the Eyes","floor":13}],"player_experience":254974,"potions_floor_usage":[16,16,16],"damage_taken":[{"damage":2,"enemies":"Jaw Worm","floor":1,"turns":3},{"damage":1,"enemies":"Cultist","floor":2,"turns":3},{"damage":24,"enemies":"Lagavulin","floor":6,"turns":9},{"damage":11,"enemies":"3 Sentries","floor":8,"turns":6},{"damage":8,"enemies":"Small Slimes","floor":11,"turns":2},{"damage":7,"enemies":"3 Louse","floor":12,"turns":3},{"damage":0,"enemies":"Blue Slaver","floor":13,"turns":3},{"damage":54,"enemies":"Slime Boss","floor":16,"turns":9}],"relics_obtained":[{"floor":6,"key":"Singing Bowl"},{"floor":8,"key":"Art of War"},{"floor":9,"key":"War Paint"}],"event_choices":[{"event_name":"The Woman in Blue","player_choice":"Bought 1 Potion","floor":3,"damage_taken":0},{"event_name":"Golden Idol","player_choice":"Lose Max HP","floor":4,"damage_taken":0},{"event_name":"Big Fish","player_choice":"Banana","floor":14,"damage_taken":0}],"boss_relics":[],"items_purged_floors":[],"potions_floor_spawned":[8,12],"seed_played":"-8448578511707999704","killed_by":"Slime Boss","ascension_level":2,"potions_obtained":[{"floor":3,"key":"Ancient Potion"},{"floor":8,"key":"SneckoOil"},{"floor":12,"key":"Dexterity Potion"}],"is_trial":false}