{"gold_per_floor":[367,380,330,349,232,232,257,257,257,257,286,300,329,343,343,438,438,451,469,310,409,421,450,450,477,477,487,507,507,524,524,524,620,620,631,13,31,31,43,77,77,111,159,184,230,230,230,243,243,243],"floor_reached":51,"playtime":2832,"items_purged":["Strike_G"],"score":1289,"play_id":"79a875ec-032a-4544-9255-25189e5ac658","local_time":"20180713001213","is_ascension_mode":true,"campfire_choices":[{"data":"Noxious Fumes","floor":6,"key":"SMITH"},{"data":"Footwork","floor":8,"key":"SMITH"},{"floor":15,"key":"REST"},{"data":"Burst","floor":24,"key":"SMITH"},{"data":"Footwork","floor":29,"key":"SMITH"},{"data":"Bouncing Flask","floor":32,"key":"SMITH"},{"data":"Catalyst","floor":41,"key":"SMITH"},{"data":"Noxious Fumes","floor":47,"key":"SMITH"},{"data":"Acrobatics","floor":49,"key":"SMITH"}],"neow_cost":"CURSE","seed_source_timestamp":78540601613181,"circlet_count":0,"master_deck":["Defend_G","Defend_G","Defend_G","Defend_G","Defend_G","Strike_G","Strike_G","Strike_G","Strike_G","Survivor","Neutralize+1","Sucker Punch","Acrobatics+1","Bouncing Flask+1","Noxious Fumes+1","Escape Plan","Footwork+1","Deflect","Blur","Footwork+1","Escape Plan","Burst+1","Deadly Poison","Backflip","Well Laid Plans","Acrobatics","Dodge and Roll","Cloak And Dagger+1","Backflip","Leg Sweep","Adrenaline","Cloak And Dagger","Noxious Fumes+1","Footwork+1","Backflip","Backflip","Noxious Fumes+1","Prepared","Catalyst+1","Malaise","Madness","Madness","Footwork+1"],"relics":["Ring of the Snake","Ice Cream","Pantograph","Tough Bandages","Orichalcum","Coffee Dripper","Happy Flower","Lantern","Meat on the Bone","Sozu","DollysMirror","Incense Burner","Pen Nib","Juzu Bracelet","Bronze Scales","Pear","Bird Faced Urn"],"potions_floor_usage":[16,16,22,25],"damage_taken":[{"damage":8,"enemies":"Cultist","floor":1,"turns":5},{"damage":4,"enemies":"Jaw Worm","floor":2,"turns":5},{"damage":0,"enemies":"Small Slimes","floor":4,"turns":3},{"damage":15,"enemies":"Lagavulin","floor":7,"turns":7},{"damage":7,"enemies":"3 Sentries","floor":11,"turns":6},{"damage":9,"enemies":"Red Slaver","floor":12,"turns":3},{"damage":0,"enemies":"Lagavulin","floor":13,"turns":7},{"damage":3,"enemies":"Blue Slaver","floor":14,"turns":5},{"damage":11,"enemies":"Slime Boss","floor":16,"turns":11},{"damage":0,"enemies":"Chosen","floor":18,"turns":4},{"damage":11,"enemies":"3 Byrds","floor":19,"turns":5},{"damage":7,"enemies":"Centurion and Healer","floor":22,"turns":7},{"damage":25,"enemies":"Gremlin Leader","floor":23,"turns":9},{"damage":8,"enemies":"Slavers","floor":25,"turns":9},{"damage":0,"enemies":"Snake Plant","floor":27,"turns":4},{"damage":3,"enemies":"Slaver and Parasite","floor":28,"turns":6},{"damage":0,"enemies":"3 Cultists","floor":30,"turns":6},{"damage":18,"enemies":"Collector","floor":33,"turns":11},{"damage":0,"enemies":"Orb Walker","floor":35,"turns":5},{"damage":0,"enemies":"3 Shapes","floor":37,"turns":6},{"damage":0,"enemies":"Sphere and 2 Shapes","floor":39,"turns":5},{"damage":0,"enemies":"2 Orb Walkers","floor":40,"turns":6},{"damage":0,"enemies":"Nemesis","floor":42,"turns":5},{"damage":6,"enemies":"Giant Head","floor":44,"turns":7},{"damage":0,"floor":45,"turns":5},{"damage":0,"enemies":"Maw","floor":48,"turns":6},{"damage":0,"enemies":"Time Eater","floor":50,"turns":7}],"seed_played":"-2554562462612655174","potions_obtained":[{"floor":1,"key":"SteroidPotion"},{"floor":4,"key":"SmokeBomb"},{"floor":12,"key":"Strength Potion"},{"floor":19,"key":"Regen Potion"},{"floor":23,"key":"Ancient Potion"},{"floor":27,"key":"SteroidPotion"},{"floor":33,"key":"Explosive Potion"}],"is_trial":false,"path_per_floor":["M","M","?","M","$","R","E","R","T","?","E","M","E","M","R","B",null,"M","M","$","?","M","E","R","E","T","M","M","R","M","?","R","B",null,"M","$","M","?","M","E","R","E","T","E","?","?","R","M","R","B"],"character_chosen":"THE_SILENT","items_purchased":["Noxious Fumes","Escape Plan","Well Laid Plans","Acrobatics","Noxious Fumes","DollysMirror","Incense Burner","Backflip"],"campfire_rested":1,"item_purchase_floors":[5,5,20,20,36,36,36,36],"current_hp_per_floor":[55,51,51,51,51,51,36,36,36,36,29,20,20,17,38,52,66,66,55,55,55,63,38,38,30,30,42,39,39,39,39,39,46,64,64,64,64,64,64,64,64,64,64,68,68,58,58,72,72,80],"gold":243,"neow_bonus":"TWO_FIFTY_GOLD","is_prod":false,"is_daily":false,"chose_seed":false,"campfire_upgraded":8,"win_rate":0,"timestamp":1531397533,"path_taken":["M","?","?","?","$","R","E","R","T","?","E","M","E","M","R","BOSS","M","M","$","?","M","E","R","E","T","M","M","R","M","?","R","BOSS","M","$","M","?","M","E","R","E","T","E","?","?","R","M","R","BOSS"],"build_version":"2018-07-05","purchased_purges":1,"victory":true,"max_hp_per_floor":[70,70,70,70,70,70,70,70,70,70,70,70,70,70,70,70,70,70,70,70,70,70,70,70,70,70,70,70,70,70,70,70,70,70,70,70,70,70,70,70,70,70,70,80,80,80,80,80,80,80],"card_choices":[{"not_picked":["Underhanded Strike","Poisoned Stab"],"picked":"Sucker Punch","floor":1},{"not_picked":["Poisoned Stab","Slice"],"picked":"Acrobatics","floor":2},{"not_picked":["Venomology","Dodge and Roll"],"picked":"Bouncing Flask","floor":4},{"not_picked":["Dagger Throw","Infinite Blades"],"picked":"Footwork","floor":7},{"not_picked":["Accuracy","Expertise"],"picked":"Deflect","floor":11},{"not_picked":["Flying Knee","Outmaneuver"],"picked":"Blur","floor":12},{"not_picked":["Poisoned Stab","Eviscerate"],"picked":"Footwork","floor":13},{"not_picked":["Storm of Steel","Heel Hook"],"picked":"Escape Plan","floor":14},{"not_picked":["Storm of Steel","Unload"],"picked":"Burst","floor":16},{"not_picked":["Outmaneuver+1","Bane"],"picked":"Deadly Poison","floor":18},{"not_picked":["Sucker Punch","Cloak And Dagger"],"picked":"Backflip","floor":19},{"not_picked":["Choke","Accuracy"],"picked":"Dodge and Roll","floor":22},{"not_picked":["Terror","Eviscerate+1"],"picked":"Cloak And Dagger+1","floor":23},{"not_picked":["Terror","Flechettes","Blade Dance"],"picked":"SKIP","floor":25},{"not_picked":["Sucker Punch","Flechettes","Setup"],"picked":"SKIP","floor":27},{"not_picked":["Dagger Spray","Crippling Poison"],"picked":"Backflip","floor":28},{"not_picked":["Quick Slash","Dagger Spray"],"picked":"Leg Sweep","floor":30},{"not_picked":["Corpse Explosion","Die Die Die"],"picked":"Adrenaline","floor":33},{"not_picked":["Deflect+1","Poisoned Stab"],"picked":"Cloak And Dagger","floor":35},{"not_picked":["Dagger Spray","Eviscerate+1"],"picked":"Backflip","floor":37},{"not_picked":["Sucker Punch+1","Outmaneuver+1"],"picked":"Prepared","floor":39},{"not_picked":["A Thousand Cuts","Deflect"],"picked":"Catalyst","floor":40},{"not_picked":["Dagger Throw","Outmaneuver"],"picked":"Malaise","floor":42},{"not_picked":["Terror","PiercingWail+1","Deadly Poison+1"],"picked":"SKIP","floor":44},{"not_picked":["Cloak And Dagger+1","Dagger Spray+1"],"picked":"Footwork+1","floor":48}],"player_experience":295292,"relics_obtained":[{"floor":7,"key":"Ice Cream"},{"floor":9,"key":"Pantograph"},{"floor":11,"key":"Tough Bandages"},{"floor":13,"key":"Orichalcum"},{"floor":23,"key":"Happy Flower"},{"floor":25,"key":"Lantern"},{"floor":26,"key":"Meat on the Bone"},{"floor":40,"key":"Pen Nib"},{"floor":42,"key":"Juzu Bracelet"},{"floor":43,"key":"Bronze Scales"},{"floor":44,"key":"Pear"},{"floor":45,"key":"Bird Faced Urn"}],"event_choices":[{"event_name":"The Cleric","player_choice":"Card Removal","floor":3,"damage_taken":0},{"event_name":"Upgrade Shrine","player_choice":"Upgraded","floor":10,"damage_taken":0},{"event_name":"Nest","player_choice":"Stole From Cult","floor":21,"damage_taken":0},{"event_name":"Drug Dealer","player_choice":"Ignored","floor":31,"damage_taken":0},{"event_name":"Duplicator","player_choice":"One dupe","floor":38,"damage_taken":0},{"event_name":"Mysterious Sphere","player_choice":"Fight","floor":45,"damage_taken":0},{"event_name":"Winding Halls","player_choice":"Embrace Madness","floor":46,"damage_taken":0}],"boss_relics":[{"not_picked":["Ectoplasm","Tiny House"],"picked":"Coffee Dripper"},{"not_picked":["Astrolabe","White Beast Statue"],"picked":"Sozu"}],"items_purged_floors":[20],"is_endless":false,"potions_floor_spawned":[1,4,12,19,23,27,33,39,45,48],"ascension_level":6}