{"path_per_floor":["M","?","M","?","?","E","M","?","T","R","?","?","?"],"character_chosen":"IRONCLAD","items_purchased":[],"gold_per_floor":[112,112,125,125,125,169,192,192,217,217,217,167,167,167],"floor_reached":14,"campfire_rested":1,"playtime":604,"item_purchase_floors":[],"current_hp_per_floor":[80,60,61,61,61,26,26,26,26,50,43,43,27,27],"items_purged":[],"gold":167,"score":86,"play_id":"9165293c-6103-4af4-8f0c-6560cce81441","local_time":"20180617010546","is_prod":false,"is_daily":false,"chose_seed":false,"is_ascension_mode":false,"campfire_upgraded":0,"win_rate":0.0,"timestamp":1529211946,"campfire_choices":[{"floor":10,"key":"REST"}],"path_taken":["M","?","M","?","?","E","M","?","T","R","?","?","?","M"],"build_version":"2018-06-14v2","seed_source_timestamp":48337071131420,"purchased_purges":0,"victory":false,"master_deck":["Strike_R","Strike_R","Strike_R","Defend_R+1","Defend_R+1","Defend_R","Bash+1","Dropkick","Warcry+1","Double Tap","Armaments+1"],"max_hp_per_floor":[80,80,80,80,80,80,80,80,80,80,80,80,80,80],"relics":["Burning Blood","Golden Idol","Juzu Bracelet","Bag of Preparation","War Paint"],"card_choices":[{"not_picked":["Headbutt","Pommel Strike"],"picked":"Dropkick","floor":1},{"not_picked":["Anger","Iron Wave"],"picked":"Warcry","floor":3},{"not_picked":["Anger","Perfected Strike"],"picked":"Double Tap","floor":6},{"not_picked":["Battle Trance","Reckless Charge"],"picked":"Armaments","floor":7}],"player_experience":35001,"potions_floor_usage":[],"damage_taken":[{"damage":2,"enemies":"2 Louse","floor":1,"turns":2},{"damage":5,"enemies":"Small Slimes","floor":3,"turns":3},{"damage":41,"enemies":"Lagavulin","floor":6,"turns":8},{"damage":6,"enemies":"Jaw Worm","floor":7,"turns":4},{"damage":0,"enemies":"Exordium Wildlife","floor":14,"turns":3}],"relics_obtained":[{"floor":6,"key":"Juzu Bracelet"},{"floor":9,"key":"War Paint"}],"event_choices":[{"event_name":"Golden Idol","player_choice":"Take Damage","floor":2,"damage_taken":0},{"event_name":"Wheel of Change","player_choice":"Card Removal","floor":4,"damage_taken":0},{"event_name":"Living Wall","player_choice":"Grow","floor":5,"damage_taken":0},{"event_name":"Dead Adventurer","player_choice":"Searched \u00271\u0027 times","floor":8,"damage_taken":0},{"event_name":"Golden Wing","player_choice":"Card Removal","floor":11,"damage_taken":0},{"event_name":"The Cleric","player_choice":"Card Removal","floor":12,"damage_taken":0},{"event_name":"Shining Light","player_choice":"Entered Light","floor":13,"damage_taken":0}],"boss_relics":[],"items_purged_floors":[],"is_endless":false,"potions_floor_spawned":[6,7],"seed_played":"-1761753808998988960","killed_by":"Exordium Wildlife","ascension_level":0,"potions_obtained":[{"floor":6,"key":"Weak Potion"},{"floor":7,"key":"Block Potion"}],"is_trial":false}