{"gold_per_floor":[113,127,302,317,48,79,79,112,163,163,179,13,26,40,40,141,141,161,174,37,48,9,9,29,59,59,90,90,101,114,133,133,228,228,245,262,31,51,61,79,79,79,104,104,1,15,45,45],"floor_reached":48,"playtime":5606,"items_purged":["Doubt"],"score":543,"play_id":"277acc88-1861-4e85-b39f-5f5ca47feaf9","local_time":"20180710035133","is_ascension_mode":false,"campfire_choices":[{"floor":7.0,"key":"REST"},{"data":"Offering","floor":10.0,"key":"SMITH"},{"data":"True Grit","floor":15.0,"key":"SMITH"},{"data":"Spot Weakness","floor":23.0,"key":"SMITH"},{"floor":28.0,"key":"REST"},{"floor":32.0,"key":"REST"},{"floor":42,"key":"REST"},{"floor":44,"key":"REST"}],"neow_cost":"NONE","seed_source_timestamp":0,"circlet_count":0,"master_deck":["Strike_R","Strike_R","Strike_R","Strike_R","Strike_R","Defend_R","Defend_R","Defend_R","Defend_R","Bash+1","Warcry","Intimidate","Rampage","Offering+1","Reckless Charge","Shrug It Off+1","Brutality","Bludgeon","True Grit+1","Finesse","Metallicize","Uppercut","Exhume+1","Second Wind","Body Slam","Reaper","Spot Weakness+1","Heavy Blade+1","Metallicize","Impervious","Sentinel","Sever Soul","Dual Wield","Evolve","Dark Embrace","Pain","Clumsy","Injury","Wild Strike","Battle Trance+1","Transmutation","Havoc","Flame Barrier","Exhume","Madness","Madness","Purity","Seeing Red+1"],"special_seed":0,"relics":["Burning Blood","Self Forming Clay","Potion Belt","Ancient Tea Set","Snecko Eye","Happy Flower","Gambling Chip","Charon\u0027s Ashes","Calling Bell","Matryoshka","Torii","War Paint","Blood Vial","Boot","Smiling Mask"],"potions_floor_usage":[39,47],"damage_taken":[{"damage":8.0,"enemies":"Jaw Worm","floor":1.0,"turns":3.0},{"damage":1.0,"enemies":"Cultist","floor":2.0,"turns":3.0},{"damage":7.0,"enemies":"Small Slimes","floor":4.0,"turns":3.0},{"damage":27.0,"enemies":"Lagavulin","floor":6.0,"turns":6.0},{"damage":26.0,"enemies":"3 Sentries","floor":8.0,"turns":8.0},{"damage":3.0,"enemies":"3 Louse","floor":11.0,"turns":3.0},{"damage":4.0,"enemies":"Looter","floor":13.0,"turns":2.0},{"damage":1.0,"enemies":"2 Fungi Beasts","floor":14.0,"turns":4.0},{"damage":17.0,"enemies":"Slime Boss","floor":16.0,"turns":10.0},{"damage":17.0,"enemies":"Chosen","floor":18.0,"turns":6.0},{"damage":10.0,"enemies":"Spheric Guardian","floor":19.0,"turns":4.0},{"damage":9.0,"enemies":"Cultist and Chosen","floor":21.0,"turns":4.0},{"damage":25.0,"enemies":"Snake Plant","floor":24.0,"turns":3.0},{"damage":57.0,"enemies":"Gremlin Leader","floor":25.0,"turns":6.0},{"damage":11.0,"enemies":"Slavers","floor":27.0,"turns":5.0},{"damage":8.0,"enemies":"3 Cultists","floor":29.0,"turns":3.0},{"damage":6.0,"enemies":"Snecko","floor":30.0,"turns":4.0},{"damage":16.0,"enemies":"Snake Plant","floor":31.0,"turns":5.0},{"damage":79.0,"enemies":"Champ","floor":33.0,"turns":9.0},{"damage":13,"enemies":"3 Darklings","floor":35,"turns":7},{"damage":43,"enemies":"Orb Walker","floor":36,"turns":5},{"damage":19,"enemies":"3 Darklings","floor":38,"turns":4},{"damage":14,"enemies":"Sphere and 2 Shapes","floor":39,"turns":4},{"damage":39,"enemies":"4 Shapes","floor":40,"turns":5},{"damage":22,"enemies":"3 Darklings","floor":46,"turns":3},{"damage":38,"enemies":"Nemesis","floor":47,"turns":9},{"damage":47,"enemies":"Maw","floor":48,"turns":6}],"seed_played":"8169253755323999526","potions_obtained":[{"floor":2.0,"key":"Swift Potion"},{"floor":11.0,"key":"FearPotion"},{"floor":13.0,"key":"Ancient Potion"},{"floor":16.0,"key":"Fire Potion"},{"floor":18.0,"key":"Energy Potion"},{"floor":19.0,"key":"Dexterity Potion"},{"floor":29.0,"key":"SteroidPotion"},{"floor":30.0,"key":"SteroidPotion"},{"floor":31.0,"key":"Regen Potion"},{"floor":38,"key":"SkillPotion"},{"floor":46,"key":"Fruit Juice"}],"is_trial":false,"path_per_floor":["M","M","?","M","$","E","R","E","T","R","M","$","M","M","R","B",null,"M","M","$","M","$","R","M","E","T","E","R","M","M","M","R","B",null,"M","M","$","M","M","M","?","R","T","R","$","M","E"],"character_chosen":"IRONCLAD","items_purchased":["Offering","Reckless Charge","Shrug It Off","Finesse","Metallicize","Reaper","Spot Weakness","Metallicize","Transmutation","Havoc","Purity"],"campfire_rested":5,"item_purchase_floors":[5,5,5,12,12,20,20,22,37,37,45],"current_hp_per_floor":[78,80,80,79,79,58,80,60,60,60,63,63,65,70,70,59,80,69,65,65,76,76,76,57,20,20,15,39,40,58,48,72,26,80,80,43,43,58,58,25,15,39,39,63,63,49,28,0],"gold":45,"neow_bonus":"UPGRADE_CARD","is_prod":false,"is_daily":false,"chose_seed":false,"campfire_upgraded":3,"win_rate":0.0,"timestamp":1531209093,"path_taken":["M","M","?","M","$","E","R","E","T","R","M","$","M","M","R","BOSS","M","M","$","M","$","R","M","E","T","E","R","M","M","M","R","BOSS","M","M","$","M","M","M","?","R","T","R","$","M","E","M"],"build_version":"2018-07-05","purchased_purges":1,"victory":false,"max_hp_per_floor":[80,80,80,80,80,80,80,80,80,80,80,80,80,80,80,80,80,80,80,80,80,80,80,80,80,80,80,80,80,80,80,80,80,80,80,80,80,80,80,80,80,80,80,80,80,80,85,85],"card_choices":[{"not_picked":["Clothesline","Infernal Blade"],"picked":"Warcry","floor":1.0},{"not_picked":["Fire Breathing","Pommel Strike"],"picked":"Intimidate","floor":2.0},{"not_picked":["Armaments","Pommel Strike"],"picked":"Rampage","floor":4.0},{"not_picked":["Shrug It Off","Headbutt"],"picked":"Brutality","floor":6.0},{"not_picked":["Pummel","Barricade"],"picked":"Bludgeon","floor":8.0},{"not_picked":["Carnage","Perfected Strike"],"picked":"True Grit","floor":11.0},{"not_picked":["Iron Wave","Twin Strike","Perfected Strike"],"picked":"SKIP","floor":13.0},{"not_picked":["Body Slam","Pommel Strike"],"picked":"Uppercut","floor":14.0},{"not_picked":["Limit Break","Dark Embrace"],"picked":"Exhume","floor":16.0},{"not_picked":["Cleave","Ghostly Armor+1"],"picked":"Second Wind","floor":18.0},{"not_picked":["Clash","Carnage"],"picked":"Body Slam","floor":19.0},{"not_picked":["Twin Strike","Clothesline"],"picked":"Heavy Blade+1","floor":21.0},{"not_picked":["Anger","Disarm"],"picked":"Impervious","floor":24.0},{"not_picked":["Anger+1","Brutality"],"picked":"Sentinel","floor":25.0},{"not_picked":["Anger","Cleave"],"picked":"Sever Soul","floor":27.0},{"not_picked":["Anger+1","Ghostly Armor+1"],"picked":"Dual Wield","floor":29.0},{"not_picked":["Flex","Clothesline"],"picked":"Evolve","floor":30.0},{"not_picked":["Thunderclap","Perfected Strike","Combust+1"],"picked":"SKIP","floor":31.0},{"not_picked":["Exhume","Berserk"],"picked":"Dark Embrace","floor":33.0},{"not_picked":["Shrug It Off+1","Corruption"],"picked":"Wild Strike","floor":35},{"not_picked":["Armaments","Shockwave"],"picked":"Battle Trance+1","floor":36},{"not_picked":["Power Through+1","Armaments+1"],"picked":"Flame Barrier","floor":38},{"not_picked":["Anger+1","Wild Strike"],"picked":"Exhume","floor":39},{"not_picked":["Sword Boomerang+1","Infernal Blade","Clothesline+1"],"picked":"SKIP","floor":40},{"not_picked":["Reckless Charge+1","Headbutt","Armaments"],"picked":"SKIP","floor":46},{"not_picked":["Shockwave","Evolve+1"],"picked":"Seeing Red+1","floor":47}],"player_experience":116223,"relics_obtained":[{"floor":6.0,"key":"Self Forming Clay"},{"floor":8.0,"key":"Potion Belt"},{"floor":9.0,"key":"Ancient Tea Set"},{"floor":25.0,"key":"Happy Flower"},{"floor":26.0,"key":"Gambling Chip"},{"floor":27.0,"key":"Charon\u0027s Ashes"},{"floor":34,"key":"Matryoshka"},{"floor":34,"key":"Torii"},{"floor":34,"key":"War Paint"},{"floor":43,"key":"Blood Vial"},{"floor":43,"key":"Boot"},{"floor":47,"key":"Smiling Mask"}],"event_choices":[{"event_name":"Liars Game","player_choice":"agreed","floor":3.0,"damage_taken":0.0},{"event_name":"Winding Halls","player_choice":"Embrace Madness","floor":41,"damage_taken":0}],"boss_relics":[{"not_picked":["Velvet Choker","Black Blood"],"picked":"Snecko Eye"},{"not_picked":["Sozu","Lizard Tail"],"picked":"Calling Bell"}],"items_purged_floors":[5],"is_endless":false,"potions_floor_spawned":[2,11,13,16,18,19,29,30,31,38,46],"killed_by":"Maw","ascension_level":0}