{"gold_per_floor":[111,111,286,286,286,286,315,325,325,34,53,67,67,77,77,179,179,193,179,196,5,16,26,43,53,53,70,70,90,5,5,5,5],"floor_reached":33,"playtime":3518,"items_purged":["Doubt","Strike_B"],"score":278,"play_id":"023d95b2-3b8c-493e-b8ff-afbf99ddc87a","local_time":"20181105005718","is_ascension_mode":false,"campfire_choices":[{"data":"Static Discharge","floor":6,"key":"SMITH"},{"data":"Discovery","floor":13,"key":"SMITH"},{"data":"Scrape","floor":15,"key":"SMITH"},{"floor":28,"key":"REST"},{"floor":32,"key":"REST"}],"neow_cost":"NONE","seed_source_timestamp":35925722801450,"circlet_count":0,"master_deck":["Strike_B+1","Strike_B","Defend_B","Defend_B","Defend_B","Defend_B","Zap+1","Dualcast","Static Discharge+1","Reboot","Self Repair","Glacier","Go for the Eyes","Discovery+1","Scrape+1","Redo","Steam","Doom and Gloom","Conserve Battery","Go for the Eyes","Thunder Strike","Compile Driver","Coolheaded+1","Reprogram","Steam Power","Madness","Streamline","Redo","Melter+1","Chill","Steam","Sweeping Beam+1","Decay"],"relics":["Cracked Core","NeowsBlessing","Prayer Wheel","Calipers","WingedGreaves","Black Star","Question Card","Strawberry"],"potions_floor_usage":[16,16,20,22,23,24],"damage_taken":[{"damage":0,"enemies":"2 Louse","floor":1,"turns":1},{"damage":0,"enemies":"Lagavulin","floor":7,"turns":3},{"damage":0,"enemies":"Small Slimes","floor":8,"turns":1},{"damage":6,"enemies":"Jaw Worm","floor":11,"turns":2},{"damage":5,"enemies":"Looter","floor":12,"turns":3},{"damage":9,"enemies":"Exordium Thugs","floor":14,"turns":3},{"damage":35,"enemies":"The Guardian","floor":16,"turns":9},{"damage":1,"enemies":"Shell Parasite","floor":18,"turns":7},{"damage":15,"enemies":"2 Thieves","floor":19,"turns":4},{"damage":16,"enemies":"Snecko","floor":20,"turns":5},{"damage":3,"enemies":"Snake Plant","floor":22,"turns":6},{"damage":21,"enemies":"Chosen and Byrds","floor":23,"turns":6},{"damage":17,"enemies":"Cultist and Chosen","floor":24,"turns":6},{"damage":6,"enemies":"Centurion and Healer","floor":25,"turns":7},{"damage":16,"enemies":"Snake Plant","floor":27,"turns":6},{"damage":19,"enemies":"3 Cultists","floor":29,"turns":5},{"damage":53,"enemies":"Automaton","floor":33,"turns":6}],"seed_played":"7602256389372579785","potions_obtained":[{"floor":1,"key":"FocusPotion"},{"floor":8,"key":"SkillPotion"},{"floor":11,"key":"SpeedPotion"},{"floor":14,"key":"SteroidPotion"},{"floor":16,"key":"FocusPotion"},{"floor":18,"key":"Weak Potion"},{"floor":19,"key":"Block Potion"},{"floor":22,"key":"SteroidPotion"},{"floor":23,"key":"SpeedPotion"}],"is_trial":false,"path_per_floor":["M","?","?","?","?","R","E","M","T","$","M","M","R","M","R","B",null,"M","M","M","$","M","M","M","M","T","M","R","M","?","?","R","B"],"character_chosen":"DEFECT","items_purchased":["Discovery","Scrape","Redo","Madness"],"campfire_rested":2,"item_purchase_floors":[10,10,10,21],"current_hp_per_floor":[75,57,57,57,42,42,42,49,49,49,43,45,45,43,43,15,75,75,67,51,51,48,34,17,18,18,9,31,12,19,19,43,0],"gold":5,"neow_bonus":"THREE_ENEMY_KILL","is_prod":false,"is_daily":false,"chose_seed":false,"campfire_upgraded":3,"win_rate":0.0,"timestamp":1541397438,"path_taken":["M","?","?","?","?","R","E","M","T","$","M","M","R","M","R","BOSS","M","M","M","$","M","M","M","M","T","M","R","M","?","?","R","BOSS"],"build_version":"2018-11-02","purchased_purges":2,"victory":false,"max_hp_per_floor":[75,75,75,75,75,75,75,75,75,75,75,75,75,75,75,75,75,75,75,75,75,75,75,75,75,75,75,75,75,82,82,82,82],"card_choices":[{"not_picked":["Barrage","Hologram"],"picked":"Static Discharge","floor":1},{"not_picked":["Thunder Strike","Storm"],"picked":"Self Repair","floor":7},{"not_picked":["Compile Driver","Consume"],"picked":"Glacier","floor":8},{"not_picked":["Beam Cell","Defragment"],"picked":"Go for the Eyes","floor":8},{"not_picked":["Reinforced Body","Gash"],"picked":"Steam","floor":11},{"not_picked":["Consume","Storm"],"picked":"Doom and Gloom","floor":11},{"not_picked":["Stack","Conserve Battery","Loop"],"picked":"SKIP","floor":12},{"not_picked":["Fusion","Consume","Lockon"],"picked":"SKIP","floor":12},{"not_picked":["Stack","Loop"],"picked":"Conserve Battery","floor":12},{"not_picked":["Fusion","Consume","Lockon"],"picked":"SKIP","floor":12},{"not_picked":["Steam Power","Chaos"],"picked":"Go for the Eyes","floor":14},{"not_picked":["Streamline","Genetic Algorithm","Barrage"],"picked":"SKIP","floor":14},{"not_picked":["Amplify","Creative AI"],"picked":"Thunder Strike","floor":16},{"not_picked":["Ball Lightning","Stack"],"picked":"Compile Driver","floor":18},{"not_picked":["Gash+1","Loop"],"picked":"Coolheaded+1","floor":18},{"not_picked":["Ball Lightning+1","Defragment"],"picked":"Reprogram","floor":19},{"not_picked":["Conserve Battery+1","FTL"],"picked":"Steam Power","floor":19},{"not_picked":["Barrage","Beam Cell","Doom and Gloom"],"picked":"SKIP","floor":20},{"not_picked":["Leap","Hello World","Double Energy"],"picked":"SKIP","floor":20},{"not_picked":["Self Repair","Double Energy","Auto Shields"],"picked":"SKIP","floor":22},{"not_picked":["FTL","Cold Snap","Go for the Eyes"],"picked":"SKIP","floor":22},{"not_picked":["Buffer","Gash"],"picked":"Streamline","floor":23},{"not_picked":["Ball Lightning","Steam","Sweeping Beam+1"],"picked":"SKIP","floor":23},{"not_picked":["Lockon+1","Reinforced Body+1"],"picked":"Redo","floor":24},{"not_picked":["Sweeping Beam","Barrage","Darkness"],"picked":"SKIP","floor":24},{"not_picked":["Blizzard","Cold Snap"],"picked":"Melter+1","floor":25},{"not_picked":["Fusion","Leap","Consume"],"picked":"SKIP","floor":25},{"not_picked":["Compile Driver+1","Glacier","Capacitor"],"picked":"Chill","floor":27},{"not_picked":["Rainbow","Gash","Sweeping Beam+1","Steam"],"picked":"SKIP","floor":27},{"not_picked":["Ball Lightning","Barrage+1","Gash"],"picked":"Steam","floor":29},{"not_picked":["Barrage","Fusion","Heatsinks"],"picked":"Sweeping Beam+1","floor":29}],"player_experience":18643,"relics_obtained":[{"floor":7,"key":"Calipers"},{"floor":9,"key":"WingedGreaves"},{"floor":26,"key":"Question Card"}],"event_choices":[{"damage_healed":0,"gold_gain":0,"player_choice":"Success","damage_taken":18,"relics_obtained":["Prayer Wheel"],"max_hp_gain":0,"max_hp_loss":0,"event_name":"Scrap Ooze","floor":2,"gold_loss":0},{"damage_healed":0,"gold_gain":175,"player_choice":"AGREE","damage_taken":0,"max_hp_gain":0,"max_hp_loss":0,"event_name":"Liars Game","floor":3,"gold_loss":0,"cards_obtained":["Doubt"]},{"damage_healed":0,"gold_gain":0,"cards_transformed":["Strike_B"],"player_choice":"Change","damage_taken":0,"max_hp_gain":0,"max_hp_loss":0,"event_name":"Living Wall","floor":4,"gold_loss":0,"cards_obtained":["Reboot"]},{"damage_healed":0,"gold_gain":0,"player_choice":"Entered Light","damage_taken":15,"max_hp_gain":0,"max_hp_loss":0,"event_name":"Shining Light","floor":5,"gold_loss":0,"cards_upgraded":["Zap","Strike_B"]},{"damage_healed":0,"gold_gain":0,"player_choice":"Obtained Relic","damage_taken":0,"relics_obtained":["Strawberry"],"max_hp_gain":0,"max_hp_loss":0,"event_name":"Addict","floor":30,"gold_loss":85},{"damage_healed":0,"gold_gain":0,"player_choice":"Smashed Altar","damage_taken":0,"max_hp_gain":0,"max_hp_loss":0,"event_name":"Forgotten Altar","floor":31,"gold_loss":0,"cards_obtained":["Decay"]}],"is_beta":true,"boss_relics":[{"not_picked":["Runic Dome","Runic Pyramid"],"picked":"Black Star"}],"items_purged_floors":[10,21],"is_endless":false,"potions_floor_spawned":[1,8,11,14,16,18,19,22,23],"killed_by":"Automaton","ascension_level":0}