{"gold_per_floor":[112,112,39,114,132,163,181,36,62,72,72,101,101,111,111,208,208,221,221,240,240,257,257,284,284,310,310,335,352,386,397,397,492,492,508,508,508,523,523,523,555,570,570,570],"floor_reached":44,"playtime":2025,"items_purged":[],"score":657,"play_id":"ddf6abf8-21e7-4651-a628-3c70c432cd98","local_time":"20190224150341","is_ascension_mode":true,"campfire_choices":[{"floor":11,"key":"REST"},{"data":"Sunder","floor":13,"key":"SMITH"},{"data":"Zap","floor":15,"key":"SMITH"},{"data":"Defragment","floor":25,"key":"SMITH"},{"data":"White Noise","floor":27,"key":"SMITH"},{"floor":32,"key":"REST"},{"data":"Echo Form","floor":40,"key":"SMITH"}],"neow_cost":"NONE","seed_source_timestamp":168055582422929,"circlet_count":0,"master_deck":["Strike_B","Strike_B","Defend_B","Defend_B","Defend_B","Zap+1","Dualcast+1","BootSequence","Coolheaded","Sunder+1","Ball Lightning+1","Cold Snap","Chill","Blizzard","Electrodynamics","Conserve Battery","White Noise+1","Defragment+1","Go for the Eyes","Loop+1","Echo Form+1","Coolheaded+1","Enlightenment","Skim+1"],"relics":["Cracked Core","Ancient Tea Set","Lantern","Centennial Puzzle","Singing Bowl","Empty Cage","Whetstone","Art of War","Potion Belt","Ornamental Fan","Inserter","Pantograph"],"potions_floor_usage":[12,16,24,30,30,33],"damage_taken":[{"damage":14,"enemies":"Jaw Worm","floor":1,"turns":4},{"damage":0,"enemies":"Cultist","floor":5,"turns":3},{"damage":46,"enemies":"3 Sentries","floor":6,"turns":9},{"damage":0,"enemies":"2 Louse","floor":7,"turns":1},{"damage":1,"enemies":"Large Slime","floor":10,"turns":4},{"damage":8,"enemies":"Gremlin Nob","floor":12,"turns":3},{"damage":0,"enemies":"Looter","floor":14,"turns":2},{"damage":12,"enemies":"Slime Boss","floor":16,"turns":9},{"damage":8,"enemies":"Chosen","floor":18,"turns":4},{"damage":16,"enemies":"Spheric Guardian","floor":20,"turns":6},{"damage":14,"enemies":"Centurion and Healer","floor":22,"turns":5},{"damage":21,"enemies":"Gremlin Leader","floor":24,"turns":6},{"damage":10,"enemies":"Snake Plant","floor":29,"turns":2},{"damage":3,"enemies":"Slavers","floor":30,"turns":5},{"damage":0,"enemies":"Chosen and Byrds","floor":31,"turns":4},{"damage":33,"enemies":"Champ","floor":33,"turns":11},{"damage":0,"enemies":"3 Shapes","floor":35,"turns":3},{"damage":12,"enemies":"Orb Walker","floor":38,"turns":5},{"damage":17,"enemies":"Nemesis","floor":41,"turns":8},{"damage":14,"enemies":"3 Darklings","floor":42,"turns":5},{"damage":46,"enemies":"Reptomancer","floor":44,"turns":2}],"seed_played":"2671471525397635175","potions_obtained":[{"floor":1,"key":"PowerPotion"},{"floor":7,"key":"SteroidPotion"},{"floor":14,"key":"Poison Potion"},{"floor":18,"key":"SteroidPotion"},{"floor":20,"key":"Strength Potion"},{"floor":22,"key":"Explosive Potion"},{"floor":31,"key":"Weak Potion"},{"floor":38,"key":"GamblersBrew"}],"is_trial":false,"path_per_floor":["M","?","$","?","M","E","M","$","T","M","R","E","R","M","R","B",null,"M","?","M","?","M","?","E","R","T","R","T","M","E","M","R","B",null,"M","?","?","M","?","R","E","M","T","E"],"character_chosen":"DEFECT","items_purchased":["BootSequence","Lantern"],"campfire_rested":2,"item_purchase_floors":[3,8],"current_hp_per_floor":[61,61,61,53,53,7,7,7,7,6,30,22,22,22,22,10,64,58,58,42,42,28,56,35,35,35,35,35,25,22,24,49,16,69,69,69,69,59,59,59,44,30,30,0],"gold":570,"neow_bonus":"TEN_PERCENT_HP_BONUS","is_prod":false,"is_daily":false,"chose_seed":false,"campfire_upgraded":5,"win_rate":0,"timestamp":1551049421,"path_taken":["M","?","$","?","M","E","?","$","T","M","R","E","R","M","R","BOSS","M","?","?","?","M","?","E","R","T","R","?","M","E","M","R","BOSS","M","?","?","?","?","R","E","M","T","E"],"build_version":"2019-01-23","purchased_purges":0,"victory":false,"max_hp_per_floor":[82,82,82,82,82,82,82,82,82,82,82,82,82,82,82,82,82,84,84,84,84,84,84,84,84,84,84,84,84,84,86,86,86,86,86,86,86,88,88,88,90,90,90,90],"card_choices":[{"not_picked":["Steam Power","Leap"],"picked":"FTL","floor":1},{"not_picked":["Compile Driver","Sweeping Beam"],"picked":"Coolheaded","floor":5},{"not_picked":["Storm","Compile Driver"],"picked":"Sunder","floor":6},{"not_picked":["Tempest","Go for the Eyes"],"picked":"Ball Lightning","floor":7},{"not_picked":["Sweeping Beam","Skim"],"picked":"Cold Snap","floor":10},{"not_picked":["Redo","Beam Cell"],"picked":"Chill","floor":12},{"not_picked":["Go for the Eyes","Compile Driver"],"picked":"Blizzard","floor":14},{"not_picked":["Core Surge","Machine Learning"],"picked":"Electrodynamics","floor":16},{"not_picked":["Stack+1","Sunder","Turbo"],"picked":"Singing Bowl","floor":18},{"not_picked":["Gash","Streamline"],"picked":"Conserve Battery","floor":20},{"not_picked":["Redo+1","Rebound"],"picked":"White Noise","floor":22},{"not_picked":["Hyperbeam","Go for the Eyes"],"picked":"Defragment","floor":24},{"not_picked":["Storm","Lockon"],"picked":"Go for the Eyes","floor":29},{"not_picked":["Leap","Hologram+1"],"picked":"Loop+1","floor":30},{"not_picked":["Melter+1","Turbo","Steam"],"picked":"Singing Bowl","floor":31},{"not_picked":["Buffer","Seek"],"picked":"Echo Form","floor":33},{"not_picked":["Leap","Melter+1"],"picked":"Coolheaded+1","floor":35},{"not_picked":["Deep Breath","Trip"],"picked":"Enlightenment","floor":36},{"not_picked":["Steam","Compile Driver+1","Hello World+1"],"picked":"Singing Bowl","floor":38},{"not_picked":["Loop","Redo","Ball Lightning+1"],"picked":"Singing Bowl","floor":41},{"not_picked":["Leap","Redo"],"picked":"Skim+1","floor":42}],"player_experience":423809,"relics_obtained":[{"floor":6,"key":"Ancient Tea Set"},{"floor":9,"key":"Centennial Puzzle"},{"floor":12,"key":"Singing Bowl"},{"floor":24,"key":"Whetstone"},{"floor":26,"key":"Art of War"},{"floor":28,"key":"Potion Belt"},{"floor":30,"key":"Ornamental Fan"},{"floor":41,"key":"Pantograph"}],"event_choices":[{"damage_healed":0,"gold_gain":0,"player_choice":"Ignored","damage_taken":0,"max_hp_gain":0,"max_hp_loss":0,"event_name":"Shining Light","floor":2,"gold_loss":0},{"damage_healed":0,"gold_gain":75,"player_choice":"Touch","damage_taken":8,"max_hp_gain":0,"max_hp_loss":0,"event_name":"FaceTrader","floor":4,"gold_loss":0},{"damage_healed":0,"gold_gain":0,"player_choice":"Upgraded","damage_taken":0,"max_hp_gain":0,"max_hp_loss":0,"event_name":"Upgrade Shrine","floor":19,"gold_loss":0,"cards_upgraded":["Dualcast"]},{"cards_removed":["Defend_B"],"damage_healed":0,"gold_gain":0,"player_choice":"Elegance","damage_taken":0,"max_hp_gain":0,"max_hp_loss":0,"event_name":"Back to Basics","floor":21,"gold_loss":0},{"damage_healed":28,"gold_gain":0,"player_choice":"Heal","damage_taken":0,"max_hp_gain":0,"max_hp_loss":0,"event_name":"The Library","floor":23,"gold_loss":0},{"damage_healed":0,"gold_gain":0,"player_choice":"Memory 1","damage_taken":0,"max_hp_gain":0,"max_hp_loss":0,"event_name":"SensoryStone","floor":36,"gold_loss":0},{"damage_healed":0,"gold_gain":0,"player_choice":"Ignored","damage_taken":0,"max_hp_gain":0,"max_hp_loss":0,"event_name":"SecretPortal","floor":37,"gold_loss":0},{"cards_removed":["FTL"],"damage_healed":0,"gold_gain":0,"player_choice":"Removed Attack","damage_taken":0,"max_hp_gain":0,"max_hp_loss":0,"event_name":"Falling","floor":39,"gold_loss":0}],"is_beta":false,"boss_relics":[{"not_picked":["Cursed Key","Sozu"],"picked":"Empty Cage"},{"not_picked":["Snecko Eye","Busted Crown"],"picked":"Inserter"}],"items_purged_floors":[],"is_endless":false,"potions_floor_spawned":[1,7,14,18,20,22,31,38],"killed_by":"Reptomancer","ascension_level":6}