{"gold_per_floor":[211,227,227,243,100,127,127,152,152,152,162,176,194,206,206,206],"floor_reached":16,"playtime":2649,"items_purged":["Regret"],"score":104,"play_id":"ea62bb27-b54b-4cdc-87f2-60378383f031","local_time":"20190113132726","is_ascension_mode":false,"campfire_choices":[{"data":"Footwork","floor":7,"key":"SMITH"},{"floor":10,"key":"REST"},{"floor":15,"key":"REST"}],"neow_cost":"NONE","seed_source_timestamp":222205201085478,"circlet_count":0,"master_deck":["Defend_G","Defend_G","Defend_G","Defend_G","Defend_G","Strike_G","Strike_G","Strike_G","Strike_G","Strike_G","Survivor","Neutralize","Backflip","Blur","Backflip","Footwork+1","Caltrops","Catalyst","Deflect"],"relics":["Ring of the Snake","Unceasing Top","Dodecahedron","Odd Mushroom","Mummified Hand"],"potions_floor_usage":[13,14,16],"damage_taken":[{"damage":2,"enemies":"Small Slimes","floor":1,"turns":6},{"damage":0,"enemies":"2 Louse","floor":2,"turns":5},{"damage":4,"enemies":"Jaw Worm","floor":4,"turns":6},{"damage":15,"enemies":"3 Sentries","floor":6,"turns":16},{"damage":37,"enemies":"The Mushroom Lair","floor":8,"turns":9},{"damage":0,"enemies":"Exordium Wildlife","floor":11,"turns":6},{"damage":18,"enemies":"Gremlin Gang","floor":12,"turns":11},{"damage":0,"enemies":"Lots of Slimes","floor":13,"turns":6},{"damage":0,"enemies":"2 Fungi Beasts","floor":14,"turns":5},{"damage":38,"enemies":"Hexaghost","floor":16,"turns":18}],"seed_played":"2855157704936340470","potions_obtained":[{"floor":8,"key":"GamblersBrew"},{"floor":11,"key":"Swift Potion"},{"floor":12,"key":"GhostInAJar"},{"floor":13,"key":"Dexterity Potion"}],"is_trial":false,"path_per_floor":["M","M","?","M","$","E","R","?","T","R","M","M","M","M","R","B"],"character_chosen":"THE_SILENT","items_purchased":["Footwork"],"campfire_rested":2,"item_purchase_floors":[5],"current_hp_per_floor":[68,68,68,64,64,49,49,12,12,33,33,15,15,15,36,0],"gold":206,"neow_bonus":"HUNDRED_GOLD","is_prod":false,"is_daily":false,"chose_seed":false,"campfire_upgraded":1,"win_rate":0.0,"timestamp":1547414846,"path_taken":["M","M","?","M","$","E","R","?","T","R","M","M","M","M","R","BOSS"],"build_version":"2019-01-10","purchased_purges":1,"victory":false,"max_hp_per_floor":[70,70,70,70,70,70,70,70,70,70,70,70,70,70,70,70],"card_choices":[{"not_picked":["Dodge and Roll","Tactician"],"picked":"Backflip","floor":1},{"not_picked":["Eviscerate","Slice"],"picked":"Blur","floor":2},{"not_picked":["Acrobatics","Deadly Poison"],"picked":"Backflip","floor":4},{"not_picked":["Poisoned Stab","Underhanded Strike"],"picked":"Caltrops","floor":6},{"not_picked":["Prepared","Sucker Punch"],"picked":"Catalyst","floor":8},{"not_picked":["Bullet Time","Blade Dance","Outmaneuver"],"picked":"SKIP","floor":11},{"not_picked":["Slice","Outmaneuver","Sucker Punch"],"picked":"SKIP","floor":12},{"not_picked":["Blade Dance","Skewer","Underhanded Strike"],"picked":"SKIP","floor":13},{"not_picked":["Predator","Bane"],"picked":"Deflect","floor":14}],"player_experience":55087,"relics_obtained":[{"floor":6,"key":"Dodecahedron"},{"floor":8,"key":"Odd Mushroom"},{"floor":9,"key":"Mummified Hand"}],"event_choices":[{"damage_healed":0,"gold_gain":0,"player_choice":"Box","damage_taken":0,"relics_obtained":["Unceasing Top"],"max_hp_gain":0,"max_hp_loss":0,"event_name":"Big Fish","floor":3,"gold_loss":0,"cards_obtained":["Regret"]},{"damage_healed":0,"gold_gain":0,"player_choice":"Fought Mushrooms","damage_taken":0,"max_hp_gain":0,"max_hp_loss":0,"event_name":"Mushrooms","floor":8,"gold_loss":0}],"is_beta":false,"boss_relics":[],"items_purged_floors":[5],"is_endless":false,"potions_floor_spawned":[8,11,12,13],"killed_by":"Hexaghost","ascension_level":0}