{"gold_per_floor":[118,138,149,149,169,200,200,216,216,216,245,245,277,296,296,392,392,409,424,424],"floor_reached":20,"playtime":1523,"items_purged":[],"score":196,"play_id":"b52c5bce-85c7-45a2-a485-4aa3c9f248b7","local_time":"20180702021533","is_ascension_mode":false,"campfire_choices":[{"floor":10,"key":"REST"},{"floor":15,"key":"REST"}],"neow_cost":"","seed_source_timestamp":52415289318889,"circlet_count":0,"master_deck":["Strike_R","Strike_R","Strike_R","Strike_R","Strike_R","Defend_R","Defend_R","Defend_R","Defend_R+1","Bash","Pummel","Wild Strike","Flex","Heavy Blade","Dark Embrace","Whirlwind","Spot Weakness","Fire Breathing","Disarm","Warcry"],"relics":["Burning Blood","Dead Branch","Potion Belt","Ancient Tea Set","Kunai","Mummified Hand"],"potions_floor_usage":[6,6,6,13,14],"damage_taken":[{"damage":9,"enemies":"Cultist","floor":1,"turns":4},{"damage":0,"enemies":"Small Slimes","floor":2,"turns":4},{"damage":13,"enemies":"Jaw Worm","floor":3,"turns":3},{"damage":8,"enemies":"Red Slaver","floor":5,"turns":3},{"damage":34,"enemies":"Gremlin Nob","floor":6,"turns":5},{"damage":11,"enemies":"Blue Slaver","floor":8,"turns":4},{"damage":19,"enemies":"3 Sentries","floor":11,"turns":7},{"damage":13,"enemies":"Lagavulin","floor":13,"turns":6},{"damage":21,"enemies":"Exordium Thugs","floor":14,"turns":5},{"damage":24,"enemies":"The Guardian","floor":16,"turns":8},{"damage":49,"enemies":"2 Thieves","floor":18,"turns":5},{"damage":35,"enemies":"Spheric Guardian","floor":19,"turns":7},{"damage":12,"enemies":"Centurion and Healer","floor":20,"turns":2}],"seed_played":"691897594408705961","potions_obtained":[{"floor":2,"key":"PowerPotion"},{"floor":3,"key":"SneckoOil"},{"floor":5,"key":"Weak Potion"},{"floor":11,"key":"Block Potion"},{"floor":13,"key":"Swift Potion"},{"floor":19,"key":"Explosive Potion"}],"is_trial":false,"path_per_floor":["M","M","M","?","M","E","?","M","T","R","E","T","E","M","R","B",null,"M","M"],"character_chosen":"IRONCLAD","items_purchased":[],"campfire_rested":2,"item_purchase_floors":[],"current_hp_per_floor":[77,80,73,73,71,43,43,38,38,62,49,49,42,27,51,39,80,37,8,0],"gold":424,"neow_bonus":"","is_prod":false,"is_daily":false,"chose_seed":false,"campfire_upgraded":0,"win_rate":0.0,"timestamp":1530512133,"path_taken":["M","M","M","?","?","E","?","M","T","R","E","?","E","M","R","BOSS","M","M","M"],"build_version":"2018-06-28","purchased_purges":0,"victory":false,"max_hp_per_floor":[80,80,80,80,80,80,80,80,80,80,80,80,80,80,80,80,80,80,80,80],"card_choices":[{"not_picked":["Clothesline","Sever Soul"],"picked":"Pummel","floor":1},{"not_picked":["Body Slam","Burning Pact"],"picked":"Wild Strike","floor":2},{"not_picked":["Clothesline","Cleave"],"picked":"Flex","floor":3},{"not_picked":["Sword Boomerang","Body Slam"],"picked":"Heavy Blade","floor":5},{"not_picked":["Entrench","Shrug It Off"],"picked":"Dark Embrace","floor":6},{"not_picked":["Blood for Blood","Thunderclap","Sword Boomerang"],"picked":"SKIP","floor":8},{"not_picked":["Flame Barrier","Combust"],"picked":"Spot Weakness","floor":11},{"not_picked":["Havoc","Dual Wield"],"picked":"Fire Breathing","floor":13},{"not_picked":["Armaments","Headbutt"],"picked":"Disarm","floor":14},{"not_picked":["Havoc+1","Pommel Strike+1"],"picked":"Warcry","floor":18},{"not_picked":["Disarm","Anger","Iron Wave+1"],"picked":"SKIP","floor":19}],"player_experience":75486,"relics_obtained":[{"floor":6,"key":"Dead Branch"},{"floor":9,"key":"Potion Belt"},{"floor":11,"key":"Ancient Tea Set"},{"floor":12,"key":"Kunai"},{"floor":13,"key":"Mummified Hand"}],"event_choices":[{"event_name":"Upgrade Shrine","player_choice":"Upgraded","floor":4,"damage_taken":0},{"event_name":"Match and Keep!","player_choice":"1 cards matched","floor":7,"damage_taken":0}],"boss_relics":[{"not_picked":["Fusion Hammer","Coffee Dripper","Runic Pyramid"]}],"items_purged_floors":[],"is_endless":false,"potions_floor_spawned":[2,3,5,11,13,19],"killed_by":"Centurion and Healer","ascension_level":0}