{"gold_per_floor":[365,365,440,456,68,79,79,114,114,143,143,171,181,199,199,278,278,292,207,207,39,39,74,74,87,114,114,134,152,152,166,166,240,240,253,253,266,266,277,309,309,337,382,382,342,20,37,56,56,56,56],"floor_reached":51,"playtime":4613,"items_purged":[],"score":1390,"play_id":"52b924c1-ad02-4819-be04-6da4b5b51279","local_time":"20190302162235","is_ascension_mode":true,"campfire_choices":[{"data":"Uppercut","floor":7,"key":"SMITH"},{"data":"Spot Weakness","floor":11,"key":"SMITH"},{"data":"Bash","floor":15,"key":"SMITH"},{"data":"Immolate","floor":24,"key":"SMITH"},{"data":"True Grit","floor":27,"key":"SMITH"},{"data":"True Grit","floor":32,"key":"SMITH"},{"floor":44,"key":"RECALL"},{"floor":49,"key":"REST"}],"neow_cost":"TEN_PERCENT_HP_LOSS","seed_source_timestamp":13541944470932,"circlet_count":0,"master_deck":["AscendersBane","Strike_R","Strike_R","Strike_R","Strike_R","Strike_R","Defend_R","Defend_R","Defend_R","Defend_R","Bash+1","Anger","Uppercut+1","Thunderclap","Spot Weakness+1","Twin Strike","Exhume","Armaments","Iron Wave","Immolate+1","True Grit+1","Shrug It Off","Thunderclap","True Grit+1","Thunderclap","Offering","Fiend Fire","Shockwave","Perfected Strike","True Grit"],"relics":["Burning Blood","FossilizedHelix","Centennial Puzzle","Letter Opener","Champion Belt","Juzu Bracelet","Snecko Eye","Shuriken","Oddly Smooth Stone","StoneCalendar","Potion Belt","MutagenicStrength","Busted Crown","Lantern","Gremlin Horn","Paper Frog"],"potions_floor_usage":[8,10,12,14,33,40,40,50,50,51,51],"damage_taken":[{"damage":13,"enemies":"Cultist","floor":1,"turns":5},{"damage":7,"enemies":"2 Louse","floor":4,"turns":4},{"damage":0,"enemies":"Small Slimes","floor":6,"turns":3},{"damage":25,"enemies":"3 Sentries","floor":8,"turns":8},{"damage":12,"enemies":"Lagavulin","floor":10,"turns":7},{"damage":10,"enemies":"3 Sentries","floor":12,"turns":5},{"damage":0,"enemies":"Blue Slaver","floor":13,"turns":3},{"damage":0,"enemies":"Gremlin Gang","floor":14,"turns":5},{"damage":21,"enemies":"Slime Boss","floor":16,"turns":8},{"damage":0,"enemies":"Spheric Guardian","floor":18,"turns":3},{"damage":15,"enemies":"Slavers","floor":23,"turns":3},{"damage":0,"enemies":"Shell Parasite","floor":25,"turns":3},{"damage":0,"enemies":"Shelled Parasite and Fungi","floor":28,"turns":2},{"damage":7,"enemies":"Cultist and Chosen","floor":29,"turns":5},{"damage":0,"enemies":"3 Cultists","floor":31,"turns":3},{"damage":30,"enemies":"Automaton","floor":33,"turns":7},{"damage":0,"enemies":"Orb Walker","floor":35,"turns":3},{"damage":16,"enemies":"3 Darklings","floor":37,"turns":4},{"damage":18,"enemies":"Spire Growth","floor":39,"turns":3},{"damage":21,"enemies":"Giant Head","floor":40,"turns":6},{"damage":31,"enemies":"Reptomancer","floor":42,"turns":6},{"damage":0,"enemies":"4 Shapes","floor":47,"turns":4},{"damage":5,"enemies":"Sphere and 2 Shapes","floor":48,"turns":4},{"damage":49,"enemies":"Donu and Deca","floor":50,"turns":6},{"damage":12,"enemies":"Awakened One","floor":51,"turns":3}],"seed_played":"-4690526683827002559","potions_obtained":[{"floor":4,"key":"Swift Potion"},{"floor":6,"key":"Block Potion"},{"floor":8,"key":"Block Potion"},{"floor":12,"key":"SteroidPotion"},{"floor":23,"key":"FearPotion"},{"floor":25,"key":"EssenceOfSteel"},{"floor":33,"key":"Swift Potion"},{"floor":37,"key":"Swift Potion"},{"floor":45,"key":"EssenceOfSteel"},{"floor":45,"key":"FairyPotion"},{"floor":45,"key":"FearPotion"},{"floor":47,"key":"Weak Potion"},{"floor":48,"key":"EssenceOfSteel"}],"is_trial":false,"path_per_floor":["M","$","?","M","$","M","R","E","T","E","R","E","M","M","R","B",null,"M","?","?","$","?","E","R","M","T","R","M","M","?","M","R","B",null,"M","?","M","?","M","E","?","E","T","R","?","$","M","M","R","B","B"],"character_chosen":"IRONCLAD","items_purchased":["FossilizedHelix","AttackPotion","Oddly Smooth Stone","Shockwave","Paper Frog"],"campfire_rested":1,"item_purchase_floors":[5,5,21,46,46],"current_hp_per_floor":[61,61,50,49,49,55,55,36,36,30,30,26,32,38,38,23,57,63,63,53,53,53,44,44,50,50,50,56,55,55,61,61,37,60,66,65,55,55,43,28,53,28,28,28,28,28,34,35,50,7,0],"gold":56,"neow_bonus":"TWO_FIFTY_GOLD","is_prod":false,"is_daily":false,"chose_seed":false,"campfire_upgraded":6,"win_rate":0,"timestamp":1551496955,"path_taken":["M","?","?","M","$","M","R","E","T","E","R","E","M","M","R","BOSS","M","?","?","$","?","E","R","M","T","R","M","M","?","M","R","BOSS","M","?","M","?","M","E","?","E","T","R","?","$","M","M","R","BOSS","BOSS"],"build_version":"2019-01-23","purchased_purges":0,"victory":false,"max_hp_per_floor":[68,68,68,68,68,68,68,68,68,68,68,68,68,68,68,68,68,68,68,68,68,68,68,68,68,68,68,68,68,68,68,68,68,68,68,65,65,65,65,65,53,53,53,53,53,53,53,53,53,53,53],"card_choices":[{"not_picked":["Rage","Perfected Strike"],"picked":"Anger","floor":1},{"not_picked":["Cleave","Bloodletting"],"picked":"Uppercut","floor":4},{"not_picked":["Heavy Blade","Havoc"],"picked":"Thunderclap","floor":6},{"not_picked":["Reckless Charge","Clothesline"],"picked":"Spot Weakness","floor":8},{"not_picked":["Spot Weakness","Dual Wield"],"picked":"Twin Strike","floor":10},{"not_picked":["Clothesline","Cleave"],"picked":"Exhume","floor":12},{"not_picked":["Iron Wave","Heavy Blade"],"picked":"Armaments","floor":13},{"not_picked":["Spot Weakness","Blood for Blood"],"picked":"Iron Wave","floor":14},{"not_picked":["Limit Break","Juggernaut"],"picked":"Immolate","floor":16},{"not_picked":["Cleave","Headbutt"],"picked":"True Grit","floor":18},{"not_picked":["Warcry","Iron Wave"],"picked":"Shrug It Off","floor":23},{"not_picked":["Sword Boomerang","Clash"],"picked":"Thunderclap","floor":25},{"not_picked":["Cleave","Armaments"],"picked":"True Grit","floor":28},{"not_picked":["True Grit","Clothesline"],"picked":"Thunderclap","floor":29},{"not_picked":["Perfected Strike","Iron Wave"],"picked":"Offering","floor":31},{"not_picked":["Brutality","Berserk"],"picked":"Fiend Fire","floor":33},{"not_picked":["Clash"],"picked":"SKIP","floor":35},{"not_picked":["Warcry"],"picked":"SKIP","floor":37},{"not_picked":["Anger+1"],"picked":"SKIP","floor":39},{"not_picked":["Anger"],"picked":"SKIP","floor":40},{"not_picked":["Armaments"],"picked":"SKIP","floor":42},{"not_picked":[],"picked":"Perfected Strike","floor":47},{"not_picked":[],"picked":"True Grit","floor":48}],"player_experience":560620,"relics_obtained":[{"floor":8,"key":"Centennial Puzzle"},{"floor":9,"key":"Letter Opener"},{"floor":10,"key":"Champion Belt"},{"floor":12,"key":"Juzu Bracelet"},{"floor":23,"key":"StoneCalendar"},{"floor":26,"key":"Potion Belt"},{"floor":40,"key":"Lantern"},{"floor":42,"key":"Gremlin Horn"}],"event_choices":[{"damage_healed":0,"gold_gain":75,"player_choice":"Gather Gold","damage_taken":11,"max_hp_gain":0,"max_hp_loss":0,"event_name":"World of Goop","floor":3,"gold_loss":0},{"damage_healed":0,"gold_gain":0,"player_choice":"Obtained Relic","damage_taken":0,"relics_obtained":["Shuriken"],"max_hp_gain":0,"max_hp_loss":0,"event_name":"Addict","floor":19,"gold_loss":85},{"damage_healed":0,"gold_gain":0,"player_choice":"Damaged","damage_taken":10,"max_hp_gain":0,"max_hp_loss":0,"event_name":"Wheel of Change","floor":20,"gold_loss":0},{"damage_healed":0,"gold_gain":0,"player_choice":"Ignored","damage_taken":0,"max_hp_gain":0,"max_hp_loss":0,"event_name":"Beggar","floor":22,"gold_loss":0},{"damage_healed":0,"gold_gain":0,"player_choice":"Inject Mutagens","damage_taken":0,"relics_obtained":["MutagenicStrength"],"max_hp_gain":0,"max_hp_loss":0,"event_name":"Drug Dealer","floor":30,"gold_loss":0},{"damage_healed":0,"gold_gain":0,"player_choice":"Max HP","damage_taken":0,"max_hp_gain":0,"max_hp_loss":3,"event_name":"Winding Halls","floor":36,"gold_loss":0},{"damage_healed":0,"gold_gain":0,"player_choice":"Ignored","damage_taken":0,"max_hp_gain":0,"max_hp_loss":0,"event_name":"Tomb of Lord Red Mask","floor":38,"gold_loss":0},{"damage_healed":53,"gold_gain":0,"player_choice":"Heal","damage_taken":0,"max_hp_gain":0,"max_hp_loss":12,"event_name":"The Moai Head","floor":41,"gold_loss":0},{"damage_healed":0,"gold_gain":0,"player_choice":"Bought 3 Potions","damage_taken":0,"max_hp_gain":0,"max_hp_loss":0,"event_name":"The Woman in Blue","floor":45,"gold_loss":0}],"is_beta":false,"boss_relics":[{"not_picked":["Astrolabe","Calling Bell"],"picked":"Snecko Eye"},{"not_picked":["Orrery","Eternal Feather"],"picked":"Busted Crown"}],"items_purged_floors":[],"is_endless":false,"potions_floor_spawned":[4,6,8,12,23,25,33,37,47,48],"killed_by":"Awakened One","ascension_level":20}