{"gold_per_floor":[209,229,229,19,34,34,34,34,34,45,64,93,109,109,109,213,213,224,242,242],"floor_reached":20,"playtime":1632,"items_purged":[],"score":201,"play_id":"020c1178-eba2-40b4-951c-87299ca87248","local_time":"20190226011112","is_ascension_mode":false,"campfire_choices":[{"data":"Feed","floor":6,"key":"SMITH"},{"floor":15,"key":"REST"}],"neow_cost":"NONE","seed_source_timestamp":1163903112036546,"circlet_count":0,"master_deck":["Strike_R","Strike_R","Strike_R","Strike_R","Defend_R","Defend_R","Defend_R","Defend_R","Bash","Flex","Cleave","Regret","Feed+1","Juggernaut","Armaments","Spot Weakness","Limit Break","Twin Strike","Reaper","Bloodletting+1","Pommel Strike"],"relics":["Burning Blood","Question Card","Sling","Oddly Smooth Stone","Ancient Tea Set","Bird Faced Urn","Eternal Feather"],"potions_floor_usage":[16,16,16],"damage_taken":[{"damage":1,"enemies":"Jaw Worm","floor":1,"turns":5},{"damage":1,"enemies":"2 Louse","floor":2,"turns":3},{"damage":0,"enemies":"Small Slimes","floor":5,"turns":2},{"damage":5,"enemies":"Red Slaver","floor":10,"turns":4},{"damage":2,"enemies":"Lots of Slimes","floor":11,"turns":3},{"damage":42,"enemies":"Lagavulin","floor":12,"turns":7},{"damage":16,"enemies":"Large Slime","floor":13,"turns":7},{"damage":18,"enemies":"Slime Boss","floor":16,"turns":9},{"damage":41,"enemies":"Chosen","floor":18,"turns":8},{"damage":44,"enemies":"Shell Parasite","floor":19,"turns":9},{"damage":43,"enemies":"Colosseum Slavers","floor":20,"turns":3}],"seed_played":"-9085098020478473386","potions_obtained":[{"floor":2,"key":"AttackPotion"},{"floor":10,"key":"SkillPotion"},{"floor":12,"key":"Fire Potion"}],"is_trial":false,"path_per_floor":["?","?","?","M","M","?","?"],"character_chosen":"IRONCLAD","items_purchased":["Sling"],"campfire_rested":1,"item_purchase_floors":[4],"current_hp_per_floor":[80,80,80,80,80,80,80,80,80,80,84,52,46,28,55,49,96,69,37,0],"gold":242,"neow_bonus":"HUNDRED_GOLD","is_prod":false,"is_daily":false,"chose_seed":false,"campfire_upgraded":1,"win_rate":0.0,"timestamp":1551118272,"path_taken":["M","M","?","$","M","R","?","?","T","M","?","E","?","?","R","BOSS","M","M","?"],"build_version":"2019-01-23","purchased_purges":0,"victory":false,"max_hp_per_floor":[80,80,80,80,80,80,80,80,80,80,84,88,92,92,92,96,96,96,100,100],"card_choices":[{"not_picked":["Clash","Wild Strike"],"picked":"Flex","floor":1},{"not_picked":["Corruption","Wild Strike"],"picked":"Cleave","floor":2},{"not_picked":["Body Slam","Metallicize","Thunderclap"],"picked":"Feed","floor":5},{"not_picked":["Combust","Evolve","Iron Wave"],"picked":"Armaments","floor":10},{"not_picked":["Armaments","Pommel Strike","Wild Strike"],"picked":"Spot Weakness","floor":11},{"not_picked":["Intimidate","Warcry","Pommel Strike"],"picked":"Limit Break","floor":12},{"not_picked":["Sword Boomerang","Pummel","Clash"],"picked":"Twin Strike","floor":13},{"not_picked":["Brutality","Barricade","Bludgeon"],"picked":"Reaper","floor":16},{"not_picked":["True Grit","Flame Barrier","Corruption+1"],"picked":"Bloodletting+1","floor":18},{"not_picked":["True Grit+1","Disarm","Intimidate"],"picked":"Pommel Strike","floor":19}],"player_experience":210047,"relics_obtained":[{"floor":9,"key":"Oddly Smooth Stone"},{"floor":12,"key":"Ancient Tea Set"}],"event_choices":[{"damage_healed":0,"gold_gain":0,"player_choice":"Box","damage_taken":0,"relics_obtained":["Question Card"],"max_hp_gain":0,"max_hp_loss":0,"event_name":"Big Fish","floor":3,"gold_loss":0,"cards_obtained":["Regret"]},{"damage_healed":0,"gold_gain":0,"player_choice":"Leave","damage_taken":0,"max_hp_gain":0,"max_hp_loss":0,"event_name":"The Cleric","floor":7,"gold_loss":0},{"damage_healed":0,"gold_gain":0,"cards_transformed":["Strike_R"],"player_choice":"Transformed","damage_taken":0,"max_hp_gain":0,"max_hp_loss":0,"event_name":"Transmorgrifier","floor":8,"gold_loss":0,"cards_obtained":["Juggernaut"]},{"damage_healed":0,"gold_gain":0,"player_choice":"Success","damage_taken":18,"relics_obtained":["Bird Faced Urn"],"max_hp_gain":0,"max_hp_loss":0,"event_name":"Scrap Ooze","floor":14,"gold_loss":0},{"damage_healed":0,"gold_gain":0,"player_choice":"Fight","damage_taken":0,"max_hp_gain":0,"max_hp_loss":0,"event_name":"Colosseum","floor":20,"gold_loss":0}],"is_beta":false,"boss_relics":[{"not_picked":["Busted Crown","Snecko Eye"],"picked":"Eternal Feather"}],"items_purged_floors":[],"is_endless":false,"potions_floor_spawned":[2,10,12,13],"killed_by":"Colosseum Slavers","ascension_level":0}