{"gold_per_floor":[111,124,124,142,17,34,34,34,109,139,151,195,207,271,283,395,407,437,459,488,500,512,524,552,564,601,630,642,665,592,604,616,723,735,757,769,797,468,478,495,495,219,219,273,284,284,16,16,16,16],"floor_reached":51,"playtime":4988,"items_purged":["Defend_B"],"score":781,"play_id":"7d709c31-be5b-472e-9f3e-cc1cd1025af6","local_time":"20190202234339","is_ascension_mode":true,"campfire_choices":[{"data":"Sunder","floor":7.0,"key":"SMITH"},{"data":"Zap","floor":11.0,"key":"SMITH"},{"data":"Hologram","floor":15.0,"key":"SMITH"},{"data":"Fission","floor":23.0,"key":"SMITH"},{"data":"Go for the Eyes","floor":25.0,"key":"SMITH"},{"data":"Coolheaded","floor":28.0,"key":"SMITH"},{"floor":32.0,"key":"REST"},{"data":"Buffer","floor":41,"key":"SMITH"},{"data":"Capacitor","floor":46,"key":"SMITH"},{"data":"Biased Cognition","floor":49,"key":"SMITH"}],"neow_cost":"PERCENT_DAMAGE","seed_source_timestamp":0,"circlet_count":0,"master_deck":["Defend_B","Defend_B","Defend_B","Zap+1","Dualcast","Core Surge","Hologram+1","Self Repair","Sunder+1","Rip and Tear","Ball Lightning","Fission+1","Machine Learning","Coolheaded+1","Compile Driver+1","Sunder","Buffer+1","Electrodynamics","Machine Learning","Steam+1","Ball Lightning+1","Blind","Fission+1","Coolheaded+1","Auto Shields+1","Capacitor+1","Conserve Battery","Go for the Eyes+1","Biased Cognition+1"],"special_seed":0,"relics":["Cracked Core","MawBank","Mummified Hand","Bronze Scales","Nuclear Battery","Lantern","Blood Vial","Eternal Feather","DollysMirror","ClockworkSouvenir","Singing Bowl","Turnip"],"potions_floor_usage":[33,50,50,50],"damage_taken":[{"damage":0.0,"enemies":"2 Louse","floor":1.0,"turns":2.0},{"damage":1.0,"enemies":"Cultist","floor":2.0,"turns":3.0},{"damage":0.0,"enemies":"Jaw Worm","floor":4.0,"turns":3.0},{"damage":24.0,"enemies":"Gremlin Gang","floor":6.0,"turns":5.0},{"damage":13.0,"enemies":"Gremlin Nob","floor":10.0,"turns":3.0},{"damage":15.0,"enemies":"3 Sentries","floor":12.0,"turns":5.0},{"damage":11.0,"enemies":"Hexaghost","floor":16.0,"turns":8.0},{"damage":12.0,"enemies":"3 Byrds","floor":18.0,"turns":2.0},{"damage":8.0,"enemies":"2 Thieves","floor":19.0,"turns":3.0},{"damage":2.0,"enemies":"3 Cultists","floor":20.0,"turns":4.0},{"damage":19.0,"enemies":"Snecko","floor":24.0,"turns":5.0},{"damage":4.0,"enemies":"Shelled Parasite and Fungi","floor":27.0,"turns":3.0},{"damage":2.0,"enemies":"Snake Plant","floor":29.0,"turns":2.0},{"damage":10,"enemies":"Collector","floor":33,"turns":8},{"damage":11,"enemies":"3 Darklings","floor":35,"turns":5},{"damage":0,"enemies":"3 Shapes","floor":37,"turns":3},{"damage":0,"enemies":"Jaw Worm Horde","floor":39,"turns":3},{"damage":0,"enemies":"Sphere and 2 Shapes","floor":40,"turns":5},{"damage":6,"enemies":"2 Orb Walkers","floor":44,"turns":3},{"damage":8,"enemies":"4 Shapes","floor":45,"turns":4},{"damage":29,"enemies":"Awakened One","floor":50,"turns":13}],"seed_played":"-3901645086454649499","potions_obtained":[{"floor":1.0,"key":"Swift Potion"},{"floor":6.0,"key":"Dexterity Potion"},{"floor":12.0,"key":"Weak Potion"},{"floor":16.0,"key":"Dexterity Potion"},{"floor":20.0,"key":"SkillPotion"},{"floor":24.0,"key":"SkillPotion"},{"floor":35,"key":"Strength Potion"}],"is_trial":false,"path_per_floor":["M","M","?","M","$","M","R","?","T","E","R","E","?","T","R","B",null,"M","M","M","?","$","R","M","R","T","M","R","M","?","?","R","B",null,"M","?","M","$","M","M","R","$","T","?","M","R","$","?","R","B",null],"character_chosen":"DEFECT","items_purchased":["Rip and Tear","PowerPotion","SpeedPotion","Blind","DollysMirror","ClockworkSouvenir","Capacitor","Biased Cognition","SkillPotion"],"campfire_rested":1,"item_purchase_floors":[5,5,38,38,38,42,42,47,47],"current_hp_per_floor":[54,53,53,53,53,36,36,61,61,48,48,40,40,40,40,29,64,52,51,56,42,42,42,30,30,30,26,26,24,24,24,48,47,72,70,70,79,79,80,80,80,80,80,80,79,80,80,80,80,51],"gold":16,"neow_bonus":"THREE_RARE_CARDS","is_prod":false,"is_daily":false,"chose_seed":false,"campfire_upgraded":9,"win_rate":1,"timestamp":1549104219,"path_taken":["M","M","?","?","$","M","R","?","T","E","R","E","?","?","R","BOSS","M","?","M","?","$","R","M","R","T","M","R","M","?","?","R","BOSS","M","?","M","$","M","M","R","?","T","?","M","R","$","?","R","BOSS"],"build_version":"2019-01-23","purchased_purges":1,"victory":true,"max_hp_per_floor":[75,75,75,75,75,75,75,75,75,75,75,75,75,75,75,75,75,75,75,75,80,80,80,80,80,80,80,80,80,80,80,80,80,80,80,80,80,80,80,80,80,80,80,80,80,80,80,80,80,80],"card_choices":[{"not_picked":["Amplify","Machine Learning"],"picked":"Core Surge","floor":0.0},{"not_picked":["Coolheaded","Sweeping Beam"],"picked":"Hologram","floor":1.0},{"not_picked":["Leap","Undo"],"picked":"Self Repair","floor":2.0},{"not_picked":["Defragment","Streamline"],"picked":"Sunder","floor":4.0},{"not_picked":["Storm","FTL"],"picked":"Ball Lightning","floor":6.0},{"not_picked":["Redo","Stack"],"picked":"Fission","floor":10.0},{"not_picked":["Sweeping Beam","Heatsinks","Steam Power"],"picked":"SKIP","floor":12.0},{"not_picked":["Reboot","Meteor Strike"],"picked":"Machine Learning","floor":16.0},{"not_picked":["Rip and Tear","Turbo","Lockon"],"picked":"SKIP","floor":18.0},{"not_picked":["Redo","Ball Lightning"],"picked":"Go for the Eyes","floor":19.0},{"not_picked":["Double Energy+1","Leap"],"picked":"Coolheaded","floor":20.0},{"not_picked":["Sweeping Beam","Turbo"],"picked":"Compile Driver+1","floor":24.0},{"not_picked":["Beam Cell+1","Go for the Eyes","Hello World+1"],"picked":"SKIP","floor":27.0},{"not_picked":["Compile Driver+1","Beam Cell+1"],"picked":"Sunder","floor":29.0},{"not_picked":["Buffer","Reboot"],"picked":"Machine Learning","floor":33},{"not_picked":["Turbo+1","Reprogram+1"],"picked":"Steam+1","floor":35},{"not_picked":["White Noise+1","Storm"],"picked":"Ball Lightning+1","floor":37},{"not_picked":["Static Discharge","Redo"],"picked":"Coolheaded+1","floor":39},{"not_picked":["Undo","Rebound"],"picked":"Auto Shields+1","floor":40},{"not_picked":["Barrage+1","Melter"],"picked":"Conserve Battery","floor":44},{"not_picked":["Rebound+1","Streamline"],"picked":"Go for the Eyes+1","floor":45}],"player_experience":170027,"relics_obtained":[{"floor":10.0,"key":"MawBank"},{"floor":12.0,"key":"Mummified Hand"},{"floor":14.0,"key":"Bronze Scales"},{"floor":26.0,"key":"Lantern"},{"floor":43,"key":"Singing Bowl"},{"floor":44,"key":"Turnip"}],"event_choices":[{"cards_removed":["Strike_B"],"damage_healed":0.0,"max_hp_gain":0.0,"max_hp_loss":0.0,"gold_gain":0.0,"event_name":"Purifier","player_choice":"Purged","floor":3.0,"gold_loss":0.0,"damage_taken":0.0},{"damage_healed":25.0,"max_hp_gain":0.0,"max_hp_loss":0.0,"gold_gain":0.0,"event_name":"Big Fish","player_choice":"Banana","floor":8.0,"gold_loss":0.0,"damage_taken":0.0},{"damage_healed":0.0,"max_hp_gain":0.0,"max_hp_loss":0.0,"gold_gain":0.0,"event_name":"Dead Adventurer","player_choice":"Searched \u00270\u0027 times","floor":13.0,"gold_loss":0.0,"damage_taken":0.0},{"damage_healed":0.0,"max_hp_gain":5.0,"max_hp_loss":0.0,"gold_gain":0.0,"event_name":"Forgotten Altar","player_choice":"Shed Blood","floor":21.0,"gold_loss":0.0,"damage_taken":19.0},{"damage_healed":0.0,"max_hp_gain":0.0,"max_hp_loss":0.0,"gold_gain":0.0,"event_name":"Addict","player_choice":"Obtained Relic","floor":30.0,"gold_loss":85.0,"damage_taken":0.0,"relics_obtained":["Blood Vial"]},{"damage_healed":0.0,"max_hp_gain":0.0,"max_hp_loss":0.0,"gold_gain":0.0,"cards_transformed":["Strike_B","Strike_B"],"event_name":"Drug Dealer","player_choice":"Became Test Subject","floor":31.0,"gold_loss":0.0,"damage_taken":0.0,"cards_obtained":["Buffer","Electrodynamics"]},{"cards_removed":["Strike_B"],"damage_healed":0,"gold_gain":0,"player_choice":"Offered Basic","damage_taken":0,"max_hp_gain":0,"max_hp_loss":0,"event_name":"Bonfire Elementals","floor":36,"gold_loss":0},{"damage_healed":0,"gold_gain":0,"player_choice":"Fight","damage_taken":0,"max_hp_gain":0,"max_hp_loss":0,"event_name":"Mysterious Sphere","floor":44,"gold_loss":0},{"cards_removed":["Go for the Eyes"],"damage_healed":0,"gold_gain":0,"player_choice":"Removed Attack","damage_taken":0,"max_hp_gain":0,"max_hp_loss":0,"event_name":"Falling","floor":48,"gold_loss":0}],"is_beta":false,"boss_relics":[{"not_picked":["Black Star","Calling Bell"],"picked":"Nuclear Battery"},{"not_picked":["Lizard Tail","FrozenCore"],"picked":"Eternal Feather"}],"items_purged_floors":[47],"is_endless":false,"potions_floor_spawned":[1,6,12,16,20,24,35],"ascension_level":5}