{"gold_per_floor":[116,134,134,149,160,190,208,240,240,254,329,356,356,38,38,135,135,145,145,160,85,10,10,45,45,45,101,101,135,150,177,177,281,281,296,296,296,313,3,31,31,57,57,89,106,6,40,54,54,54],"floor_reached":50,"playtime":4149,"items_purged":["Strike_B","Strike_B"],"score":1063,"play_id":"1d01fe80-ad1b-49e1-8c02-e499774af0bf","local_time":"20190217204648","is_ascension_mode":true,"campfire_choices":[{"floor":13,"key":"REST"},{"data":"Defragment","floor":15,"key":"SMITH"},{"data":"Seek","floor":23,"key":"SMITH"},{"data":"Dualcast","floor":28,"key":"SMITH"},{"data":"Zap","floor":32,"key":"SMITH"},{"floor":41,"key":"RECALL"},{"data":"1","floor":49,"key":"LIFT"}],"neow_cost":"NONE","seed_source_timestamp":37946339613559,"circlet_count":0,"master_deck":["Defend_B","Defend_B","Defend_B","Defend_B","Zap+1","Dualcast+1","Rainbow","Leap","Go for the Eyes","Ball Lightning","Defragment+1","BootSequence","Go for the Eyes","Seek+1","Cold Snap","Coolheaded","Capacitor","Bandage Up","Rainbow","Heatsinks","Glacier+1","Redo","Ball Lightning+1","Seek","All For One","Conserve Battery+1","Reinforced Body+1","Compile Driver","Streamline","Go for the Eyes+1","Apotheosis+1","Hologram+1","Defragment","Master of Strategy","Creative AI","White Noise","Cold Snap","Scrape+1","Beam Cell+1","Go for the Eyes+1"],"relics":["Cracked Core","Potion Belt","Thread and Needle","DataDisk","Bronze Scales","Orichalcum","Eternal Feather","Bottled Lightning","FossilizedHelix","Tiny Chest","Question Card","Dodecahedron","Orrery","Oddly Smooth Stone","Girya","Pantograph","Bird Faced Urn"],"potions_floor_usage":[8,8,8,10,12,12,12,12,16,24,27,27,33,33,33,34,35,42,47,50],"damage_taken":[{"damage":7,"enemies":"Small Slimes","floor":1,"turns":3},{"damage":0,"enemies":"Cultist","floor":2,"turns":4},{"damage":10,"enemies":"Jaw Worm","floor":4,"turns":3},{"damage":0,"enemies":"Large Slime","floor":5,"turns":5},{"damage":20,"enemies":"3 Sentries","floor":6,"turns":7},{"damage":6,"enemies":"3 Louse","floor":7,"turns":4},{"damage":19,"enemies":"Lagavulin","floor":8,"turns":4},{"damage":0,"enemies":"Red Slaver","floor":10,"turns":2},{"damage":0,"enemies":"Gremlin Nob","floor":12,"turns":2},{"damage":3,"enemies":"Hexaghost","floor":16,"turns":8},{"damage":0,"enemies":"Chosen","floor":18,"turns":4},{"damage":13,"enemies":"Spheric Guardian","floor":20,"turns":4},{"damage":41,"enemies":"Gremlin Leader","floor":24,"turns":7},{"damage":0,"enemies":"Slavers","floor":27,"turns":6},{"damage":0,"enemies":"Book of Stabbing","floor":29,"turns":6},{"damage":0,"enemies":"Shelled Parasite and Fungi","floor":30,"turns":6},{"damage":14,"enemies":"Slavers","floor":31,"turns":5},{"damage":0,"enemies":"Automaton","floor":33,"turns":11},{"damage":0,"enemies":"3 Shapes","floor":35,"turns":7},{"damage":0,"enemies":"3 Darklings","floor":38,"turns":5},{"damage":0,"enemies":"Nemesis","floor":40,"turns":7},{"damage":0,"enemies":"Reptomancer","floor":42,"turns":6},{"damage":0,"enemies":"Giant Head","floor":44,"turns":9},{"damage":30,"enemies":"4 Shapes","floor":45,"turns":5},{"damage":0,"enemies":"Nemesis","floor":47,"turns":9},{"damage":0,"enemies":"Transient","floor":48,"turns":5},{"damage":92,"enemies":"Awakened One","floor":50,"turns":11}],"seed_played":"6947496792895229995","potions_obtained":[{"floor":1,"key":"Swift Potion"},{"floor":5,"key":"EntropicBrew"},{"floor":7,"key":"GamblersBrew"},{"floor":10,"key":"Fire Potion"},{"floor":12,"key":"Energy Potion"},{"floor":16,"key":"Energy Potion"},{"floor":18,"key":"Energy Potion"},{"floor":25,"key":"Explosive Potion"},{"floor":25,"key":"Dexterity Potion"},{"floor":25,"key":"SpeedPotion"},{"floor":27,"key":"FocusPotion"},{"floor":29,"key":"Poison Potion"},{"floor":33,"key":"Fruit Juice"},{"floor":35,"key":"FocusPotion"},{"floor":44,"key":"FearPotion"},{"floor":47,"key":"Swift Potion"}],"is_trial":false,"path_per_floor":["M","M","?","M","M","E","M","E","T","M","?","E","R","$","R","B",null,"M","?","M","?","$","R","E","?","T","E","R","E","M","E","R","B",null,"M","?","?","M","$","E","R","E","T","E","M","$","E","M","R","B"],"character_chosen":"DEFECT","items_purchased":["Orichalcum","Capacitor","Bandage Up","Defragment","Master of Strategy","Energy Potion"],"campfire_rested":1,"item_purchase_floors":[14,14,14,39,39,39],"current_hp_per_floor":[68,68,68,58,58,38,32,13,13,13,2,2,24,24,24,25,75,75,75,64,64,64,75,38,38,38,42,54,58,62,52,67,71,80,80,80,80,80,80,80,80,80,80,80,50,50,56,68,80,0],"gold":54,"neow_bonus":"ONE_RANDOM_RARE_CARD","is_prod":false,"is_daily":false,"chose_seed":false,"campfire_upgraded":4,"win_rate":0,"timestamp":1550465208,"path_taken":["M","M","?","?","M","E","M","E","T","M","?","E","R","$","R","BOSS","M","?","M","?","$","R","E","?","T","E","R","E","?","E","R","BOSS","M","?","?","?","$","E","R","E","T","E","M","$","E","M","R","BOSS"],"build_version":"2019-01-23","purchased_purges":2,"victory":false,"max_hp_per_floor":[75,75,75,75,75,75,75,75,75,75,75,75,75,75,75,75,75,75,75,75,75,75,75,75,75,75,75,75,75,75,75,75,75,80,80,80,80,80,80,80,80,80,80,80,80,80,80,80,80,80],"card_choices":[{"not_picked":["Recycle","Gash"],"picked":"Leap","floor":1},{"not_picked":["Redo","Hologram"],"picked":"Go for the Eyes","floor":2},{"not_picked":["Fusion","Streamline"],"picked":"Ball Lightning","floor":4},{"not_picked":["Streamline","Compile Driver"],"picked":"Defragment","floor":5},{"not_picked":["Leap","Static Discharge"],"picked":"BootSequence","floor":6},{"not_picked":["Force Field","Lockon"],"picked":"Go for the Eyes","floor":7},{"not_picked":["Sunder","Loop"],"picked":"Seek","floor":8},{"not_picked":["Barrage","Steam"],"picked":"Cold Snap","floor":10},{"not_picked":["Turbo","Stack"],"picked":"Coolheaded","floor":12},{"not_picked":["Fission","Meteor Strike"],"picked":"Rainbow","floor":16},{"not_picked":["Storm","Barrage","Turbo"],"picked":"SKIP","floor":18},{"not_picked":["Go for the Eyes","Doom and Gloom"],"picked":"Heatsinks","floor":20},{"not_picked":["Fusion+1","Auto Shields"],"picked":"Glacier+1","floor":24},{"not_picked":["Steam","Reprogram","Tempest+1"],"picked":"SKIP","floor":27},{"not_picked":["Heatsinks","Turbo+1"],"picked":"Redo","floor":29},{"not_picked":["Barrage+1","Turbo","Redo"],"picked":"Ball Lightning+1","floor":30},{"not_picked":["Steam+1","Ball Lightning","Reboot"],"picked":"Seek","floor":31},{"not_picked":["Multi-Cast","Machine Learning","Core Surge"],"picked":"All For One","floor":33},{"not_picked":["Rebound","Sweeping Beam","Leap"],"picked":"Conserve Battery+1","floor":34},{"not_picked":["Core Surge","Glacier","Chaos+1"],"picked":"Reinforced Body+1","floor":34},{"not_picked":["Rebound","Go for the Eyes","Cold Snap"],"picked":"Compile Driver","floor":34},{"not_picked":["Steam","Static Discharge","Barrage"],"picked":"Streamline","floor":34},{"not_picked":["Ball Lightning","Gash","Sweeping Beam+1"],"picked":"Go for the Eyes+1","floor":35},{"not_picked":["Transmutation","Finesse","Bandage Up"],"picked":"Apotheosis","floor":36},{"not_picked":["Beam Cell","Reprogram+1","Redo+1"],"picked":"Hologram+1","floor":38},{"not_picked":["Steam","Streamline","Redo"],"picked":"Creative AI","floor":40},{"not_picked":["Fusion+1","Conserve Battery+1","Lockon+1"],"picked":"White Noise","floor":42},{"not_picked":["Leap","Beam Cell+1","Compile Driver+1"],"picked":"Cold Snap","floor":44},{"not_picked":["Ball Lightning+1","Melter+1","Beam Cell+1"],"picked":"Scrape+1","floor":45},{"not_picked":["Steam+1","Doom and Gloom","Stack"],"picked":"Beam Cell+1","floor":47},{"not_picked":["Barrage","Turbo+1","Compile Driver+1"],"picked":"Go for the Eyes+1","floor":48}],"player_experience":369194,"relics_obtained":[{"floor":6,"key":"Potion Belt"},{"floor":8,"key":"Thread and Needle"},{"floor":9,"key":"DataDisk"},{"floor":12,"key":"Bronze Scales"},{"floor":24,"key":"Bottled Lightning"},{"floor":26,"key":"FossilizedHelix"},{"floor":27,"key":"Tiny Chest"},{"floor":29,"key":"Question Card"},{"floor":31,"key":"Dodecahedron"},{"floor":40,"key":"Oddly Smooth Stone"},{"floor":42,"key":"Girya"},{"floor":44,"key":"Pantograph"},{"floor":47,"key":"Bird Faced Urn"}],"event_choices":[{"cards_removed":["Strike_B"],"damage_healed":0,"gold_gain":0,"player_choice":"Offered Basic","damage_taken":0,"max_hp_gain":0,"max_hp_loss":0,"event_name":"Bonfire Elementals","floor":3,"gold_loss":0},{"damage_healed":0,"gold_gain":75,"player_choice":"Gather Gold","damage_taken":11,"max_hp_gain":0,"max_hp_loss":0,"event_name":"World of Goop","floor":11,"gold_loss":0},{"damage_healed":0,"gold_gain":0,"player_choice":"Ignored","damage_taken":0,"max_hp_gain":0,"max_hp_loss":0,"event_name":"Ghosts","floor":19,"gold_loss":0},{"cards_removed":["Strike_B"],"damage_healed":0,"gold_gain":0,"player_choice":"Gave Gold","damage_taken":0,"max_hp_gain":0,"max_hp_loss":0,"event_name":"Beggar","floor":21,"gold_loss":75},{"damage_healed":0,"gold_gain":0,"player_choice":"Got Potions","damage_taken":0,"max_hp_gain":0,"max_hp_loss":0,"event_name":"Lab","floor":25,"gold_loss":0},{"damage_healed":0,"gold_gain":0,"player_choice":"Memory 1","damage_taken":0,"max_hp_gain":0,"max_hp_loss":0,"event_name":"SensoryStone","floor":36,"gold_loss":0},{"damage_healed":0,"gold_gain":0,"player_choice":"Upgraded","damage_taken":0,"max_hp_gain":0,"max_hp_loss":0,"event_name":"Upgrade Shrine","floor":37,"gold_loss":0,"cards_upgraded":["Apotheosis"]}],"is_beta":false,"boss_relics":[{"not_picked":["Astrolabe","Runic Dome"],"picked":"Eternal Feather"},{"not_picked":["Busted Crown","Inserter"],"picked":"Orrery"}],"items_purged_floors":[22,46],"is_endless":false,"potions_floor_spawned":[1,5,7,10,12,16,18,27,29,33,35,44,47],"killed_by":"Awakened One","ascension_level":3}