{"gold_per_floor":[111,131,151,165,165,165,200,214,214,42,59,59,59,45,45,145,145,161,178,190,206,216,216,251,166,191,191,203,203,30,47,47,152,152,162,162,0,16,32,32,67,79,91,123,147,259,37,57,57,57],"floor_reached":51,"playtime":7804,"items_purged":["Strike_R","Strike_R"],"score":680,"play_id":"dd4f6589-e9ee-4066-9766-f0330a0290d2","local_time":"20190113065124","is_ascension_mode":false,"campfire_choices":[{"data":"Juggernaut","floor":6.0,"key":"SMITH"},{"data":"Metallicize","floor":12.0,"key":"SMITH"},{"data":"Shrug It Off","floor":15.0,"key":"SMITH"},{"data":"Armaments","floor":23.0,"key":"SMITH"},{"data":"Impervious","floor":27.0,"key":"SMITH"},{"floor":32.0,"key":"REST"},{"floor":40,"key":"REST"},{"data":"Shrug It Off","floor":42,"key":"SMITH"},{"floor":49,"key":"REST"}],"neow_cost":"NONE","seed_source_timestamp":0,"circlet_count":0,"master_deck":["Strike_R","Defend_R","Defend_R","Defend_R","Defend_R","Bash","Headbutt","Clothesline","Shrug It Off+1","Juggernaut+1","Second Wind","Shrug It Off+1","Metallicize+1","Armaments+1","Feel No Pain","Battle Trance","Impervious+1","True Grit+1","Body Slam+1","Feed","Disarm","Entrench","Double Tap","Shrug It Off","Parasite","Enlightenment","Flame Barrier"],"special_seed":0,"relics":["Burning Blood","PreservedInsect","Mercury Hourglass","Ornamental Fan","Philosopher\u0027s Stone","Paper Frog","Mango","Orichalcum","Runic Pyramid","Red Mask","MawBank","Question Card","Shovel","Lantern"],"potions_floor_usage":[41,44,45,48,50],"damage_taken":[{"damage":3.0,"enemies":"Jaw Worm","floor":1.0,"turns":4.0},{"damage":15.0,"enemies":"2 Louse","floor":2.0,"turns":3.0},{"damage":5.0,"enemies":"Small Slimes","floor":3.0,"turns":3.0},{"damage":11.0,"enemies":"Red Slaver","floor":4.0,"turns":3.0},{"damage":14.0,"enemies":"Lagavulin","floor":7.0,"turns":6.0},{"damage":0.0,"enemies":"3 Louse","floor":8.0,"turns":2.0},{"damage":15.0,"enemies":"Exordium Wildlife","floor":11.0,"turns":3.0},{"damage":16.0,"enemies":"Exordium Thugs","floor":14.0,"turns":4.0},{"damage":7.0,"enemies":"Slime Boss","floor":16.0,"turns":7.0},{"damage":14.0,"enemies":"2 Thieves","floor":18.0,"turns":5.0},{"damage":0.0,"enemies":"Chosen","floor":19.0,"turns":5.0},{"damage":10.0,"enemies":"Snake Plant","floor":20.0,"turns":4.0},{"damage":1.0,"enemies":"Centurion and Healer","floor":21.0,"turns":6.0},{"damage":9.0,"enemies":"Cultist and Chosen","floor":22.0,"turns":5.0},{"damage":36.0,"enemies":"Gremlin Leader","floor":24.0,"turns":4.0},{"damage":14.0,"enemies":"Snake Plant","floor":28.0,"turns":4.0},{"damage":8.0,"enemies":"Chosen and Byrds","floor":31.0,"turns":5.0},{"damage":38.0,"enemies":"Automaton","floor":33.0,"turns":8.0},{"damage":26.0,"enemies":"3 Darklings","floor":35.0,"turns":7.0},{"damage":11.0,"enemies":"Orb Walker","floor":38.0,"turns":5.0},{"damage":35.0,"enemies":"Jaw Worm Horde","floor":39.0,"turns":5.0},{"damage":1,"enemies":"Reptomancer","floor":41,"turns":4},{"damage":17,"enemies":"Writhing Mass","floor":44,"turns":7},{"damage":25,"enemies":"Transient","floor":45,"turns":5},{"damage":26,"enemies":"Mind Bloom Boss Battle","floor":46,"turns":7},{"damage":12,"enemies":"Jaw Worm Horde","floor":48,"turns":5},{"damage":49,"enemies":"Awakened One","floor":50,"turns":20}],"seed_played":"-5907509652325938664","potions_obtained":[{"floor":3.0,"key":"Weak Potion"},{"floor":4.0,"key":"BloodPotion"},{"floor":8.0,"key":"AttackPotion"},{"floor":11.0,"key":"Regen Potion"},{"floor":16.0,"key":"EssenceOfSteel"},{"floor":18.0,"key":"EssenceOfSteel"},{"floor":19.0,"key":"FearPotion"},{"floor":29.0,"key":"Block Potion"},{"floor":33.0,"key":"Swift Potion"},{"floor":41,"key":"Poison Potion"},{"floor":44,"key":"Regen Potion"},{"floor":45,"key":"SkillPotion"},{"floor":48,"key":"Ancient Potion"}],"is_trial":false,"path_per_floor":["M","M","M","M","?","R","E","M","T","$","M","R","?","M","R","B",null,"M","M","M","M","M","R","E","?","T","R","M","?","$","M","R","B",null,"M","?","?","M","M","R","E","R","T","M","M","?","$","M","R","B",null],"character_chosen":"IRONCLAD","items_purchased":["Metallicize","Armaments","Entrench","Lantern","Enlightenment"],"campfire_rested":3,"item_purchase_floors":[10,10,30,47,47],"current_hp_per_floor":[80,71,72,67,49,49,41,47,47,47,46,46,46,36,36,50,80,72,78,74,79,76,76,46,60,60,60,52,52,52,50,78,49,97,77,77,77,72,43,72,77,77,77,66,61,41,41,39,69,29],"gold":57,"neow_bonus":"REMOVE_CARD","is_prod":false,"is_daily":false,"chose_seed":false,"campfire_upgraded":6,"win_rate":0.0,"timestamp":1547391084,"path_taken":["M","M","M","M","?","R","E","M","T","$","M","R","?","M","R","BOSS","M","M","M","M","M","R","E","?","T","R","M","?","$","M","R","BOSS","M","?","?","M","M","R","E","R","T","M","M","?","$","M","R","BOSS"],"build_version":"2019-01-10","purchased_purges":2,"victory":true,"max_hp_per_floor":[80,80,80,80,80,80,80,80,80,80,80,80,80,80,80,80,80,80,80,80,80,80,80,80,94,94,94,94,94,94,94,94,97,97,97,97,97,97,97,97,97,97,97,97,97,97,97,101,101,104],"card_choices":[{"not_picked":["Thunderclap","Rage"],"picked":"Headbutt","floor":1.0},{"not_picked":["Headbutt","Cleave"],"picked":"Clothesline","floor":2.0},{"not_picked":["Pummel","Headbutt"],"picked":"Shrug It Off","floor":3.0},{"not_picked":["Armaments","Uppercut"],"picked":"Juggernaut","floor":4.0},{"not_picked":["Clash","Carnage"],"picked":"Second Wind","floor":7.0},{"not_picked":["Clash","Blood for Blood"],"picked":"Shrug It Off","floor":8.0},{"not_picked":["Flex","Clash"],"picked":"Feel No Pain","floor":11.0},{"not_picked":["Whirlwind","Heavy Blade"],"picked":"Battle Trance","floor":14.0},{"not_picked":["Juggernaut","Reaper"],"picked":"Impervious","floor":16.0},{"not_picked":["Clothesline","Dropkick","Perfected Strike"],"picked":"SKIP","floor":18.0},{"not_picked":["Dropkick","Second Wind","Headbutt"],"picked":"SKIP","floor":19.0},{"not_picked":["Pommel Strike","Twin Strike"],"picked":"True Grit+1","floor":20.0},{"not_picked":["Twin Strike","Shrug It Off"],"picked":"Body Slam+1","floor":21.0},{"not_picked":["Cleave","Sword Boomerang+1"],"picked":"Feed","floor":22.0},{"not_picked":["Inflame","Armaments","Searing Blow+1"],"picked":"SKIP","floor":24.0},{"not_picked":["Clothesline","Seeing Red"],"picked":"Disarm","floor":28.0},{"not_picked":["Twin Strike","Sever Soul","Searing Blow"],"picked":"SKIP","floor":31.0},{"not_picked":["Bludgeon","Demon Form"],"picked":"Double Tap","floor":33.0},{"not_picked":["Perfected Strike+1","Clash"],"picked":"Shrug It Off","floor":35.0},{"not_picked":["Sword Boomerang+1","Iron Wave","Heavy Blade"],"picked":"SKIP","floor":38.0},{"not_picked":["Flex+1","Hemokinesis","Clothesline+1"],"picked":"SKIP","floor":39.0},{"not_picked":["Clash","Seeing Red+1","Wild Strike+1"],"picked":"SKIP","floor":41},{"not_picked":["Heavy Blade+1","True Grit","Fire Breathing+1","Feed"],"picked":"SKIP","floor":44},{"not_picked":["Rampage","Perfected Strike+1","Twin Strike","Carnage+1"],"picked":"SKIP","floor":45},{"not_picked":["Feel No Pain+1","Uppercut+1","Shockwave+1"],"picked":"Flame Barrier","floor":48}],"player_experience":28916,"relics_obtained":[{"floor":7.0,"key":"Mercury Hourglass"},{"floor":9.0,"key":"Ornamental Fan"},{"floor":24.0,"key":"Paper Frog"},{"floor":26.0,"key":"Orichalcum"},{"floor":41,"key":"MawBank"},{"floor":43,"key":"Question Card"},{"floor":46,"key":"Shovel"}],"event_choices":[{"damage_healed":0.0,"max_hp_gain":0.0,"max_hp_loss":0.0,"gold_gain":0.0,"event_name":"Scrap Ooze","player_choice":"Success","floor":5.0,"gold_loss":0.0,"damage_taken":18.0,"relics_obtained":["PreservedInsect"]},{"cards_removed":["Strike_R"],"damage_healed":0.0,"max_hp_gain":0.0,"max_hp_loss":0.0,"gold_gain":0.0,"event_name":"Living Wall","player_choice":"Forget","floor":13.0,"gold_loss":0.0,"damage_taken":0.0},{"damage_healed":0.0,"max_hp_gain":0.0,"max_hp_loss":0.0,"gold_gain":0.0,"event_name":"Addict","player_choice":"Obtained Relic","floor":25.0,"gold_loss":85.0,"damage_taken":0.0,"relics_obtained":["Mango"]},{"damage_healed":0.0,"max_hp_gain":0.0,"max_hp_loss":0.0,"gold_gain":0.0,"event_name":"Lab","player_choice":"Got Potions","floor":29.0,"gold_loss":0.0,"damage_taken":0.0},{"damage_healed":0.0,"max_hp_gain":0.0,"max_hp_loss":0.0,"gold_gain":0.0,"event_name":"SensoryStone","player_choice":"Memory 1","floor":36.0,"gold_loss":0.0,"damage_taken":0.0},{"damage_healed":0.0,"max_hp_gain":0.0,"max_hp_loss":0.0,"gold_gain":0.0,"event_name":"Tomb of Lord Red Mask","player_choice":"Paid","floor":37.0,"gold_loss":162.0,"damage_taken":0.0,"relics_obtained":["Red Mask"]},{"damage_healed":0,"gold_gain":0,"player_choice":"Fight","damage_taken":0,"max_hp_gain":0,"max_hp_loss":0,"event_name":"MindBloom","floor":46,"gold_loss":0}],"is_beta":false,"boss_relics":[{"not_picked":["Calling Bell","Runic Dome"],"picked":"Philosopher\u0027s Stone"},{"not_picked":["Black Blood","Busted Crown"],"picked":"Runic Pyramid"}],"items_purged_floors":[10,30],"is_endless":false,"potions_floor_spawned":[3,4,8,11,14,16,18,19,31,33,41,44,45,46,48],"ascension_level":0}