{"gold_per_floor":[13,13,33,33,48,48,68,98,149,167,167,184,184,74,74,169,169,182,182,182,193,207,207,242,255,255,23,38,51,13,30,30,30],"floor_reached":33,"playtime":1042,"items_purged":["Pain","Writhe"],"score":501,"play_id":"7753eb41-31a8-4d11-bd05-b7a21f2328dd","local_time":"20181004080338","is_ascension_mode":true,"campfire_choices":[{"data":"Neutralize","floor":6,"key":"SMITH"},{"data":"Catalyst","floor":11,"key":"SMITH"},{"data":"Deadly Poison","floor":13,"key":"SMITH"},{"data":"Footwork","floor":15,"key":"SMITH"},{"data":"After Image","floor":23,"key":"SMITH"},{"floor":32,"key":"REST"}],"neow_cost":"NO_GOLD","seed_source_timestamp":924334005804900,"circlet_count":0,"master_deck":["Defend_G","Defend_G","Defend_G","Defend_G","Strike_G","Strike_G","Strike_G","Strike_G","Survivor","Neutralize+1","Catalyst+1","Slice","Dagger Spray","Quick Slash","Calculated Gamble","Poisoned Stab","Deadly Poison+1","Footwork+1","After Image+1","Acrobatics+1","RitualDagger","Deadly Poison","Slice+1","Catalyst+1","Noxious Fumes","Glass Knife","Footwork","Caltrops"],"relics":["Ring of the Serpent","WarpedTongs","Meat on the Bone","Bag of Marbles","Strawberry","Snake Skull","MawBank","Oddly Smooth Stone"],"potions_floor_usage":[8,8,24,24,31],"damage_taken":[{"damage":0,"enemies":"Cultist","floor":1,"turns":4},{"damage":4,"enemies":"2 Louse","floor":3,"turns":3},{"damage":4,"enemies":"Small Slimes","floor":5,"turns":3},{"damage":25,"enemies":"Exordium Thugs","floor":7,"turns":5},{"damage":1,"enemies":"Gremlin Nob","floor":8,"turns":2},{"damage":0,"enemies":"2 Fungi Beasts","floor":10,"turns":1},{"damage":1,"enemies":"Looter","floor":12,"turns":3},{"damage":0,"enemies":"The Guardian","floor":16,"turns":7},{"damage":9,"enemies":"Chosen","floor":18,"turns":5},{"damage":2,"enemies":"Spheric Guardian","floor":21,"turns":5},{"damage":11,"enemies":"Centurion and Healer","floor":22,"turns":6},{"damage":27,"enemies":"Book of Stabbing","floor":24,"turns":6},{"damage":20,"enemies":"3 Cultists","floor":25,"turns":5},{"damage":5,"enemies":"Snake Plant","floor":28,"turns":3},{"damage":18,"enemies":"Shelled Parasite and Fungi","floor":29,"turns":4},{"damage":19,"enemies":"Chosen and Byrds","floor":31,"turns":5},{"damage":40,"enemies":"Collector","floor":33,"turns":3}],"seed_played":"-8994589610040998477","potions_obtained":[{"floor":3,"key":"SkillPotion"},{"floor":5,"key":"FearPotion"},{"floor":7,"key":"Poison Potion"},{"floor":18,"key":"PowerPotion"},{"floor":21,"key":"SpeedPotion"},{"floor":29,"key":"Energy Potion"}],"is_trial":false,"path_per_floor":["M","?","M","?","M","R","M","E","T","M","R","M","R","$","R","B",null,"M","?","?","M","M","R","E","M","T","$","M","M","$","M","R"],"character_chosen":"THE_SILENT","items_purchased":["Footwork","Oddly Smooth Stone","Footwork"],"campfire_rested":1,"item_purchase_floors":[14,27,30],"current_hp_per_floor":[63,63,59,59,55,55,30,29,29,41,41,40,40,40,40,40,63,54,48,55,53,42,42,27,19,19,19,26,20,20,13,36,0],"gold":30,"neow_bonus":"TRANSFORM_TWO_CARDS","is_prod":false,"is_daily":false,"chose_seed":false,"campfire_upgraded":5,"win_rate":0,"timestamp":1538593418,"path_taken":["M","?","M","?","M","R","M","E","T","M","R","M","R","$","R","BOSS","M","?","?","?","M","R","E","?","T","$","M","M","?","M","R","BOSS"],"build_version":"2018-09-27","purchased_purges":2,"victory":false,"max_hp_per_floor":[70,70,70,70,70,70,70,70,70,70,70,70,70,70,70,70,70,70,70,77,77,77,77,77,77,77,77,77,77,77,77,77,77],"card_choices":[{"not_picked":["Underhanded Strike","Eviscerate","Accuracy"],"picked":"SKIP","floor":1},{"not_picked":["Slice","Concentrate"],"picked":"Dagger Spray","floor":3},{"not_picked":["Flying Knee","Flechettes"],"picked":"Quick Slash","floor":5},{"not_picked":["Sucker Punch","Dagger Throw"],"picked":"Calculated Gamble","floor":7},{"not_picked":["Bane","Venomology"],"picked":"Poisoned Stab","floor":8},{"not_picked":["Calculated Gamble","Deadly Poison","Riddle With Holes"],"picked":"SKIP","floor":10},{"not_picked":["Deflect","Sucker Punch"],"picked":"Deadly Poison","floor":12},{"not_picked":["Envenom","Venomology"],"picked":"After Image","floor":16},{"not_picked":["Caltrops+1","PiercingWail"],"picked":"Acrobatics+1","floor":18},{"not_picked":["Slice","Dagger Spray"],"picked":"Deadly Poison","floor":21},{"not_picked":["Dagger Spray","Outmaneuver"],"picked":"Slice+1","floor":22},{"not_picked":["Poisoned Stab","Blade Dance+1"],"picked":"Catalyst+1","floor":24},{"not_picked":["Blur","Cloak And Dagger"],"picked":"Noxious Fumes","floor":25},{"not_picked":["Deflect+1","Dagger Throw"],"picked":"Glass Knife","floor":28},{"not_picked":["Dodge and Roll","Slice+1","Deflect"],"picked":"SKIP","floor":29},{"not_picked":["Crippling Poison","Dodge and Roll+1"],"picked":"Caltrops","floor":31}],"player_experience":349142,"relics_obtained":[{"floor":8,"key":"Meat on the Bone"},{"floor":9,"key":"Bag of Marbles"},{"floor":24,"key":"Snake Skull"},{"floor":26,"key":"MawBank"}],"event_choices":[{"event_name":"The Cleric","player_choice":"Leave","floor":2,"damage_taken":0},{"event_name":"Accursed Blacksmith","player_choice":"Rummage","floor":4,"damage_taken":0},{"event_name":"Nest","player_choice":"Joined the Cult","floor":19,"damage_taken":0},{"event_name":"The Mausoleum","player_choice":"Yes","floor":20,"damage_taken":0}],"is_beta":false,"boss_relics":[{"not_picked":["Ectoplasm","Pandora\u0027s Box"],"picked":"Ring of the Serpent"}],"items_purged_floors":[14,27],"is_endless":false,"potions_floor_spawned":[3,5,7,18,21,29],"killed_by":"Collector","ascension_level":7}