{"gold_per_floor":[116,134,111,111,111,111,139,139,207,240,240,250,48,63,63,165,165,183,108],"floor_reached":19,"playtime":410,"items_purged":[],"score":310,"play_id":"316ad84f-98c7-41a3-b433-747210c0a946","local_time":"20190226003300","is_ascension_mode":true,"campfire_choices":[{"data":"Bouncing Flask","floor":6,"key":"SMITH"},{"data":"Neutralize","floor":8,"key":"SMITH"},{"floor":11,"key":"REST"},{"data":"Expertise","floor":15,"key":"SMITH"}],"neow_cost":"NONE","seed_source_timestamp":26642318222592,"circlet_count":0,"master_deck":["AscendersBane","Defend_G","Defend_G","Defend_G","Defend_G","Strike_G","Strike_G","Strike_G+1","Survivor+1","Neutralize+1","Backflip","Bouncing Flask+1","Poisoned Stab","Expertise+1","Noxious Fumes","Malaise","Backflip+1"],"relics":["Ring of the Snake","NeowsBlessing","StoneCalendar","Letter Opener","Matryoshka","Lee\u0027s Waffle","Empty Cage"],"potions_floor_usage":[10,16,16,16,16],"damage_taken":[{"damage":0,"enemies":"Cultist","floor":1,"turns":1},{"damage":0,"enemies":"2 Louse","floor":2,"turns":1},{"damage":0,"enemies":"Lagavulin","floor":7,"turns":2},{"damage":32,"enemies":"Gremlin Nob","floor":10,"turns":5},{"damage":2,"enemies":"Small Slimes","floor":12,"turns":4},{"damage":7,"enemies":"Blue Slaver","floor":14,"turns":4},{"damage":20,"enemies":"Slime Boss","floor":16,"turns":7},{"damage":44,"enemies":"3 Byrds","floor":18,"turns":5},{"damage":26,"enemies":"2 Thieves","floor":19,"turns":3}],"seed_played":"3639005439792380383","potions_obtained":[{"floor":2,"key":"EntropicBrew"},{"floor":7,"key":"Block Potion"},{"floor":14,"key":"Energy Potion"}],"is_trial":false,"path_per_floor":["M","M","$","?","?","R","E","R","T","E","R","M","$","M","R","B",null,"M","M"],"character_chosen":"THE_SILENT","items_purchased":["Poisoned Stab","Lee\u0027s Waffle"],"campfire_rested":1,"item_purchase_floors":[3,13],"current_hp_per_floor":[63,63,63,49,42,42,42,42,42,10,31,29,77,70,70,50,70,26,0],"gold":108,"neow_bonus":"THREE_ENEMY_KILL","is_prod":false,"is_daily":false,"chose_seed":false,"campfire_upgraded":3,"win_rate":0,"timestamp":1551094380,"path_taken":["M","M","?","?","?","R","E","R","T","E","R","M","$","M","R","BOSS","M","M"],"build_version":"2019-01-23","purchased_purges":0,"victory":false,"max_hp_per_floor":[70,70,70,70,70,70,70,70,70,70,70,70,77,77,77,77,77,77,77],"card_choices":[{"not_picked":["PiercingWail","Well Laid Plans"],"picked":"Backflip","floor":1},{"not_picked":["Dash","Flying Knee"],"picked":"Bouncing Flask","floor":2},{"not_picked":["Tactician","PiercingWail","Dodge and Roll"],"picked":"SKIP","floor":7},{"not_picked":["Well Laid Plans","Slice"],"picked":"Expertise","floor":10},{"not_picked":["PiercingWail","Cloak And Dagger"],"picked":"Noxious Fumes","floor":12},{"not_picked":["Deflect","Reflex","Underhanded Strike"],"picked":"SKIP","floor":14},{"not_picked":["Die Die Die","Venomology"],"picked":"Malaise","floor":16},{"not_picked":["Dash","Slice"],"picked":"Backflip+1","floor":18}],"player_experience":416112,"relics_obtained":[{"floor":7,"key":"StoneCalendar"},{"floor":9,"key":"Letter Opener"},{"floor":10,"key":"Matryoshka"}],"event_choices":[{"damage_healed":0,"gold_gain":0,"player_choice":"Entered Light","damage_taken":14,"max_hp_gain":0,"max_hp_loss":0,"event_name":"Shining Light","floor":4,"gold_loss":0,"cards_upgraded":["Survivor","Strike_G"]},{"cards_removed":["Strike_G"],"damage_healed":0,"gold_gain":0,"player_choice":"Card Removal","damage_taken":7,"max_hp_gain":0,"max_hp_loss":0,"event_name":"Golden Wing","floor":5,"gold_loss":0}],"is_beta":false,"boss_relics":[{"not_picked":["Busted Crown","Runic Dome"],"picked":"Empty Cage"}],"items_purged_floors":[],"is_endless":false,"potions_floor_spawned":[2,7,14],"killed_by":"2 Thieves","ascension_level":11}