{"path_per_floor":["M","M","M","?","M","E","$","E","T","M","M","E","$","M","R","B",null,"M","?","?","?","M","R","E","?","T","?","E","$","?","M","R"],"character_chosen":"IRONCLAD","items_purchased":["Oddly Smooth Stone","Shrug It Off","Twin Strike","Ghostly Armor"],"gold_per_floor":[109,128,142,142,158,196,1,34,34,48,62,93,41,61,61,182,182,195,195,110,35,60,60,99,99,99,99,138,26,26,46,46,46],"floor_reached":33,"campfire_rested":0,"playtime":1021,"item_purchase_floors":[7,7,13,29],"current_hp_per_floor":[80,80,76,74,61,59,59,47,47,53,49,56,56,49,49,43,74,55,55,55,55,49,49,33,33,33,33,50,50,50,53,53,0],"items_purged":["Regret"],"gold":46,"score":330,"play_id":"b58778d9-e14f-4df7-bed1-0ea44b89b3c1","local_time":"20180626015721","is_prod":false,"is_daily":false,"chose_seed":false,"is_ascension_mode":false,"campfire_upgraded":3,"win_rate":0,"timestamp":1529935041,"campfire_choices":[{"data":"Perfected Strike","floor":15,"key":"SMITH"},{"data":"Perfected Strike","floor":23,"key":"SMITH"},{"data":"Armaments","floor":32,"key":"SMITH"}],"path_taken":["M","?","M","?","M","E","$","E","T","M","M","E","?","M","R","BOSS","M","?","?","?","M","R","E","?","T","?","E","$","?","M","R","BOSS"],"build_version":"2018-06-21","seed_source_timestamp":109691064958846,"purchased_purges":1,"circlet_count":0,"victory":false,"master_deck":["Defend_R+1","Defend_R+1","Defend_R+1","Defend_R+1","Bash","Perfected Strike+1","Pommel Strike","Shrug It Off","Pommel Strike","Shrug It Off","Infernal Blade","Shrug It Off","Battle Trance","Armaments","Twin Strike","Demon Form","Barricade+1","Decay","Headbutt","Perfected Strike+1","Infernal Blade","Armaments+1","Ghostly Armor","Bite+1","Bite+1","Bite+1","Bite+1","Bite+1","Flex+1"],"max_hp_per_floor":[80,80,80,74,74,74,74,74,74,74,74,74,74,74,74,74,74,74,74,74,74,74,74,74,74,74,74,75,75,52,53,53,53],"relics":["Burning Blood","Golden Idol","Juzu Bracelet","Oddly Smooth Stone","Bronze Scales","Bag of Marbles","Meat on the Bone","Calling Bell","Anchor","Gremlin Horn","Unceasing Top","Kunai","Dream Catcher","FaceOfCleric","Molten Egg 2","Pantograph"],"card_choices":[{"not_picked":["Sword Boomerang","Corruption"],"picked":"Perfected Strike","floor":1},{"not_picked":["Anger","Carnage"],"picked":"Pommel Strike","floor":2},{"not_picked":["Cleave","Sword Boomerang","Reckless Charge"],"picked":"SKIP","floor":3},{"not_picked":["Sentinel","Uppercut"],"picked":"Shrug It Off","floor":5},{"not_picked":["Thunderclap","Flame Barrier"],"picked":"Pommel Strike","floor":6},{"not_picked":["Headbutt","Clothesline"],"picked":"Infernal Blade","floor":8},{"not_picked":["Warcry","Cleave"],"picked":"Shrug It Off","floor":10},{"not_picked":["Searing Blow","Flex"],"picked":"Battle Trance","floor":11},{"not_picked":["Combust","Rage"],"picked":"Armaments","floor":12},{"not_picked":["Thunderclap","Headbutt"],"picked":"Demon Form","floor":14},{"not_picked":["Feed","Fiend Fire"],"picked":"Barricade","floor":16},{"not_picked":["Clash","Heavy Blade"],"picked":"Headbutt","floor":18},{"not_picked":["Headbutt","Thunderclap"],"picked":"Perfected Strike","floor":22},{"not_picked":["Warcry","Iron Wave+1"],"picked":"Infernal Blade","floor":24},{"not_picked":["True Grit","Battle Trance"],"picked":"Armaments","floor":28},{"not_picked":["Blood for Blood+1","Infernal Blade"],"picked":"Flex+1","floor":31}],"player_experience":313443,"potions_floor_usage":[6,12,16,16,24,33],"damage_taken":[{"damage":6,"enemies":"Cultist","floor":1,"turns":3},{"damage":2,"enemies":"2 Louse","floor":2,"turns":2},{"damage":10,"enemies":"Small Slimes","floor":3,"turns":3},{"damage":19,"enemies":"Exordium Thugs","floor":5,"turns":5},{"damage":8,"enemies":"Gremlin Nob","floor":6,"turns":4},{"damage":18,"enemies":"3 Sentries","floor":8,"turns":8},{"damage":0,"enemies":"Large Slime","floor":10,"turns":4},{"damage":10,"enemies":"Looter","floor":11,"turns":3},{"damage":6,"enemies":"Lagavulin","floor":12,"turns":5},{"damage":13,"enemies":"Gremlin Gang","floor":14,"turns":3},{"damage":24,"enemies":"Hexaghost","floor":16,"turns":8},{"damage":25,"enemies":"Shell Parasite","floor":18,"turns":4},{"damage":12,"enemies":"Chosen","floor":22,"turns":4},{"damage":34,"enemies":"Book of Stabbing","floor":24,"turns":4},{"damage":14,"enemies":"Slavers","floor":28,"turns":6},{"damage":2,"enemies":"Centurion and Healer","floor":31,"turns":5},{"damage":87,"enemies":"Collector","floor":33,"turns":12}],"relics_obtained":[{"floor":6,"key":"Juzu Bracelet"},{"floor":8,"key":"Bronze Scales"},{"floor":9,"key":"Bag of Marbles"},{"floor":12,"key":"Meat on the Bone"},{"floor":17,"key":"Anchor"},{"floor":17,"key":"Gremlin Horn"},{"floor":17,"key":"Unceasing Top"},{"floor":24,"key":"Dream Catcher"},{"floor":26,"key":"Molten Egg 2"},{"floor":28,"key":"Pantograph"}],"event_choices":[{"event_name":"Golden Idol","player_choice":"Lose Max HP","floor":4,"damage_taken":0},{"event_name":"Back to Basics","player_choice":"Simplicity","floor":19,"damage_taken":0},{"event_name":"Addict","player_choice":"Obtained Relic","floor":20,"damage_taken":0},{"event_name":"Beggar","player_choice":"Gave Gold","floor":21,"damage_taken":0},{"event_name":"FaceTrader","player_choice":"Took Face Of Cleric","floor":25,"damage_taken":0},{"event_name":"Accursed Blacksmith","player_choice":"Forge","floor":27,"damage_taken":0},{"event_name":"Vampires","player_choice":"Became a vampire","floor":30,"damage_taken":0}],"boss_relics":[{"not_picked":["Tiny House","Coffee Dripper"],"picked":"Calling Bell"}],"items_purged_floors":[29],"is_endless":true,"potions_floor_spawned":[5,10,11,12,22,24,31],"seed_played":"-917977701697952869","killed_by":"Collector","ascension_level":0,"potions_obtained":[{"floor":5,"key":"Block Potion"},{"floor":10,"key":"Block Potion"},{"floor":11,"key":"BloodPotion"},{"floor":12,"key":"Energy Potion"},{"floor":22,"key":"Swift Potion"},{"floor":24,"key":"FairyPotion"},{"floor":31,"key":"Poison Potion"}],"is_trial":false}