{"gold_per_floor":[118,138,118,137,156,184,184,194,194,194,269,303,303,23,23,152,152,177,177,177,202,221,221],"floor_reached":23,"playtime":5212,"items_purged":[],"score":201,"play_id":"a6b1cbcf-0644-48a3-a8c3-7ce27fd445dc","local_time":"20190222221330","is_ascension_mode":false,"campfire_choices":[{"floor":7,"key":"REST"},{"data":"Armaments","floor":13,"key":"SMITH"},{"floor":15,"key":"REST"}],"neow_cost":"NONE","seed_source_timestamp":890459662151947,"circlet_count":0,"master_deck":["Strike_R","Strike_R","Strike_R","Strike_R","Strike_R","Defend_R","Defend_R","Defend_R","Defend_R","Bash","Heavy Blade","Power Through","Shockwave","Headbutt","Feed","Pommel Strike","Armaments+1","Injury","Iron Wave","Fire Breathing","Dual Wield","Reaper","Anger","Metallicize","Headbutt","Corruption"],"relics":["Black Blood","NeowsBlessing","Dream Catcher","Self Forming Clay","Golden Idol","Art of War","Shuriken"],"potions_floor_usage":[6,12,16,23,23],"damage_taken":[{"damage":0,"enemies":"Small Slimes","floor":1,"turns":1},{"damage":0,"enemies":"Cultist","floor":2,"turns":1},{"damage":0,"enemies":"Jaw Worm","floor":4,"turns":1},{"damage":6,"enemies":"Blue Slaver","floor":5,"turns":6},{"damage":38,"enemies":"3 Sentries","floor":6,"turns":9},{"damage":0,"enemies":"Large Slime","floor":8,"turns":5},{"damage":12,"enemies":"Lagavulin","floor":12,"turns":9},{"damage":41,"enemies":"The Guardian","floor":16,"turns":15},{"damage":46,"enemies":"Spheric Guardian","floor":18,"turns":10},{"damage":3,"enemies":"3 Byrds","floor":21,"turns":8},{"damage":36,"enemies":"Cultist and Chosen","floor":22,"turns":8},{"damage":73,"enemies":"Gremlin Leader","floor":23,"turns":7}],"seed_played":"8616907515700753802","potions_obtained":[{"floor":2,"key":"Block Potion"},{"floor":3,"key":"Explosive Potion"},{"floor":4,"key":"Fire Potion"},{"floor":6,"key":"SkillPotion"},{"floor":21,"key":"PowerPotion"}],"is_trial":false,"path_per_floor":["?","M","?","?","$","?","?"],"character_chosen":"IRONCLAD","items_purchased":["Shuriken","Fire Breathing"],"campfire_rested":2,"item_purchase_floors":[14,14],"current_hp_per_floor":[80,80,80,80,80,48,72,81,81,81,70,68,68,68,87,52,87,51,51,51,72,49,0],"gold":221,"neow_bonus":"THREE_ENEMY_KILL","is_prod":false,"is_daily":false,"chose_seed":false,"campfire_upgraded":1,"win_rate":0.0,"timestamp":1550848410,"path_taken":["M","M","?","M","M","E","R","?","T","?","?","E","R","?","R","BOSS","M","?","?","M","M","E"],"build_version":"2019-01-23","purchased_purges":0,"victory":false,"max_hp_per_floor":[80,80,80,80,80,80,80,83,83,83,83,87,87,87,87,87,87,87,87,87,90,93,93],"card_choices":[{"not_picked":["Iron Wave","Infernal Blade"],"picked":"Heavy Blade","floor":1},{"not_picked":["Dual Wield","Second Wind"],"picked":"Power Through","floor":2},{"not_picked":["Warcry","Twin Strike"],"picked":"Shockwave","floor":4},{"not_picked":["Warcry","Ghostly Armor"],"picked":"Headbutt","floor":5},{"not_picked":["Reckless Charge","Fiend Fire"],"picked":"Feed","floor":6},{"not_picked":["Warcry","Shrug It Off"],"picked":"Pommel Strike","floor":7},{"not_picked":["Seeing Red","Flex"],"picked":"Armaments","floor":8},{"not_picked":["Second Wind","Headbutt"],"picked":"Iron Wave","floor":12},{"not_picked":["Pommel Strike","Ghostly Armor"],"picked":"Dual Wield","floor":15},{"not_picked":["Berserk","Brutality"],"picked":"Reaper","floor":16},{"not_picked":["Flex","True Grit"],"picked":"Anger","floor":18},{"not_picked":["Sever Soul","Reckless Charge"],"picked":"Headbutt","floor":21},{"not_picked":["Entrench","Thunderclap"],"picked":"Corruption","floor":22}],"player_experience":186069,"relics_obtained":[{"floor":6,"key":"Dream Catcher"},{"floor":9,"key":"Self Forming Clay"},{"floor":12,"key":"Art of War"}],"event_choices":[{"damage_healed":0,"gold_gain":0,"player_choice":"Bought 1 Potion","damage_taken":0,"max_hp_gain":0,"max_hp_loss":0,"event_name":"The Woman in Blue","floor":3,"gold_loss":0},{"damage_healed":0,"gold_gain":0,"player_choice":"Take Wound","damage_taken":0,"relics_obtained":["Golden Idol"],"max_hp_gain":0,"max_hp_loss":0,"event_name":"Golden Idol","floor":10,"gold_loss":0,"cards_obtained":["Injury"]},{"damage_healed":0,"gold_gain":75,"player_choice":"Gather Gold","damage_taken":11,"max_hp_gain":0,"max_hp_loss":0,"event_name":"World of Goop","floor":11,"gold_loss":0},{"damage_healed":0,"gold_gain":0,"player_choice":"Ignored","damage_taken":0,"max_hp_gain":0,"max_hp_loss":0,"event_name":"Ghosts","floor":19,"gold_loss":0},{"damage_healed":0,"gold_gain":0,"player_choice":"Read","damage_taken":0,"max_hp_gain":0,"max_hp_loss":0,"event_name":"The Library","floor":20,"gold_loss":0,"cards_obtained":["Metallicize"]}],"is_beta":false,"boss_relics":[{"not_picked":["Eternal Feather","Coffee Dripper"],"picked":"Black Blood"}],"items_purged_floors":[],"is_endless":false,"potions_floor_spawned":[2,4,5,6,21],"killed_by":"Gremlin Leader","ascension_level":0}