{"gold_per_floor":[367,367,386,63,77,103,121,121,121,146,28,28,55,72,72,173,173,188,188,198,198,42,42,42],"floor_reached":24,"playtime":910,"items_purged":["Strike_G+1"],"score":325,"play_id":"4082b898-1904-4849-b8b4-63c981d26e60","local_time":"20181124163511","is_ascension_mode":true,"campfire_choices":[{"floor":8,"key":"RECALL"},{"data":"Noxious Fumes","floor":12,"key":"SMITH"},{"floor":15,"key":"REST"},{"data":"After Image","floor":23,"key":"SMITH"}],"neow_cost":"TEN_PERCENT_HP_LOSS","seed_source_timestamp":5145436411580,"circlet_count":0,"master_deck":["Defend_G+1","Defend_G+1","Defend_G+1","Defend_G+1","Defend_G+1","Strike_G+1","Strike_G+1","Strike_G+1","Strike_G+1","Survivor","Neutralize+1","Acrobatics","Bouncing Flask","Noxious Fumes+1","Calculated Gamble","Distraction","Poisoned Stab","Noxious Fumes","Sucker Punch","Noxious Fumes","Poisoned Stab","After Image+1","Noxious Fumes","Footwork+1","Predator"],"relics":["Ring of the Snake","Paper Crane","Thread and Needle","Prayer Wheel","Singing Bowl","Cursed Key","Nloth\u0027s Gift"],"potions_floor_usage":[6,14,20,24],"damage_taken":[{"damage":1,"enemies":"2 Louse","floor":1,"turns":3},{"damage":5,"enemies":"Cultist","floor":3,"turns":5},{"damage":0,"enemies":"Jaw Worm","floor":5,"turns":4},{"damage":12,"enemies":"3 Sentries","floor":6,"turns":9},{"damage":8,"enemies":"Blue Slaver","floor":7,"turns":4},{"damage":8,"enemies":"Lagavulin","floor":10,"turns":5},{"damage":13,"enemies":"3 Sentries","floor":13,"turns":6},{"damage":14,"enemies":"Lots of Slimes","floor":14,"turns":3},{"damage":14,"enemies":"Hexaghost","floor":16,"turns":8},{"damage":0,"enemies":"Shell Parasite","floor":18,"turns":6},{"damage":6,"enemies":"Chosen","floor":20,"turns":5},{"damage":58,"enemies":"Slavers","floor":24,"turns":5}],"seed_played":"1845585772629136037","potions_obtained":[{"floor":3,"key":"GhostInAJar"},{"floor":7,"key":"GhostInAJar"},{"floor":10,"key":"SpeedPotion"},{"floor":14,"key":"Weak Potion"},{"floor":18,"key":"Swift Potion"}],"is_trial":false,"path_per_floor":["M","?","M","$","M","E","M","R","T","E","$","R","E","M","R","B",null,"M","?","M","?","$","R","E"],"character_chosen":"THE_SILENT","items_purchased":["Paper Crane","Noxious Fumes","Noxious Fumes","Sucker Punch","Predator"],"campfire_rested":1,"item_purchase_floors":[4,4,11,11,22],"current_hp_per_floor":[62,62,57,57,57,45,37,37,37,29,29,29,16,4,23,34,57,59,59,55,55,55,55,0],"gold":42,"neow_bonus":"TWO_FIFTY_GOLD","is_prod":false,"is_daily":false,"chose_seed":false,"campfire_upgraded":2,"win_rate":0,"timestamp":1543030511,"path_taken":["M","?","?","$","M","E","M","R","T","E","?","R","E","M","R","BOSS","M","?","M","?","$","R","E"],"build_version":"2018-11-15","purchased_purges":1,"victory":false,"max_hp_per_floor":[63,63,63,63,63,63,63,63,63,63,63,63,63,65,65,65,65,67,67,69,69,69,69,69],"card_choices":[{"not_picked":["Flying Knee","Well Laid Plans"],"picked":"Acrobatics","floor":1},{"not_picked":["Masterful Stab","Acrobatics"],"picked":"Bouncing Flask","floor":3},{"not_picked":["Underhanded Strike","Deflect"],"picked":"Calculated Gamble","floor":5},{"not_picked":["Grand Finale","Dagger Spray"],"picked":"Distraction","floor":6},{"not_picked":["Deflect","Sucker Punch"],"picked":"Poisoned Stab","floor":7},{"not_picked":["Deadly Poison","Dagger Throw","Storm of Steel"],"picked":"SKIP","floor":10},{"not_picked":["Finisher","Underhanded Strike"],"picked":"Noxious Fumes","floor":13},{"not_picked":["Cloak And Dagger","Endless Agony"],"picked":"Poisoned Stab","floor":14},{"not_picked":["Deadly Poison","Heel Hook","Underhanded Strike"],"picked":"Singing Bowl","floor":14},{"not_picked":["Adrenaline","Tools of the Trade"],"picked":"After Image","floor":16},{"not_picked":["Bane+1","Terror"],"picked":"Noxious Fumes","floor":18},{"not_picked":["Endless Agony","Flying Knee+1","Skewer+1"],"picked":"Singing Bowl","floor":18},{"not_picked":["Dagger Throw","All Out Attack","Deflect+1"],"picked":"Singing Bowl","floor":20},{"not_picked":["Leg Sweep+1","Underhanded Strike"],"picked":"Footwork+1","floor":20}],"player_experience":377303,"relics_obtained":[{"floor":6,"key":"Pantograph"},{"floor":9,"key":"Thread and Needle"},{"floor":10,"key":"Prayer Wheel"},{"floor":13,"key":"Singing Bowl"}],"event_choices":[{"damage_healed":0,"gold_gain":0,"player_choice":"Upgraded","damage_taken":0,"max_hp_gain":0,"max_hp_loss":0,"event_name":"Upgrade Shrine","floor":2,"gold_loss":0,"cards_upgraded":["Neutralize"]},{"damage_healed":0,"gold_gain":0,"player_choice":"Simplicity","damage_taken":0,"max_hp_gain":0,"max_hp_loss":0,"event_name":"Back to Basics","floor":19,"gold_loss":0,"cards_upgraded":["Defend_G","Defend_G","Defend_G","Defend_G","Defend_G","Strike_G","Strike_G","Strike_G","Strike_G","Strike_G"]},{"damage_healed":0,"gold_gain":0,"player_choice":"Traded Relic","damage_taken":0,"relics_obtained":["Nloth\u0027s Gift"],"max_hp_gain":0,"max_hp_loss":0,"event_name":"N\u0027loth","floor":21,"relics_lost":["Pantograph"],"gold_loss":0}],"is_beta":false,"boss_relics":[{"not_picked":["Eternal Feather","Calling Bell"],"picked":"Cursed Key"}],"items_purged_floors":[22],"is_endless":false,"potions_floor_spawned":[3,7,10,14,18],"killed_by":"Slavers","ascension_level":8}