{"gold_per_floor":[110,124,299,33,33,33,63,63,63,114,130,152,166,179,179,179],"floor_reached":16,"playtime":1746,"items_purged":["Strike_G"],"score":100,"play_id":"cd356e2b-df49-4b7a-8c86-60dae910aac4","local_time":"20180719011315","is_ascension_mode":false,"campfire_choices":[{"data":"Neutralize","floor":6,"key":"SMITH"},{"floor":15,"key":"REST"}],"neow_cost":"","seed_source_timestamp":46448046885545,"circlet_count":0,"master_deck":["Defend_G","Defend_G","Defend_G","Defend_G","Defend_G","Strike_G","Strike_G","Strike_G","Strike_G","Survivor","Neutralize+1","Dagger Throw","Doubt","Secret Technique+1","Cloak And Dagger","Masterful Stab+1","Heel Hook+1","Backflip","Blur"],"relics":["Ring of the Snake","Molten Egg 2","Gremlin Horn","Potion Belt","Odd Mushroom"],"potions_floor_usage":[12,16,16],"damage_taken":[{"damage":0,"enemies":"Cultist","floor":1,"turns":4},{"damage":0,"enemies":"2 Louse","floor":2,"turns":4},{"damage":23,"enemies":"3 Sentries","floor":7,"turns":16},{"damage":5,"enemies":"Small Slimes","floor":11,"turns":4},{"damage":6,"floor":12,"turns":7},{"damage":1,"enemies":"Exordium Wildlife","floor":13,"turns":3},{"damage":0,"enemies":"Blue Slaver","floor":14,"turns":4},{"damage":58,"enemies":"Hexaghost","floor":16,"turns":16}],"seed_played":"5512188623916349565","potions_obtained":[{"floor":2,"key":"SpeedPotion"},{"floor":13,"key":"Explosive Potion"},{"floor":14,"key":"PowerPotion"}],"is_trial":false,"path_per_floor":["M","M","?","$","?","R","E","$","T","T","M","?","M","M","R"],"character_chosen":"THE_SILENT","items_purchased":["Secret Technique"],"campfire_rested":1,"item_purchase_floors":[4],"current_hp_per_floor":[70,70,70,70,70,70,47,47,47,47,42,36,35,35,56,0],"gold":179,"neow_bonus":"","is_prod":false,"is_daily":false,"chose_seed":false,"campfire_upgraded":1,"win_rate":0.0,"timestamp":1531977195,"path_taken":["M","M","?","$","?","R","E","?","T","?","M","?","M","M","R","BOSS"],"build_version":"2018-07-12","purchased_purges":1,"victory":false,"max_hp_per_floor":[70,70,70,70,70,70,70,70,70,70,70,70,70,70,70,70],"card_choices":[{"not_picked":["PiercingWail","Flying Knee","Quick Slash"],"picked":"SKIP","floor":1},{"not_picked":["Flying Knee","PiercingWail"],"picked":"Dagger Throw","floor":2},{"not_picked":["Finisher","Poisoned Stab"],"picked":"Cloak And Dagger","floor":7},{"not_picked":["Caltrops","Poisoned Stab+1"],"picked":"Masterful Stab+1","floor":11},{"not_picked":["Die Die Die+1","Bouncing Flask"],"picked":"Heel Hook+1","floor":12},{"not_picked":["Footwork","Poisoned Stab+1"],"picked":"Backflip","floor":13},{"not_picked":["Deflect","Finisher+1"],"picked":"Blur","floor":14}],"player_experience":189102,"relics_obtained":[{"floor":7,"key":"Molten Egg 2"},{"floor":9,"key":"Gremlin Horn"},{"floor":10,"key":"Potion Belt"},{"floor":12,"key":"Odd Mushroom"}],"event_choices":[{"event_name":"Liars Game","player_choice":"agreed","floor":3,"damage_taken":0},{"event_name":"Living Wall","player_choice":"Grow","floor":5,"damage_taken":0},{"event_name":"Mushrooms","player_choice":"Fought Mushrooms","floor":12,"damage_taken":0}],"boss_relics":[],"items_purged_floors":[4],"is_endless":false,"potions_floor_spawned":[2,13,14],"killed_by":"Hexaghost","ascension_level":0}