{"gold_per_floor":[364,364,439,449,465,465,52,80,80,144,144,144,163,175,175,278,278,298,298,13,13,30,62,80,409,464,483,483,483,2,18,18,18],"floor_reached":33,"playtime":1675,"items_purged":[],"score":350,"play_id":"bd9392f8-9473-49e1-a9bf-d85e738c2eca","local_time":"20190226163031","is_ascension_mode":true,"campfire_choices":[{"data":"Infernal Blade","floor":6,"key":"SMITH"},{"data":"Fire Breathing","floor":15,"key":"SMITH"},{"data":"Dark Embrace","floor":28,"key":"SMITH"},{"floor":32,"key":"REST"}],"neow_cost":"PERCENT_DAMAGE","seed_source_timestamp":1074456827549118,"circlet_count":0,"master_deck":["Strike_R+1","Strike_R+1","Strike_R+1","Strike_R+1","Strike_R+1","Defend_R+1","Defend_R+1","Defend_R+1","Defend_R+1","Bash","Wild Strike","Infernal Blade+1","Cleave","Deep Breath","Carnage","Power Through+1","Fire Breathing+1","Pommel Strike","Pommel Strike","Clothesline","Dark Embrace+1","Sever Soul","Finesse","Master of Strategy","Spot Weakness","Havoc+1","Shrug It Off+1","Flex+1","Pommel Strike","Infernal Blade+1","Seeing Red","Sentinel","Feel No Pain","Sword Boomerang"],"relics":["Burning Blood","Question Card","Vajra","War Paint","Orichalcum","Tiny Chest","Singing Bowl","Black Star","Nilry\u0027s Codex","Letter Opener","Charon\u0027s Ashes","Bag of Marbles","Old Coin","Boot","Bottled Tornado"],"potions_floor_usage":[23,23,25,25,25,33,33],"damage_taken":[{"damage":6,"enemies":"Cultist","floor":1,"turns":4},{"damage":0,"enemies":"Small Slimes","floor":4,"turns":2},{"damage":5,"enemies":"Jaw Worm","floor":5,"turns":3},{"damage":9,"enemies":"3 Sentries","floor":8,"turns":6},{"damage":13,"enemies":"Lagavulin","floor":10,"turns":6},{"damage":5,"enemies":"Looter","floor":13,"turns":2},{"damage":6,"enemies":"Red Slaver","floor":14,"turns":2},{"damage":35,"enemies":"Slime Boss","floor":16,"turns":10},{"damage":22,"enemies":"Spheric Guardian","floor":18,"turns":5},{"damage":13,"enemies":"Chosen","floor":22,"turns":4},{"damage":37,"enemies":"Book of Stabbing","floor":23,"turns":7},{"damage":0,"enemies":"Snake Plant","floor":24,"turns":3},{"damage":10,"enemies":"Slavers","floor":25,"turns":6},{"damage":8,"enemies":"Centurion and Healer","floor":27,"turns":4},{"damage":0,"enemies":"Shelled Parasite and Fungi","floor":31,"turns":3},{"damage":55,"enemies":"Champ","floor":33,"turns":9}],"seed_played":"1965526613345297291","potions_obtained":[{"floor":4,"key":"Ancient Potion"},{"floor":14,"key":"SkillPotion"},{"floor":22,"key":"Strength Potion"},{"floor":23,"key":"SteroidPotion"},{"floor":24,"key":"Regen Potion"},{"floor":27,"key":"Block Potion"}],"is_trial":false,"path_per_floor":["M","T","?","M","M","R","$","E","T","E","T","?","M","M","R","B",null,"M","?","$","?","M","E","M","E","T","M","R","?","$","M","R","B"],"character_chosen":"IRONCLAD","items_purchased":["Deep Breath","Carnage","Vajra","Power Through","Fire Breathing","Finesse","Master of Strategy","Seeing Red","Sentinel","Bottled Tornado","Feel No Pain","SkillPotion"],"campfire_rested":1,"item_purchase_floors":[7,7,7,7,7,20,20,30,30,30,30,30],"current_hp_per_floor":[56,56,48,54,55,55,55,52,52,45,45,80,80,80,80,51,80,64,48,48,48,41,10,16,27,27,25,25,25,25,31,55,0],"gold":18,"neow_bonus":"TWO_FIFTY_GOLD","is_prod":false,"is_daily":false,"chose_seed":false,"campfire_upgraded":3,"win_rate":0,"timestamp":1551166231,"path_taken":["M","?","?","?","M","R","$","E","T","E","?","?","?","M","R","BOSS","M","?","$","?","M","E","M","E","T","M","R","?","$","M","R","BOSS"],"build_version":"2019-01-23","purchased_purges":0,"victory":false,"max_hp_per_floor":[80,80,80,80,80,80,80,80,80,80,80,80,80,80,80,80,80,80,80,80,80,80,80,80,80,80,80,80,80,80,80,80,80],"card_choices":[{"not_picked":["Headbutt","Iron Wave"],"picked":"Wild Strike","floor":1},{"not_picked":["Pommel Strike","Heavy Blade","Hemokinesis"],"picked":"Infernal Blade","floor":4},{"not_picked":["Blood for Blood","Warcry","Armaments"],"picked":"Cleave","floor":5},{"not_picked":["Double Tap","Whirlwind","Carnage"],"picked":"Pommel Strike","floor":8},{"not_picked":["Shrug It Off","Clash","Perfected Strike"],"picked":"Infernal Blade","floor":10},{"not_picked":["Iron Wave","True Grit","Wild Strike"],"picked":"Pommel Strike","floor":13},{"not_picked":["Clash","Heavy Blade","Wild Strike"],"picked":"Clothesline","floor":14},{"not_picked":["Barricade","Exhume","Reaper"],"picked":"Dark Embrace","floor":16},{"not_picked":["Twin Strike","Body Slam","Pommel Strike"],"picked":"Sever Soul","floor":18},{"not_picked":["Battle Trance","Whirlwind","Corruption+1"],"picked":"Spot Weakness","floor":22},{"not_picked":["Feed","Twin Strike","Body Slam"],"picked":"Havoc+1","floor":23},{"not_picked":["Warcry","Anger","True Grit"],"picked":"Shrug It Off+1","floor":24},{"not_picked":["Double Tap","Clothesline","Rupture"],"picked":"Flex+1","floor":25},{"not_picked":["Heavy Blade","Body Slam+1","Carnage+1"],"picked":"Pommel Strike","floor":27},{"not_picked":["Flame Barrier","Inflame","Clash"],"picked":"Sword Boomerang","floor":31}],"player_experience":148747,"relics_obtained":[{"floor":2,"key":"Question Card"},{"floor":8,"key":"War Paint"},{"floor":9,"key":"Orichalcum"},{"floor":10,"key":"Tiny Chest"},{"floor":11,"key":"Singing Bowl"},{"floor":19,"key":"Nilry\u0027s Codex"},{"floor":23,"key":"Letter Opener"},{"floor":23,"key":"Charon\u0027s Ashes"},{"floor":25,"key":"Bag of Marbles"},{"floor":25,"key":"Old Coin"},{"floor":26,"key":"Boot"}],"event_choices":[{"damage_healed":0,"gold_gain":75,"player_choice":"Touch","damage_taken":8,"max_hp_gain":0,"max_hp_loss":0,"event_name":"FaceTrader","floor":3,"gold_loss":0},{"cards_removed":["Infernal Blade"],"damage_healed":35,"gold_gain":0,"player_choice":"Offered Uncommon","damage_taken":0,"max_hp_gain":0,"max_hp_loss":0,"event_name":"Bonfire Elementals","floor":12,"gold_loss":0},{"damage_healed":0,"gold_gain":0,"player_choice":"Obtained Book","damage_taken":16,"max_hp_gain":0,"max_hp_loss":0,"event_name":"Cursed Tome","floor":19,"gold_loss":0},{"damage_healed":0,"gold_gain":0,"player_choice":"Simplicity","damage_taken":0,"max_hp_gain":0,"max_hp_loss":0,"event_name":"Back to Basics","floor":21,"gold_loss":0,"cards_upgraded":["Strike_R","Strike_R","Strike_R","Strike_R","Strike_R","Defend_R","Defend_R","Defend_R"]},{"damage_healed":0,"gold_gain":0,"player_choice":"Copied","damage_taken":0,"max_hp_gain":0,"max_hp_loss":0,"event_name":"Duplicator","floor":29,"gold_loss":0,"cards_obtained":["Infernal Blade"]}],"is_beta":false,"boss_relics":[{"not_picked":["Runic Pyramid","Snecko Eye"],"picked":"Black Star"}],"items_purged_floors":[],"is_endless":false,"potions_floor_spawned":[4,14,22,23,24,27],"killed_by":"Champ","ascension_level":2}