{"gold_per_floor":[11,24,24,24,44,44,77,77,103,137,151,111],"floor_reached":12,"playtime":671,"items_purged":[],"score":176,"play_id":"1159de19-6d87-484d-bd18-e43004561578","local_time":"20190217125340","is_ascension_mode":true,"campfire_choices":[{"data":"Zap","floor":6,"key":"SMITH"},{"data":"Doom and Gloom","floor":8,"key":"SMITH"}],"neow_cost":"NO_GOLD","seed_source_timestamp":7286705823831,"circlet_count":0,"master_deck":["AscendersBane","Strike_B","Strike_B","Defend_B","Defend_B","Defend_B","Defend_B","Zap+1","Dualcast","BootSequence","Undo","Rebound","Doom and Gloom+1","Defragment","Leap"],"relics":["Cracked Core","Bronze Scales","DataDisk","Strawberry","Potion Belt"],"potions_floor_usage":[7,11,12],"damage_taken":[{"damage":0,"enemies":"2 Louse","floor":1,"turns":2},{"damage":11,"enemies":"Small Slimes","floor":2,"turns":3},{"damage":0,"enemies":"Jaw Worm","floor":5,"turns":4},{"damage":2,"enemies":"Lagavulin","floor":7,"turns":8},{"damage":32,"enemies":"Gremlin Nob","floor":10,"turns":4},{"damage":1,"enemies":"Exordium Wildlife","floor":11,"turns":6},{"damage":12,"enemies":"Exordium Thugs","floor":12,"turns":2}],"seed_played":"-6418973244941722925","potions_obtained":[{"floor":1,"key":"SkillPotion"},{"floor":5,"key":"Explosive Potion"},{"floor":10,"key":"EssenceOfSteel"}],"is_trial":false,"path_per_floor":["M","M","?","?","M","R","E","R","T","E","M","M"],"character_chosen":"DEFECT","items_purchased":[],"campfire_rested":0,"item_purchase_floors":[],"current_hp_per_floor":[64,53,53,35,35,35,33,33,40,8,7,0],"gold":111,"neow_bonus":"REMOVE_TWO","is_prod":false,"is_daily":false,"chose_seed":false,"campfire_upgraded":2,"win_rate":0,"timestamp":1550361220,"path_taken":["M","M","?","?","M","R","E","R","T","E","?","M"],"build_version":"2019-01-23","purchased_purges":0,"victory":false,"max_hp_per_floor":[71,71,71,71,71,71,71,71,78,78,78,78],"card_choices":[{"not_picked":["White Noise","Conserve Battery"],"picked":"BootSequence","floor":1},{"not_picked":["Capacitor","Redo"],"picked":"Undo","floor":2},{"not_picked":["Beam Cell","Skim"],"picked":"Rebound","floor":5},{"not_picked":["Compile Driver","Coolheaded"],"picked":"Doom and Gloom","floor":7},{"not_picked":["Reprogram","Beam Cell"],"picked":"Defragment","floor":10},{"not_picked":["Heatsinks","Stack"],"picked":"Leap","floor":11}],"player_experience":285187,"relics_obtained":[{"floor":7,"key":"DataDisk"},{"floor":9,"key":"Strawberry"},{"floor":10,"key":"Potion Belt"}],"event_choices":[{"damage_healed":0,"gold_gain":0,"player_choice":"Ignored","damage_taken":0,"max_hp_gain":0,"max_hp_loss":0,"event_name":"Liars Game","floor":3,"gold_loss":0},{"damage_healed":0,"gold_gain":0,"player_choice":"Success","damage_taken":18,"relics_obtained":["Bronze Scales"],"max_hp_gain":0,"max_hp_loss":0,"event_name":"Scrap Ooze","floor":4,"gold_loss":0}],"is_beta":false,"boss_relics":[],"items_purged_floors":[],"is_endless":false,"potions_floor_spawned":[1,5,10],"killed_by":"Exordium Thugs","ascension_level":20}