{"gold_per_floor":[113,125,125,125,141,141,155,155,200,219,243,270,15,15,15,136,136,161,181,202,12,87,87,103,103,152,152,202,202,226,226,226,226],"floor_reached":33,"playtime":2939,"items_purged":[],"score":239,"play_id":"c74dffa7-8c53-4d5b-a4cf-69d0663c762d","local_time":"20180720022148","is_ascension_mode":false,"campfire_choices":[{"data":"Unload","floor":6,"key":"SMITH"},{"data":"Survivor","floor":8,"key":"SMITH"},{"data":"Magnetism","floor":15,"key":"SMITH"},{"data":"Night Terror","floor":23,"key":"SMITH"},{"floor":25,"key":"REST"},{"floor":27,"key":"REST"},{"floor":32,"key":"REST"}],"neow_cost":"","seed_source_timestamp":0,"circlet_count":0,"master_deck":["Defend_G","Defend_G","Defend_G","Defend_G","Defend_G","Strike_G","Strike_G","Strike_G","Strike_G","Survivor+1","Neutralize","Unload+1","Deadly Poison","Prepared","Magnetism+1","Bullet Time","A Thousand Cuts","Endless Agony","Cloak And Dagger","Dagger Throw","Finisher","Dagger Spray+1","Choke","Dash","Night Terror+1","Dagger Throw","Writhe","Acrobatics"],"special_seed":0,"relics":["Ring of the Snake","Golden Idol","Snake Skull","Juzu Bracelet","Orrery","Art of War","Potion Belt"],"potions_floor_usage":[11,19,20,24,31],"damage_taken":[{"damage":0,"enemies":"Small Slimes","floor":1,"turns":3},{"damage":1,"enemies":"Cultist","floor":2,"turns":4},{"damage":1,"enemies":"2 Louse","floor":5,"turns":3},{"damage":10,"enemies":"2 Fungi Beasts","floor":7,"turns":3},{"damage":6,"enemies":"3 Louse","floor":10,"turns":4},{"damage":0,"enemies":"Gremlin Gang","floor":11,"turns":4},{"damage":23,"enemies":"Hexaghost","floor":16,"turns":10},{"damage":12,"enemies":"Chosen","floor":18,"turns":7},{"damage":0,"enemies":"2 Thieves","floor":19,"turns":2},{"damage":32,"enemies":"Centurion and Healer","floor":20,"turns":8},{"damage":8,"enemies":"Snake Plant","floor":24,"turns":5},{"damage":50,"enemies":"Chosen and Byrds","floor":30,"turns":6},{"damage":0,"enemies":"Centurion and Healer","floor":31,"turns":1},{"damage":53,"enemies":"Collector","floor":33,"turns":3}],"seed_played":"-3463031796260788454","potions_obtained":[{"floor":5,"key":"AttackPotion"},{"floor":7,"key":"GhostInAJar"},{"floor":11,"key":"Swift Potion"},{"floor":16,"key":"SmokeBomb"},{"floor":20,"key":"GhostInAJar"}],"is_trial":false,"path_per_floor":["M","M","?","?","M","R","M","R","T","M","M","T","$","?","R","B",null,"M","M","M","$","?","R","M","R","T","R","?","?","M","M","R"],"character_chosen":"THE_SILENT","items_purchased":["Magnetism","Regen Potion","Night Terror","Dagger Throw"],"campfire_rested":3,"item_purchase_floors":[13,13,21,21],"current_hp_per_floor":[70,69,69,52,51,51,41,41,41,35,35,35,35,58,58,35,70,58,58,41,41,34,34,26,47,47,68,68,68,18,18,39,0],"gold":226,"neow_bonus":"","is_prod":false,"is_daily":false,"chose_seed":false,"campfire_upgraded":4,"win_rate":0.0,"timestamp":1532067708,"path_taken":["M","M","?","?","M","R","M","R","T","?","?","?","$","?","R","BOSS","M","M","M","$","?","R","M","R","T","R","?","?","M","M","R","BOSS"],"build_version":"2018-07-19v2","purchased_purges":0,"victory":false,"max_hp_per_floor":[70,70,70,70,70,70,70,70,70,70,70,70,70,70,70,70,70,70,70,70,70,70,70,70,70,70,70,70,70,70,70,70,70],"card_choices":[{"not_picked":["Backflip","Quick Slash","Deadly Poison"],"picked":"SKIP","floor":1},{"not_picked":["Heel Hook","Quick Slash","Bane"],"picked":"SKIP","floor":2},{"not_picked":["Blur","Bane"],"picked":"Unload","floor":5},{"not_picked":["Quick Slash","Eviscerate","PiercingWail"],"picked":"SKIP","floor":7},{"not_picked":["Quick Slash","Dagger Throw"],"picked":"Deadly Poison","floor":10},{"not_picked":["Acrobatics","Slice"],"picked":"Prepared","floor":11},{"not_picked":["Die Die Die","Doppelganger"],"picked":"Bullet Time","floor":16},{"not_picked":["Heel Hook","Noxious Fumes"],"picked":"A Thousand Cuts","floor":17},{"not_picked":["Acrobatics","Dagger Throw"],"picked":"Endless Agony","floor":17},{"not_picked":["Sucker Punch","Finisher"],"picked":"Cloak And Dagger","floor":17},{"not_picked":["Prepared","Sucker Punch"],"picked":"Dagger Throw","floor":17},{"not_picked":["Cloak And Dagger","Caltrops"],"picked":"Finisher","floor":17},{"not_picked":["Dagger Throw","Flying Knee"],"picked":"Dagger Spray+1","floor":18},{"not_picked":["Cloak And Dagger","Skewer"],"picked":"Choke","floor":19},{"not_picked":["Flying Knee","Dagger Spray"],"picked":"Dash","floor":20},{"not_picked":["Masterful Stab","All Out Attack","Dagger Spray"],"picked":"SKIP","floor":24},{"not_picked":["Dagger Spray","Tools of the Trade"],"picked":"Acrobatics","floor":30}],"player_experience":203177,"relics_obtained":[{"floor":9,"key":"Snake Skull"},{"floor":12,"key":"Juzu Bracelet"},{"floor":26,"key":"Art of War"}],"event_choices":[{"event_name":"Purifier","player_choice":"One Purge","floor":3,"damage_taken":0},{"event_name":"Golden Idol","player_choice":"Take Damage","floor":4,"damage_taken":0},{"event_name":"Big Fish","player_choice":"Banana","floor":14,"damage_taken":0},{"event_name":"FaceTrader","player_choice":"Touch","floor":22,"damage_taken":0},{"event_name":"The Joust","player_choice":"Bet on Murderer","floor":28,"damage_taken":0},{"event_name":"The Mausoleum","player_choice":"Yes","floor":29,"damage_taken":0}],"is_beta":false,"boss_relics":[{"not_picked":["Ectoplasm","Snecko Eye"],"picked":"Orrery"}],"items_purged_floors":[],"is_endless":false,"potions_floor_spawned":[5,7,11,16,20,31],"killed_by":"Collector","ascension_level":0}