{"gold_per_floor":[15,90,265,215,233,267,267,293,366,385,445,445,445,23,23,125,125,136,136,36,36,55,88,103,129,129,129,129,149,174,201,201,303,303,320,320,333,333,352,384,407,418,467,481,9,9,9,43,43,43],"floor_reached":50,"playtime":3693,"items_purged":["Pain"],"score":1011,"play_id":"b4567d96-4b2a-4151-9622-4b21ec82a47e","local_time":"20190223105517","is_ascension_mode":true,"campfire_choices":[{"data":"Cloak And Dagger","floor":7,"key":"SMITH"},{"data":"Blur","floor":13,"key":"SMITH"},{"floor":15,"key":"REST"},{"floor":27,"key":"REST"},{"floor":32,"key":"REST"},{"data":"Flechettes","floor":47,"key":"SMITH"},{"floor":49,"key":"REST"}],"neow_cost":"NO_GOLD","seed_source_timestamp":793126530865417,"circlet_count":0,"master_deck":["Defend_G+1","Defend_G+1","Defend_G+1","Defend_G+1","Strike_G+1","Strike_G+1","Strike_G+1","Strike_G+1","Survivor","Neutralize","Quick Slash","Cloak And Dagger+1","Quick Slash","Dagger Spray","Dodge and Roll","Blur+1","Finisher","Crippling Poison+1","Apotheosis+1","PiercingWail+1","Dark Shackles+1","Dagger Throw","Crippling Poison+1","Die Die Die","Well Laid Plans+1","Ghostly+1","Ghostly+1","Ghostly+1","Ghostly+1","Ghostly+1","Acrobatics+1","Underhanded Strike","Underhanded Strike+1","Masterful Stab+1","Outmaneuver+1","Backstab+1","Expertise+1","Flechettes+1","Backflip+1","Prepared+1","Malaise+1","Backflip+1","Acrobatics+1","Backflip+1","Prepared+1","Burst+1","Dagger Spray+1","Backflip+1","Outmaneuver+1","Bullet Time+1","Calculated Gamble+1","Terror+1","Deep Breath+1","Thinking Ahead+1","Calculated Gamble+1","Dagger Spray","Dagger Throw+1"],"relics":["Ring of the Snake","Happy Flower","Calipers","Blue Candle","Toxic Egg 2","Sozu","Prayer Wheel","Sundial","Peace Pipe","Art of War","Red Mask","HoveringKite","WarpedTongs","Dead Branch","Boot","PreservedInsect","Lantern"],"potions_floor_usage":[6,31,50],"damage_taken":[{"damage":2,"enemies":"Small Slimes","floor":1,"turns":4},{"damage":0,"enemies":"2 Louse","floor":5,"turns":3},{"damage":15,"enemies":"3 Sentries","floor":6,"turns":6},{"damage":22,"enemies":"Gremlin Nob","floor":8,"turns":5},{"damage":0,"enemies":"Jaw Worm","floor":10,"turns":3},{"damage":1,"enemies":"Gremlin Nob","floor":11,"turns":4},{"damage":0,"enemies":"The Guardian","floor":16,"turns":13},{"damage":0,"enemies":"3 Byrds","floor":18,"turns":3},{"damage":1,"enemies":"Shell Parasite","floor":22,"turns":5},{"damage":5,"enemies":"Slavers","floor":23,"turns":5},{"damage":4,"enemies":"Cultist and Chosen","floor":24,"turns":6},{"damage":3,"enemies":"Book of Stabbing","floor":25,"turns":7},{"damage":1,"enemies":"Chosen and Byrds","floor":29,"turns":3},{"damage":5,"enemies":"Gremlin Leader","floor":30,"turns":5},{"damage":0,"enemies":"Masked Bandits","floor":31,"turns":5},{"damage":0,"enemies":"Automaton","floor":33,"turns":10},{"damage":7,"enemies":"Orb Walker","floor":35,"turns":4},{"damage":2,"enemies":"3 Shapes","floor":37,"turns":2},{"damage":0,"enemies":"Maw","floor":39,"turns":7},{"damage":0,"enemies":"Reptomancer","floor":40,"turns":8},{"damage":1,"enemies":"Jaw Worm Horde","floor":42,"turns":4},{"damage":25,"enemies":"Transient","floor":44,"turns":5},{"damage":13,"enemies":"Nemesis","floor":48,"turns":5},{"damage":32,"enemies":"Awakened One","floor":50,"turns":6}],"seed_played":"-4929817072412471625","potions_obtained":[{"floor":1,"key":"EssenceOfSteel"},{"floor":8,"key":"GhostInAJar"},{"floor":10,"key":"GamblersBrew"}],"is_trial":false,"path_per_floor":["M","?","?","?","M","E","R","E","T","M","?","?","R","$","R","B",null,"M","?","$","?","M","E","M","E","T","R","?","M","E","?","R","B",null,"M","?","M","?","M","E","T","M","T","M","$","?","R","E","R","B"],"character_chosen":"THE_SILENT","items_purchased":["Apotheosis+1","PiercingWail+1","Dark Shackles+1","Dagger Throw","Crippling Poison+1","Acrobatics+1","Underhanded Strike","Deep Breath+1","Thinking Ahead+1","Calculated Gamble+1","Dagger Spray"],"campfire_rested":4,"item_purchase_floors":[14,14,14,14,14,20,20,45,45,45,45],"current_hp_per_floor":[68,57,57,57,57,42,42,20,20,20,19,19,19,19,40,40,63,63,35,35,31,30,25,21,18,18,30,30,29,24,24,36,36,39,32,32,30,30,30,30,30,29,29,4,4,35,35,22,32,0],"gold":43,"neow_bonus":"TRANSFORM_TWO_CARDS","is_prod":false,"is_daily":false,"chose_seed":false,"campfire_upgraded":3,"win_rate":0,"timestamp":1550886917,"path_taken":["M","?","?","?","?","E","R","E","T","M","?","?","R","?","R","BOSS","M","?","$","?","M","E","?","E","T","R","?","M","E","?","R","BOSS","M","?","?","?","M","E","?","M","T","M","$","?","R","E","R","BOSS"],"build_version":"2019-01-23","purchased_purges":1,"victory":false,"max_hp_per_floor":[70,70,70,70,70,70,70,70,70,70,70,70,70,70,70,70,70,70,35,35,40,40,40,40,40,40,40,40,40,40,40,40,40,40,40,40,40,40,40,40,40,40,40,40,40,35,35,35,35,35],"card_choices":[{"not_picked":["Distraction","Cloak And Dagger"],"picked":"Quick Slash","floor":1},{"not_picked":["Sucker Punch","Cloak And Dagger"],"picked":"Dagger Spray","floor":5},{"not_picked":["Slice","Wraith Form v2"],"picked":"Dodge and Roll","floor":6},{"not_picked":["Endless Agony","Accuracy"],"picked":"Blur","floor":8},{"not_picked":["Quick Slash","PiercingWail"],"picked":"Finisher","floor":10},{"not_picked":["Prepared","Bane"],"picked":"Crippling Poison","floor":11},{"not_picked":["Envenom","Glass Knife"],"picked":"Die Die Die","floor":16},{"not_picked":["Cloak And Dagger+1","Deadly Poison+1"],"picked":"Well Laid Plans+1","floor":18},{"not_picked":["Reflex+1","Predator"],"picked":"Underhanded Strike+1","floor":22},{"not_picked":["Sucker Punch","Poisoned Stab"],"picked":"Masterful Stab+1","floor":23},{"not_picked":["Escape Plan+1","Masterful Stab"],"picked":"Outmaneuver+1","floor":24},{"not_picked":["Setup+1","Underhanded Strike"],"picked":"Backstab+1","floor":24},{"not_picked":["Deadly Poison+1","Blur+1"],"picked":"Expertise+1","floor":25},{"not_picked":["Flying Knee+1","Slice"],"picked":"Flechettes","floor":29},{"not_picked":["Leg Sweep+1","Bane"],"picked":"Backflip+1","floor":29},{"not_picked":["Dagger Spray","Deflect+1"],"picked":"Escape Plan+1","floor":30},{"not_picked":["Well Laid Plans","Bane"],"picked":"Prepared+1","floor":31},{"not_picked":["Glass Knife","Storm of Steel+1"],"picked":"Malaise+1","floor":33},{"not_picked":["Finisher+1","Underhanded Strike"],"picked":"Backflip+1","floor":35},{"not_picked":["Well Laid Plans+1","Dodge and Roll+1"],"picked":"Acrobatics+1","floor":35},{"not_picked":["Cloak And Dagger+1","Choke"],"picked":"Backflip+1","floor":37},{"not_picked":["Quick Slash","Dagger Throw"],"picked":"Prepared+1","floor":37},{"not_picked":["Tactician+1","Underhanded Strike"],"picked":"Burst+1","floor":39},{"not_picked":["Slice","Prepared+1"],"picked":"Dagger Spray+1","floor":39},{"not_picked":["PiercingWail+1","Quick Slash"],"picked":"Backflip+1","floor":40},{"not_picked":["Deadly Poison+1","Dagger Throw"],"picked":"Outmaneuver+1","floor":42},{"not_picked":["Underhanded Strike+1","Deflect+1"],"picked":"Bullet Time+1","floor":42},{"not_picked":["Concentrate+1","Dagger Spray+1"],"picked":"Calculated Gamble+1","floor":44},{"not_picked":["Sucker Punch+1","Flechettes+1"],"picked":"Terror+1","floor":44},{"not_picked":["Leg Sweep+1","Catalyst+1"],"picked":"Dagger Throw+1","floor":48}],"player_experience":143084,"relics_obtained":[{"floor":6,"key":"Happy Flower"},{"floor":8,"key":"Calipers"},{"floor":9,"key":"Blue Candle"},{"floor":11,"key":"Toxic Egg 2"},{"floor":23,"key":"Prayer Wheel"},{"floor":25,"key":"Sundial"},{"floor":26,"key":"Peace Pipe"},{"floor":30,"key":"Art of War"},{"floor":31,"key":"Red Mask"},{"floor":40,"key":"Dead Branch"},{"floor":41,"key":"Boot"},{"floor":43,"key":"PreservedInsect"},{"floor":48,"key":"Lantern"}],"event_choices":[{"damage_healed":0,"gold_gain":75,"player_choice":"Gather Gold","damage_taken":11,"max_hp_gain":0,"max_hp_loss":0,"event_name":"World of Goop","floor":2,"gold_loss":0},{"damage_healed":0,"gold_gain":175,"player_choice":"AGREE","damage_taken":0,"max_hp_gain":0,"max_hp_loss":0,"event_name":"Liars Game","floor":3,"gold_loss":0,"cards_obtained":["Doubt"]},{"cards_removed":["Doubt"],"damage_healed":0,"gold_gain":0,"player_choice":"Card Removal","damage_taken":0,"max_hp_gain":0,"max_hp_loss":0,"event_name":"The Cleric","floor":4,"gold_loss":50},{"damage_healed":0,"gold_gain":0,"player_choice":"Searched \u00271\u0027 times","damage_taken":0,"max_hp_gain":0,"max_hp_loss":0,"event_name":"Dead Adventurer","floor":11,"gold_loss":0},{"damage_healed":0,"gold_gain":0,"player_choice":"Ignored","damage_taken":0,"max_hp_gain":0,"max_hp_loss":0,"event_name":"Golden Wing","floor":12,"gold_loss":0},{"damage_healed":0,"gold_gain":0,"player_choice":"Became a Ghost","damage_taken":0,"max_hp_gain":0,"max_hp_loss":35,"event_name":"Ghosts","floor":19,"gold_loss":0,"cards_obtained":["Ghostly","Ghostly","Ghostly","Ghostly","Ghostly"]},{"damage_healed":0,"gold_gain":0,"player_choice":"Shed Blood","damage_taken":9,"max_hp_gain":5,"max_hp_loss":0,"event_name":"Forgotten Altar","floor":21,"gold_loss":0},{"damage_healed":0,"gold_gain":0,"player_choice":"Simplicity","damage_taken":0,"max_hp_gain":0,"max_hp_loss":0,"event_name":"Back to Basics","floor":28,"gold_loss":0,"cards_upgraded":["Defend_G","Defend_G","Defend_G","Defend_G","Strike_G","Strike_G","Strike_G","Strike_G"]},{"damage_healed":0,"gold_gain":0,"player_choice":"Fought Bandits","damage_taken":0,"max_hp_gain":0,"max_hp_loss":0,"event_name":"Masked Bandits","floor":31,"gold_loss":0},{"damage_healed":0,"gold_gain":0,"player_choice":"Rummage","damage_taken":0,"relics_obtained":["WarpedTongs"],"max_hp_gain":0,"max_hp_loss":0,"event_name":"Accursed Blacksmith","floor":36,"gold_loss":0,"cards_obtained":["Pain"]},{"cards_removed":["Escape Plan"],"damage_healed":0,"gold_gain":0,"player_choice":"Removed Skill","damage_taken":0,"max_hp_gain":0,"max_hp_loss":0,"event_name":"Falling","floor":38,"gold_loss":0},{"damage_healed":35,"gold_gain":0,"player_choice":"Heal","damage_taken":0,"max_hp_gain":0,"max_hp_loss":5,"event_name":"The Moai Head","floor":46,"gold_loss":0}],"is_beta":false,"boss_relics":[{"not_picked":["Eternal Feather","Snecko Eye"],"picked":"Sozu"},{"not_picked":["Empty Cage","White Beast Statue"],"picked":"HoveringKite"}],"items_purged_floors":[45],"is_endless":false,"potions_floor_spawned":[1,8,10,18,24,25,31,39,44],"killed_by":"Awakened One","ascension_level":5}