{"gold_per_floor":[113,1,18,18,36,71,71,91,91,39,74,74,88,116,116,212,212,229,240,255,255,268,295,295,325,351,379,379,406,423,423,423,520,520,534,534,579,624,25,57,57,89,89,105,105,123,49,76,76,76,76,76,9,41,41],"floor_reached":56,"playtime":1864,"items_purged":["Decay"],"score":1976,"play_id":"7e44ef9f-e5ae-400b-ab67-afe86ad84c10","local_time":"20181124070348","is_ascension_mode":true,"campfire_choices":[{"floor":7.0,"key":"RECALL"},{"floor":12.0,"key":"REST"},{"data":"Pommel Strike","floor":15.0,"key":"SMITH"},{"floor":24.0,"key":"REST"},{"floor":32.0,"key":"REST"},{"data":"Exhume","floor":41,"key":"SMITH"},{"data":"1","floor":45,"key":"LIFT"},{"data":"2","floor":49,"key":"LIFT"},{"data":"Burning Pact","floor":52,"key":"SMITH"}],"neow_cost":"CURSE","seed_source_timestamp":0,"circlet_count":0,"master_deck":["Strike_R","Strike_R","Strike_R","Strike_R","Strike_R","Defend_R","Defend_R","Defend_R","Defend_R","Bash","Feed","Perfected Strike","Seeing Red","Infernal Blade","Pommel Strike","Pommel Strike+1","Shrug It Off","Perfected Strike","Twin Strike","Double Tap+1","Headbutt","Shockwave+1","Inflame","Rage+1","Disarm","Flame Barrier","Decay","Thunderclap+1","Twin Strike","Perfected Strike+1","Apotheosis","Corruption","Flex","Exhume+1","Burning Pact+1","Bloodletting","Sentinel","Seeing Red","Intimidate+1","Feel No Pain","Second Wind"],"special_seed":0,"relics":["Burning Blood","FaceOfCleric","Dream Catcher","PreservedInsect","Darkstone Periapt","Centennial Puzzle","Philosopher\u0027s Stone","Blood Vial","Art of War","Vajra","Mummified Hand","Letter Opener","Sozu","Torii","Bronze Scales","Dead Branch","Ornamental Fan","Strawberry","Girya","Self Forming Clay","Potion Belt"],"potions_floor_usage":[37,54,54],"damage_taken":[{"damage":17.0,"enemies":"Jaw Worm","floor":1.0,"turns":4.0},{"damage":6.0,"enemies":"Cultist","floor":3.0,"turns":4.0},{"damage":2.0,"enemies":"2 Louse","floor":5.0,"turns":3.0},{"damage":60.0,"enemies":"3 Sentries","floor":6.0,"turns":11.0},{"damage":12.0,"enemies":"Looter","floor":8.0,"turns":3.0},{"damage":12.0,"enemies":"Lagavulin","floor":11.0,"turns":3.0},{"damage":9.0,"enemies":"3 Louse","floor":13.0,"turns":3.0},{"damage":10.0,"enemies":"3 Sentries","floor":14.0,"turns":4.0},{"damage":12.0,"enemies":"Slime Boss","floor":16.0,"turns":7.0},{"damage":27.0,"enemies":"Shell Parasite","floor":18.0,"turns":3.0},{"damage":33.0,"enemies":"2 Thieves","floor":19.0,"turns":4.0},{"damage":20.0,"enemies":"Centurion and Healer","floor":20.0,"turns":10.0},{"damage":24.0,"enemies":"Sentry and Sphere","floor":22.0,"turns":4.0},{"damage":26.0,"enemies":"Book of Stabbing","floor":23.0,"turns":3.0},{"damage":0.0,"enemies":"Gremlin Leader","floor":25.0,"turns":3.0},{"damage":12.0,"enemies":"Book of Stabbing","floor":27.0,"turns":2.0},{"damage":19.0,"enemies":"Slavers","floor":29.0,"turns":3.0},{"damage":12.0,"enemies":"Snecko","floor":30.0,"turns":4.0},{"damage":75.0,"enemies":"Collector","floor":33.0,"turns":8.0},{"damage":24.0,"enemies":"3 Shapes","floor":35.0,"turns":3.0},{"damage":20,"enemies":"2 Orb Walkers","floor":37,"turns":4},{"damage":0,"enemies":"Giant Head","floor":40,"turns":5},{"damage":0,"enemies":"Reptomancer","floor":42,"turns":2},{"damage":7,"enemies":"3 Darklings","floor":44,"turns":2},{"damage":8,"enemies":"Sphere and 2 Shapes","floor":46,"turns":3},{"damage":9,"enemies":"Nemesis","floor":48,"turns":3},{"damage":12,"enemies":"Time Eater","floor":50,"turns":7},{"damage":19,"enemies":"Shield and Spear","floor":54,"turns":3},{"damage":65,"enemies":"The Heart","floor":55,"turns":5}],"seed_played":"3919025905074947895","potions_obtained":[{"floor":1.0,"key":"GamblersBrew"},{"floor":8.0,"key":"AttackPotion"},{"floor":11.0,"key":"SteroidPotion"},{"floor":18.0,"key":"Ancient Potion"},{"floor":20.0,"key":"Dexterity Potion"},{"floor":23.0,"key":"Swift Potion"},{"floor":25.0,"key":"LiquidBronze"},{"floor":29.0,"key":"Ancient Potion"}],"is_trial":false,"path_per_floor":["M","$","M","?","M","E","R","M","T","$","E","R","M","E","R","B",null,"M","M","M","?","M","E","R","E","T","E","?","E","M","?","R","B",null,"M","?","?","T","$","E","R","E","T","M","R","M","$","E","R","B",null,"R","$","E","B",null],"character_chosen":"IRONCLAD","items_purchased":["Seeing Red","Shrug It Off","Apotheosis","Corruption","Dead Branch","Flex","Seeing Red","Feel No Pain"],"campfire_rested":3,"item_purchase_floors":[2,10,39,39,39,39,47,53],"current_hp_per_floor":[64,64,67,67,75,25,25,23,23,23,21,51,52,52,52,47,95,75,52,42,42,27,10,46,55,55,52,58,48,45,45,84,18,104,92,92,84,84,84,93,93,109,109,111,111,115,115,115,115,112,146,146,146,136,80],"gold":41,"neow_bonus":"THREE_RARE_CARDS","is_prod":false,"is_daily":false,"chose_seed":false,"campfire_upgraded":3,"win_rate":0,"timestamp":1542996228,"path_taken":["M","$","M","?","M","E","R","M","T","$","E","R","M","E","R","BOSS","M","?","M","?","M","E","R","E","T","E","?","E","M","?","R","BOSS","M","?","?","?","$","E","R","E","T","M","R","M","?","E","R","BOSS","R","$","E","BOSS"],"build_version":"2018-11-15","purchased_purges":1,"victory":true,"max_hp_per_floor":[83,83,86,86,90,94,94,98,98,98,102,102,106,110,110,111,111,112,116,120,120,121,122,122,123,123,124,130,131,132,132,132,133,133,137,137,141,141,141,142,142,150,150,151,151,155,155,156,156,157,157,157,157,158,159],"card_choices":[{"not_picked":["Juggernaut","Berserk"],"picked":"Feed","floor":0.0},{"not_picked":["Hemokinesis","Flame Barrier"],"picked":"Perfected Strike","floor":1.0},{"not_picked":["Headbutt","Spot Weakness"],"picked":"Infernal Blade","floor":3.0},{"not_picked":["Clash","Sword Boomerang","True Grit"],"picked":"SKIP","floor":5.0},{"not_picked":["Barricade","Cleave"],"picked":"Pommel Strike","floor":6.0},{"not_picked":["Inflame","Second Wind"],"picked":"Pommel Strike","floor":8.0},{"not_picked":["Demon Form","Anger"],"picked":"Perfected Strike","floor":11.0},{"not_picked":["Searing Blow","Body Slam"],"picked":"Twin Strike","floor":12.0},{"not_picked":["Rampage","Cleave","Warcry"],"picked":"SKIP","floor":13.0},{"not_picked":["Dropkick","Sword Boomerang","Clash"],"picked":"SKIP","floor":14.0},{"not_picked":["Barricade","Juggernaut"],"picked":"Double Tap","floor":16.0},{"not_picked":["Cleave","Warcry"],"picked":"Headbutt","floor":18.0},{"not_picked":["Headbutt","Sword Boomerang"],"picked":"Shockwave+1","floor":19.0},{"not_picked":["Reckless Charge","Rage","Sentinel"],"picked":"SKIP","floor":20.0},{"not_picked":["Rampage","Clash"],"picked":"Inflame","floor":22.0},{"not_picked":["Sword Boomerang","Bludgeon"],"picked":"Rage+1","floor":23.0},{"not_picked":["Feel No Pain","Hemokinesis"],"picked":"Disarm","floor":25.0},{"not_picked":["Heavy Blade","Sword Boomerang"],"picked":"Flame Barrier","floor":27.0},{"not_picked":["Berserk","Clothesline","Clash"],"picked":"SKIP","floor":29.0},{"not_picked":["Warcry","Wild Strike","Entrench+1"],"picked":"SKIP","floor":30.0},{"not_picked":["Spot Weakness","Pummel"],"picked":"Thunderclap+1","floor":32.0},{"not_picked":["Fiend Fire","Impervious"],"picked":"Demon Form","floor":33.0},{"not_picked":["Anger+1","Intimidate"],"picked":"Twin Strike","floor":35.0},{"not_picked":["Warcry","Fire Breathing"],"picked":"Perfected Strike+1","floor":37},{"not_picked":["Pommel Strike","Anger+1"],"picked":"Exhume","floor":40},{"not_picked":["True Grit+1","Anger"],"picked":"Burning Pact","floor":42},{"not_picked":["Perfected Strike","Twin Strike+1"],"picked":"Bloodletting","floor":44},{"not_picked":["Body Slam","Rage+1"],"picked":"Sentinel","floor":46},{"not_picked":["Entrench","Flex+1"],"picked":"Intimidate+1","floor":48},{"not_picked":["Infernal Blade","Twin Strike"],"picked":"Second Wind","floor":54}],"player_experience":373562,"relics_obtained":[{"floor":6.0,"key":"Dream Catcher"},{"floor":9.0,"key":"PreservedInsect"},{"floor":11.0,"key":"Darkstone Periapt"},{"floor":14.0,"key":"Centennial Puzzle"},{"floor":23.0,"key":"Art of War"},{"floor":25.0,"key":"Vajra"},{"floor":27.0,"key":"Mummified Hand"},{"floor":29.0,"key":"Letter Opener"},{"floor":37,"key":"Torii"},{"floor":38,"key":"Bronze Scales"},{"floor":40,"key":"Ornamental Fan"},{"floor":42,"key":"Strawberry"},{"floor":43,"key":"Girya"},{"floor":48,"key":"Self Forming Clay"},{"floor":54,"key":"Potion Belt"}],"event_choices":[{"damage_healed":0.0,"max_hp_gain":0.0,"max_hp_loss":0.0,"gold_gain":0.0,"event_name":"FaceTrader","player_choice":"Trade","floor":4.0,"gold_loss":0.0,"damage_taken":0.0,"relics_obtained":["FaceOfCleric"]},{"damage_healed":0.0,"max_hp_gain":0.0,"max_hp_loss":0.0,"gold_gain":0.0,"event_name":"The Mausoleum","player_choice":"Opened","floor":21.0,"gold_loss":0.0,"damage_taken":0.0,"relics_obtained":["Blood Vial"]},{"damage_healed":0.0,"max_hp_gain":0.0,"max_hp_loss":0.0,"gold_gain":0.0,"event_name":"Forgotten Altar","player_choice":"Smashed Altar","floor":28.0,"gold_loss":0.0,"damage_taken":0.0,"cards_obtained":["Decay"]},{"damage_healed":0.0,"max_hp_gain":0.0,"max_hp_loss":0.0,"gold_gain":0.0,"event_name":"Upgrade Shrine","player_choice":"Upgraded","floor":31.0,"gold_loss":0.0,"damage_taken":0.0,"cards_upgraded":["Double Tap"]},{"cards_removed":["Demon Form"],"damage_healed":0,"gold_gain":0,"player_choice":"Removed Power","damage_taken":0,"max_hp_gain":0,"max_hp_loss":0,"event_name":"Falling","floor":36,"gold_loss":0},{"damage_healed":0,"gold_gain":0,"player_choice":"Fight","damage_taken":0,"max_hp_gain":0,"max_hp_loss":0,"event_name":"Mysterious Sphere","floor":37,"gold_loss":0}],"is_beta":false,"boss_relics":[{"not_picked":["Runic Pyramid","Snecko Eye"],"picked":"Philosopher\u0027s Stone"},{"not_picked":["Empty Cage","Astrolabe"],"picked":"Sozu"}],"items_purged_floors":[2],"is_endless":false,"potions_floor_spawned":[1,8,11,18,20,23,25,29,40,42,46],"ascension_level":7}