{"gold_per_floor":[118,118,136,46,60,60,96,96,96,134,134,147,186,186,186,277,277,300,300,300,315,56,56,89,132,132,156,197,197,230,255,255,351,351,366,366,9,9,34,34,70,70,70,108,108,129,190,214,214,214],"floor_reached":50,"playtime":3442,"items_purged":[],"score":1448,"play_id":"5bb01511-42f7-4d3a-8e91-e8784a807107","local_time":"20190302144828","is_ascension_mode":true,"campfire_choices":[{"data":"Perfected Strike","floor":6.0,"key":"SMITH"},{"data":"Perfected Strike","floor":8,"key":"SMITH"},{"data":"Perfected Strike","floor":11,"key":"SMITH"},{"data":"Bash","floor":15,"key":"SMITH"},{"data":"Immolate","floor":23,"key":"SMITH"},{"data":"Armaments","floor":29,"key":"SMITH"},{"floor":32,"key":"REST"},{"data":"Offering","floor":40,"key":"SMITH"},{"data":"Burning Pact","floor":42,"key":"SMITH"},{"floor":45,"key":"REST"},{"floor":49,"key":"RECALL"}],"neow_cost":"TEN_PERCENT_HP_LOSS","seed_source_timestamp":0,"circlet_count":0,"master_deck":["AscendersBane","Strike_R","Strike_R","Strike_R","Strike_R","Strike_R","Defend_R","Defend_R","Defend_R","Defend_R","Bash+1","Perfected Strike+1","Perfected Strike+1","Evolve","Offering+1","Perfected Strike+1","Perfected Strike","Armaments+1","Immolate+1","Disarm","Shockwave","Impervious","Flame Barrier","Power Through+1","Shockwave","Wild Strike","Impervious","Exhume","Flex+1","Apotheosis","Burning Pact+1","Headbutt","Spot Weakness","Normality","Power Through+1","Shrug It Off+1","Spot Weakness+1"],"special_seed":0,"relics":["Burning Blood","Turnip","Golden Idol","Dead Branch","Torii","Magic Flower","Potion Belt","Runic Dome","Pen Nib","Bottled Lightning","Red Mask","Dodecahedron","Bottled Flame","Cursed Key","Membership Card","Dream Catcher","Gremlin Horn","Toxic Egg 2","Girya"],"potions_floor_usage":[7,16,33,50],"damage_taken":[{"damage":9.0,"enemies":"Jaw Worm","floor":1.0,"turns":4.0},{"damage":9.0,"enemies":"2 Louse","floor":3.0,"turns":3.0},{"damage":1.0,"enemies":"Cultist","floor":5.0,"turns":3.0},{"damage":8,"enemies":"Gremlin Nob","floor":7,"turns":3},{"damage":18,"enemies":"Lagavulin","floor":10,"turns":7},{"damage":2,"enemies":"3 Louse","floor":12,"turns":3},{"damage":6,"enemies":"Gremlin Nob","floor":13,"turns":2},{"damage":26,"enemies":"Hexaghost","floor":16,"turns":7},{"damage":0,"enemies":"Chosen","floor":18,"turns":2},{"damage":0,"enemies":"Spheric Guardian","floor":21,"turns":1},{"damage":21,"enemies":"Slavers","floor":24,"turns":4},{"damage":20,"enemies":"Masked Bandits","floor":25,"turns":5},{"damage":9,"enemies":"Snake Plant","floor":27,"turns":3},{"damage":23,"enemies":"Gremlin Leader","floor":28,"turns":5},{"damage":18,"enemies":"Slavers","floor":30,"turns":4},{"damage":6,"enemies":"3 Cultists","floor":31,"turns":3},{"damage":6,"enemies":"Automaton","floor":33,"turns":7},{"damage":6,"enemies":"Orb Walker","floor":35,"turns":1},{"damage":6,"enemies":"3 Shapes","floor":39,"turns":2},{"damage":6,"enemies":"Nemesis","floor":41,"turns":3},{"damage":39,"enemies":"Giant Head","floor":44,"turns":6},{"damage":6,"enemies":"3 Darklings","floor":46,"turns":6},{"damage":38,"enemies":"2 Orb Walkers","floor":47,"turns":3},{"damage":6,"enemies":"Sphere and 2 Shapes","floor":48,"turns":2},{"damage":45,"enemies":"Awakened One","floor":50,"turns":10}],"seed_played":"-6551625659605922771","potions_obtained":[{"floor":1.0,"key":"AttackPotion"},{"floor":10,"key":"Energy Potion"},{"floor":16,"key":"SkillPotion"},{"floor":21,"key":"PowerPotion"},{"floor":25,"key":"FairyPotion"},{"floor":33,"key":"Ancient Potion"},{"floor":35,"key":"Ancient Potion"},{"floor":41,"key":"SteroidPotion"},{"floor":44,"key":"Swift Potion"}],"is_trial":false,"path_per_floor":["M","?","M","$","M","R","E","R","T","E","R","M","E","?","R","B",null,"M","?","?","M","$","R","E","?","T","M","E","R","E","M","R","B",null,"M","?","$","?","M","R","E","R","T","E","R","M","?","M","R","B"],"character_chosen":"IRONCLAD","items_purchased":["Perfected Strike","Evolve","Impervious","Flame Barrier","Membership Card","Apotheosis","Burning Pact"],"campfire_rested":2,"item_purchase_floors":[4,4,22,22,37,37,37],"current_hp_per_floor":[65,42,39,39,44,44,42,42,42,30,30,37,40,40,40,23,57,66,66,66,68,68,68,56,45,45,45,31,31,22,25,45,48,63,66,66,66,56,59,59,62,62,62,32,52,55,26,29,29,0],"gold":214,"neow_bonus":"ONE_RARE_RELIC","is_prod":false,"is_daily":false,"chose_seed":false,"campfire_upgraded":8,"win_rate":0,"timestamp":1551491308,"path_taken":["M","?","M","$","M","R","E","R","T","E","R","M","E","?","R","BOSS","M","?","?","?","$","R","E","?","T","M","E","R","E","M","R","BOSS","M","?","$","?","M","R","E","R","T","E","R","M","?","?","R","BOSS"],"build_version":"2019-01-23","purchased_purges":0,"victory":false,"max_hp_per_floor":[68,68,68,68,68,68,68,68,68,68,68,68,68,68,68,68,68,68,68,68,68,68,68,68,68,68,68,68,68,68,68,68,68,68,68,68,68,68,68,68,68,68,68,68,68,68,68,68,68,68],"card_choices":[{"not_picked":["Pummel","Body Slam"],"picked":"Intimidate","floor":1.0},{"not_picked":["Warcry","Shrug It Off"],"picked":"Perfected Strike","floor":3.0},{"not_picked":["Body Slam","Bloodletting","Sword Boomerang"],"picked":"SKIP","floor":5.0},{"not_picked":["Heavy Blade","Intimidate"],"picked":"Offering","floor":7},{"not_picked":["Heavy Blade","Twin Strike"],"picked":"Perfected Strike","floor":10},{"not_picked":["Havoc","Iron Wave"],"picked":"Perfected Strike","floor":12},{"not_picked":["True Grit","Headbutt"],"picked":"Armaments","floor":13},{"not_picked":["Bludgeon","Juggernaut"],"picked":"Immolate","floor":16},{"not_picked":["Body Slam","Sever Soul"],"picked":"Disarm","floor":18},{"not_picked":["Twin Strike","Iron Wave"],"picked":"Shockwave","floor":21},{"not_picked":["Sword Boomerang+1","Clothesline"],"picked":"Power Through+1","floor":24},{"not_picked":["Clothesline+1","Anger"],"picked":"Shockwave","floor":25},{"not_picked":["Whirlwind","Shockwave","Fire Breathing+1"],"picked":"SKIP","floor":27},{"not_picked":["Intimidate","Rage"],"picked":"Wild Strike","floor":28},{"not_picked":["Fire Breathing+1","Armaments","Wild Strike"],"picked":"SKIP","floor":30},{"not_picked":["Sword Boomerang","Headbutt"],"picked":"Impervious","floor":31},{"not_picked":["Limit Break","Immolate"],"picked":"Exhume","floor":33},{"not_picked":["Heavy Blade","Havoc+1"],"picked":"Flex+1","floor":35},{"not_picked":["Sever Soul+1","Evolve+1"],"picked":"Headbutt","floor":39},{"not_picked":["Thunderclap","Ghostly Armor"],"picked":"Spot Weakness","floor":41},{"not_picked":["Infernal Blade","Perfected Strike"],"picked":"Power Through","floor":44},{"not_picked":["Perfected Strike+1","Wild Strike"],"picked":"Shrug It Off+1","floor":46},{"not_picked":["Headbutt","Iron Wave"],"picked":"Spot Weakness+1","floor":47},{"not_picked":["Sever Soul","Spot Weakness+1","Perfected Strike"],"picked":"SKIP","floor":48}],"player_experience":556544,"relics_obtained":[{"floor":7,"key":"Dead Branch"},{"floor":9,"key":"Torii"},{"floor":10,"key":"Magic Flower"},{"floor":13,"key":"Potion Belt"},{"floor":24,"key":"Bottled Lightning"},{"floor":25,"key":"Red Mask"},{"floor":28,"key":"Dodecahedron"},{"floor":30,"key":"Bottled Flame"},{"floor":41,"key":"Dream Catcher"},{"floor":43,"key":"Gremlin Horn"},{"floor":44,"key":"Toxic Egg 2"},{"floor":47,"key":"Girya"}],"event_choices":[{"damage_healed":0.0,"max_hp_gain":0.0,"max_hp_loss":0.0,"gold_gain":0.0,"event_name":"Golden Idol","player_choice":"Take Damage","floor":2.0,"gold_loss":0.0,"damage_taken":23.0,"relics_obtained":["Golden Idol"]},{"damage_healed":0,"gold_gain":0,"player_choice":"Ignored","damage_taken":0,"max_hp_gain":0,"max_hp_loss":0,"event_name":"Liars Game","floor":14,"gold_loss":0},{"damage_healed":0,"gold_gain":0,"player_choice":"Ignored","damage_taken":0,"max_hp_gain":0,"max_hp_loss":0,"event_name":"Vampires","floor":19,"gold_loss":0},{"damage_healed":0,"gold_gain":0,"player_choice":"Gave Potion","damage_taken":0,"relics_obtained":["Pen Nib"],"max_hp_gain":0,"max_hp_loss":0,"event_name":"WeMeetAgain","floor":20,"gold_loss":0},{"damage_healed":0,"gold_gain":0,"player_choice":"Fought Bandits","damage_taken":0,"max_hp_gain":0,"max_hp_loss":0,"event_name":"Masked Bandits","floor":25,"gold_loss":0},{"cards_removed":["Intimidate"],"damage_healed":0,"gold_gain":0,"player_choice":"Removed Skill","damage_taken":0,"max_hp_gain":0,"max_hp_loss":0,"event_name":"Falling","floor":36,"gold_loss":0},{"damage_healed":0,"gold_gain":0,"player_choice":"Memory 3","damage_taken":10,"max_hp_gain":0,"max_hp_loss":0,"event_name":"SensoryStone","floor":38,"gold_loss":0},{"damage_healed":0,"gold_gain":0,"player_choice":"Fight","damage_taken":0,"max_hp_gain":0,"max_hp_loss":0,"event_name":"Mysterious Sphere","floor":47,"gold_loss":0}],"is_beta":false,"boss_relics":[{"not_picked":["Orrery","Lizard Tail"],"picked":"Runic Dome"},{"not_picked":["Fusion Hammer","Tiny House"],"picked":"Cursed Key"}],"items_purged_floors":[],"is_endless":false,"potions_floor_spawned":[1,10,16,21,25,33,35,41,44],"killed_by":"Awakened One","ascension_level":20}