{"gold_per_floor":[114,14,14,164,5,36,36,69,69,69,69,69,82,102,102,180,180,191,191,191,25,25,54,65,65,65,77,92,92,126,126],"floor_reached":31,"playtime":2384,"items_purged":["Doubt","Writhe"],"score":583,"play_id":"a5f5f7b2-5d91-420e-9707-a8b7b9837720","local_time":"20190225183218","is_ascension_mode":true,"campfire_choices":[{"data":"Bouncing Flask","floor":7,"key":"SMITH"},{"data":"Noxious Fumes","floor":10,"key":"SMITH"},{"data":"Cloak And Dagger","floor":15,"key":"SMITH"},{"data":"Well Laid Plans","floor":25,"key":"SMITH"},{"data":"Noxious Fumes","floor":29,"key":"SMITH"}],"neow_cost":"NONE","seed_source_timestamp":7734258779385,"circlet_count":0,"master_deck":["AscendersBane","Defend_G","Defend_G","Defend_G","Defend_G","Defend_G","Survivor","Neutralize","Adrenaline","Leg Sweep","Bane","Bouncing Flask+1","Well Laid Plans+1","Quick Slash","Noxious Fumes+1","Cloak And Dagger+1","Glass Knife","Bane+1","Bite","Bite","Bite","Bite","Bite","Dagger Spray","Cloak And Dagger","Necronomicurse","PiercingWail","Die Die Die","Noxious Fumes+1","Catalyst"],"relics":["Ring of the Snake","Peace Pipe","Smiling Mask","Kunai","Runic Dome","Snake Skull","Necronomicon","Torii","Sundial","Orichalcum"],"potions_floor_usage":[6,23,28,30,31],"damage_taken":[{"damage":0,"enemies":"Jaw Worm","floor":1,"turns":6},{"damage":20,"enemies":"Lagavulin","floor":6,"turns":6},{"damage":20,"enemies":"3 Sentries","floor":8,"turns":11},{"damage":0,"enemies":"Small Slimes","floor":13,"turns":3},{"damage":0,"enemies":"2 Louse","floor":14,"turns":3},{"damage":3,"enemies":"Hexaghost","floor":16,"turns":8},{"damage":15,"enemies":"2 Thieves","floor":18,"turns":4},{"damage":10,"enemies":"Slavers","floor":23,"turns":9},{"damage":16,"enemies":"Shell Parasite","floor":24,"turns":6},{"damage":0,"enemies":"Centurion and Healer","floor":27,"turns":8},{"damage":21,"enemies":"Shelled Parasite and Fungi","floor":28,"turns":6},{"damage":22,"enemies":"Book of Stabbing","floor":30,"turns":4},{"damage":9,"enemies":"Snake Plant","floor":31,"turns":1}],"seed_played":"789685658997489626","potions_obtained":[{"floor":1,"key":"PowerPotion"},{"floor":8,"key":"GhostInAJar"},{"floor":14,"key":"FearPotion"},{"floor":24,"key":"AttackPotion"},{"floor":27,"key":"Block Potion"},{"floor":30,"key":"AttackPotion"}],"is_trial":false,"path_per_floor":["M","$","?","?","$","E","R","E","T","R","?","?","M","M","R","B",null,"M","?","?","$","?","E","M","R","T","M","M","R","E","M"],"character_chosen":"THE_SILENT","items_purchased":["Bane","Bouncing Flask","Well Laid Plans","Dagger Spray","Cloak And Dagger"],"campfire_rested":0,"item_purchase_floors":[2,2,5,21,21],"current_hp_per_floor":[59,59,59,59,59,39,39,19,19,19,19,19,19,19,19,16,54,39,39,39,39,18,22,18,18,18,36,23,23,9,0],"gold":126,"neow_bonus":"ONE_RANDOM_RARE_CARD","is_prod":false,"is_daily":false,"chose_seed":false,"campfire_upgraded":5,"win_rate":0,"timestamp":1551072738,"path_taken":["M","$","?","?","$","E","R","E","T","R","?","?","M","M","R","BOSS","M","?","?","$","?","E","M","R","T","M","M","R","E","M"],"build_version":"2019-01-23","purchased_purges":2,"victory":false,"max_hp_per_floor":[66,66,66,66,66,66,66,66,66,66,66,66,66,66,66,66,66,66,46,46,46,46,46,46,46,46,46,46,46,46,46],"card_choices":[{"not_picked":["Caltrops","Outmaneuver"],"picked":"Leg Sweep","floor":1},{"not_picked":["Slice","Reflex"],"picked":"Quick Slash","floor":6},{"not_picked":["Slice","Deadly Poison"],"picked":"Noxious Fumes","floor":8},{"not_picked":["Prepared","Deflect","Sucker Punch"],"picked":"SKIP","floor":13},{"not_picked":["Slice","Setup"],"picked":"Cloak And Dagger","floor":14},{"not_picked":["Grand Finale","Envenom"],"picked":"Glass Knife","floor":16},{"not_picked":["Skewer","Finisher"],"picked":"Bane+1","floor":18},{"not_picked":["Cloak And Dagger","Dagger Spray"],"picked":"PiercingWail","floor":23},{"not_picked":["Backflip","Heel Hook"],"picked":"Die Die Die","floor":24},{"not_picked":["Dagger Throw","Dagger Spray"],"picked":"Noxious Fumes","floor":27},{"not_picked":["Prepared","Bane"],"picked":"Catalyst","floor":28},{"not_picked":["Sucker Punch","Flying Knee","Accuracy+1"],"picked":"SKIP","floor":30}],"player_experience":445694,"relics_obtained":[{"floor":6,"key":"Peace Pipe"},{"floor":8,"key":"Smiling Mask"},{"floor":9,"key":"Kunai"},{"floor":22,"key":"Necronomicon"},{"floor":23,"key":"Torii"},{"floor":26,"key":"Sundial"},{"floor":30,"key":"Orichalcum"}],"event_choices":[{"damage_healed":0,"gold_gain":0,"player_choice":"Leave","damage_taken":0,"max_hp_gain":0,"max_hp_loss":0,"event_name":"The Cleric","floor":3,"gold_loss":0},{"damage_healed":0,"gold_gain":150,"player_choice":"AGREE","damage_taken":0,"max_hp_gain":0,"max_hp_loss":0,"event_name":"Liars Game","floor":4,"gold_loss":0,"cards_obtained":["Doubt"]},{"damage_healed":0,"gold_gain":0,"player_choice":"Fled","damage_taken":0,"max_hp_gain":0,"max_hp_loss":0,"event_name":"Scrap Ooze","floor":11,"gold_loss":0},{"damage_healed":0,"gold_gain":0,"player_choice":"Searched \u00270\u0027 times","damage_taken":0,"max_hp_gain":0,"max_hp_loss":0,"event_name":"Dead Adventurer","floor":12,"gold_loss":0},{"damage_healed":0,"gold_gain":0,"player_choice":"Became a vampire","damage_taken":0,"max_hp_gain":0,"max_hp_loss":20,"event_name":"Vampires","floor":19,"gold_loss":0,"cards_obtained":["Bite","Bite","Bite","Bite","Bite"]},{"damage_healed":0,"gold_gain":0,"player_choice":"Opened","damage_taken":0,"relics_obtained":["Snake Skull"],"max_hp_gain":0,"max_hp_loss":0,"event_name":"The Mausoleum","floor":20,"gold_loss":0,"cards_obtained":["Writhe"]},{"damage_healed":0,"gold_gain":0,"player_choice":"Obtained Book","damage_taken":21,"max_hp_gain":0,"max_hp_loss":0,"event_name":"Cursed Tome","floor":22,"gold_loss":0}],"is_beta":false,"boss_relics":[{"not_picked":["Busted Crown","Velvet Choker"],"picked":"Runic Dome"}],"items_purged_floors":[5,21],"is_endless":false,"potions_floor_spawned":[1,8,14,18,24,27,30],"killed_by":"Snake Plant","ascension_level":20}