{"gold_per_floor":[117,129,140,151,163,163,163,193,245,256,256,271,346,373,373,477,477,489,489,509,609,482,204,204,262,262,272,283,80,80,95,95,194,194,213,213,19,19,37,37,48,82,82,112,132,132,132,157,157,157],"floor_reached":51,"playtime":3950,"items_purged":["Underhanded Strike","Defend_G"],"score":940,"play_id":"7d07474e-2faa-48e4-a100-3e6ea0fbad43","local_time":"20190129022018","is_ascension_mode":true,"campfire_choices":[{"data":"Wraith Form v2","floor":7,"key":"SMITH"},{"data":"Noxious Fumes","floor":11,"key":"SMITH"},{"data":"Footwork","floor":15,"key":"SMITH"},{"data":"Noxious Fumes","floor":24,"key":"SMITH"},{"data":"Wraith Form v2","floor":32,"key":"SMITH"},{"data":"Neutralize","floor":40,"key":"SMITH"},{"floor":49,"key":"DIG"}],"neow_cost":"TEN_PERCENT_HP_LOSS","seed_source_timestamp":53383879930804,"circlet_count":0,"master_deck":["Defend_G+1","Defend_G+1","Defend_G+1","Defend_G+1","Survivor+1","Neutralize+1","Cloak And Dagger+1","Wraith Form v2+1","Dagger Spray+1","Neutralize+1","Noxious Fumes+1","PiercingWail+1","Die Die Die+1","Footwork+1","Wraith Form v2+1","Envenom+1","Glass Knife+1","Cloak And Dagger+1","Poisoned Stab+1","PiercingWail+1","Noxious Fumes+1","Ghostly+1","Ghostly+1","Ghostly+1","Ghostly+1","Ghostly+1","Bullet Time+1","Acrobatics+1","Backflip+1","Impatience+1","Venomology+1","PiercingWail+1","Prepared+1","Backflip+1"],"relics":["Ring of the Snake","Omamori","Bag of Marbles","Pantograph","Astrolabe","MutagenicStrength","Shovel","Bottled Tornado","OrangePellets","Tiny Chest","The Courier","Gremlin Horn","Philosopher\u0027s Stone","Pocketwatch","Meat on the Bone","Bottled Flame","Mark of the Bloom","Art of War","Bag of Preparation"],"potions_floor_usage":[8,21,25,42,44,44,45,50],"damage_taken":[{"damage":4,"enemies":"Cultist","floor":1,"turns":7},{"damage":0,"enemies":"2 Louse","floor":2,"turns":4},{"damage":0,"enemies":"Jaw Worm","floor":3,"turns":4},{"damage":0,"enemies":"Blue Slaver","floor":4,"turns":5},{"damage":0,"enemies":"2 Fungi Beasts","floor":5,"turns":3},{"damage":10,"enemies":"3 Sentries","floor":8,"turns":8},{"damage":0,"enemies":"Exordium Wildlife","floor":10,"turns":2},{"damage":1,"enemies":"Lots of Slimes","floor":12,"turns":4},{"damage":13,"enemies":"Lagavulin","floor":14,"turns":6},{"damage":21,"enemies":"Hexaghost","floor":16,"turns":12},{"damage":2,"enemies":"Shell Parasite","floor":18,"turns":6},{"damage":0,"enemies":"3 Byrds","floor":20,"turns":3},{"damage":6,"enemies":"Colosseum Slavers","floor":21,"turns":4},{"damage":0,"enemies":"Colosseum Nobs","floor":21,"turns":3},{"damage":11,"enemies":"Slavers","floor":25,"turns":4},{"damage":2,"enemies":"Sentry and Sphere","floor":27,"turns":6},{"damage":6,"enemies":"Shelled Parasite and Fungi","floor":28,"turns":2},{"damage":1,"enemies":"Snecko","floor":31,"turns":7},{"damage":12,"enemies":"Champ","floor":33,"turns":13},{"damage":0,"enemies":"Orb Walker","floor":35,"turns":3},{"damage":1,"enemies":"3 Shapes","floor":39,"turns":3},{"damage":0,"enemies":"3 Darklings","floor":41,"turns":3},{"damage":0,"enemies":"Reptomancer","floor":42,"turns":6},{"damage":24,"enemies":"Giant Head","floor":44,"turns":9},{"damage":9,"enemies":"Maw","floor":45,"turns":9},{"damage":1,"enemies":"Awakened One","floor":50,"turns":17}],"seed_played":"8656499667391834485","potions_obtained":[{"floor":3,"key":"Block Potion"},{"floor":4,"key":"Regen Potion"},{"floor":8,"key":"Block Potion"},{"floor":14,"key":"SpeedPotion"},{"floor":16,"key":"PowerPotion"},{"floor":28,"key":"GhostInAJar"}],"is_trial":false,"path_per_floor":["M","M","M","M","M","?","R","E","T","M","R","M","?","E","R","B",null,"M","?","M","?","$","$","R","E","T","M","M","$","?","M","R","B",null,"M","?","$","?","M","R","M","E","T","E","M","?","?","T","R","B",null],"character_chosen":"THE_SILENT","items_purchased":["Dexterity Potion","OrangePellets","Noxious Fumes","Gremlin Horn","Backflip","Impatience"],"campfire_rested":0,"item_purchase_floors":[22,23,23,29,37,37],"current_hp_per_floor":[59,59,59,59,59,59,59,61,61,61,61,60,49,36,36,40,57,55,55,55,49,49,49,49,38,38,36,30,30,30,29,29,19,28,28,28,28,28,27,27,27,27,27,15,20,20,20,20,20,19],"gold":157,"neow_bonus":"REMOVE_TWO","is_prod":false,"is_daily":false,"chose_seed":false,"campfire_upgraded":6,"win_rate":0,"timestamp":1548681618,"path_taken":["M","M","M","?","M","?","R","E","T","M","R","?","?","E","R","BOSS","M","?","M","?","?","$","R","E","T","?","M","$","?","M","R","BOSS","M","?","$","?","?","R","M","E","T","E","M","?","?","?","R","BOSS"],"build_version":"2019-01-23","purchased_purges":2,"victory":true,"max_hp_per_floor":[63,63,63,63,63,63,63,63,63,63,63,63,63,63,63,63,63,63,63,63,63,63,63,63,63,63,63,63,63,31,31,31,31,31,31,31,31,31,31,31,31,31,31,31,31,31,29,29,29,29],"card_choices":[{"not_picked":["Prepared","Calculated Gamble"],"picked":"Underhanded Strike","floor":1},{"not_picked":["Acrobatics","Blade Dance"],"picked":"Cloak And Dagger","floor":2},{"not_picked":["Dodge and Roll","Endless Agony"],"picked":"Wraith Form v2","floor":3},{"not_picked":["Prepared","Distraction"],"picked":"Dagger Spray","floor":4},{"not_picked":["Dagger Spray","Accuracy"],"picked":"Flying Knee","floor":5},{"not_picked":["Flying Knee","Bane"],"picked":"Noxious Fumes","floor":8},{"not_picked":["Quick Slash","Dodge and Roll"],"picked":"PiercingWail","floor":10},{"not_picked":["Skewer","Masterful Stab"],"picked":"Die Die Die","floor":12},{"not_picked":["Cloak And Dagger","Die Die Die"],"picked":"Footwork","floor":14},{"not_picked":["Burst","Unload"],"picked":"Wraith Form v2","floor":16},{"not_picked":["Dodge and Roll","Quick Slash"],"picked":"Cloak And Dagger+1","floor":18},{"not_picked":["Blur","Bane"],"picked":"Poisoned Stab+1","floor":20},{"not_picked":["All Out Attack","Quick Slash"],"picked":"PiercingWail","floor":21},{"not_picked":["Dash","Expertise","Tactician+1"],"picked":"SKIP","floor":25},{"not_picked":["Dash","Cloak And Dagger","Acrobatics"],"picked":"SKIP","floor":27},{"not_picked":["Dagger Throw","Caltrops","Sucker Punch"],"picked":"SKIP","floor":28},{"not_picked":["Footwork","PiercingWail+1"],"picked":"Bullet Time","floor":31},{"not_picked":["Dodge and Roll+1","Accuracy"],"picked":"Acrobatics+1","floor":35},{"not_picked":["Slice","Tactician"],"picked":"PiercingWail","floor":39},{"not_picked":["Calculated Gamble","Setup"],"picked":"Prepared+1","floor":41},{"not_picked":["Blade Dance","Wraith Form v2"],"picked":"Backflip+1","floor":42},{"not_picked":["Terror+1","Dagger Throw","Slice+1"],"picked":"SKIP","floor":44},{"not_picked":["Quick Slash","Infinite Blades+1","Dagger Throw"],"picked":"SKIP","floor":45},{"not_picked":["Quick Slash","Infinite Blades+1","Dagger Throw"],"picked":"SKIP","floor":45}],"player_experience":115378,"relics_obtained":[{"floor":8,"key":"Omamori"},{"floor":9,"key":"Bag of Marbles"},{"floor":14,"key":"Pantograph"},{"floor":21,"key":"Shovel"},{"floor":21,"key":"Bottled Tornado"},{"floor":25,"key":"Tiny Chest"},{"floor":26,"key":"The Courier"},{"floor":42,"key":"Pocketwatch"},{"floor":43,"key":"Meat on the Bone"},{"floor":44,"key":"Bottled Flame"},{"floor":48,"key":"Art of War"},{"floor":49,"key":"Bag of Preparation"}],"event_choices":[{"damage_healed":0,"gold_gain":0,"player_choice":"1 cards matched","damage_taken":0,"max_hp_gain":0,"max_hp_loss":0,"event_name":"Match and Keep!","floor":6,"gold_loss":0,"cards_obtained":["Neutralize"]},{"damage_healed":0,"gold_gain":75,"player_choice":"Gather Gold","damage_taken":11,"max_hp_gain":0,"max_hp_loss":0,"event_name":"World of Goop","floor":13,"gold_loss":0},{"damage_healed":0,"gold_gain":0,"player_choice":"Inject Mutagens","damage_taken":0,"relics_obtained":["MutagenicStrength"],"max_hp_gain":0,"max_hp_loss":0,"event_name":"Drug Dealer","floor":19,"gold_loss":0},{"damage_healed":0,"gold_gain":0,"player_choice":"Fight","damage_taken":0,"max_hp_gain":0,"max_hp_loss":0,"event_name":"Colosseum","floor":21,"gold_loss":0},{"damage_healed":0,"gold_gain":0,"player_choice":"Fought Nobs","damage_taken":0,"max_hp_gain":0,"max_hp_loss":0,"event_name":"Colosseum","floor":21,"gold_loss":0},{"damage_healed":0,"gold_gain":0,"player_choice":"Became a Ghost","damage_taken":0,"max_hp_gain":0,"max_hp_loss":32,"event_name":"Ghosts","floor":30,"gold_loss":0,"cards_obtained":["Ghostly","Ghostly","Ghostly","Ghostly","Ghostly"]},{"cards_removed":["All Out Attack"],"damage_healed":0,"gold_gain":0,"player_choice":"Removed Attack","damage_taken":0,"max_hp_gain":0,"max_hp_loss":0,"event_name":"Falling","floor":36,"gold_loss":0},{"damage_healed":0,"gold_gain":0,"cards_transformed":["Flying Knee"],"player_choice":"Transformed","damage_taken":0,"max_hp_gain":0,"max_hp_loss":0,"event_name":"Transmorgrifier","floor":38,"gold_loss":0,"cards_obtained":["Venomology"]},{"damage_healed":0,"gold_gain":0,"player_choice":"Upgrade","damage_taken":0,"relics_obtained":["Mark of the Bloom"],"max_hp_gain":0,"max_hp_loss":0,"event_name":"MindBloom","floor":46,"gold_loss":0,"cards_upgraded":["Defend_G","Defend_G","Defend_G","Defend_G","Survivor","Neutralize","Cloak And Dagger","Dagger Spray","PiercingWail","Die Die Die","PiercingWail","Ghostly","Ghostly","Ghostly","Ghostly","Ghostly","Bullet Time","Backflip","Impatience","Venomology","PiercingWail"]},{"damage_healed":0,"gold_gain":0,"player_choice":"Max HP","damage_taken":0,"max_hp_gain":0,"max_hp_loss":2,"event_name":"Winding Halls","floor":47,"gold_loss":0}],"is_beta":false,"boss_relics":[{"not_picked":["HoveringKite","Pandora\u0027s Box"],"picked":"Astrolabe"},{"not_picked":["Fusion Hammer","Calling Bell"],"picked":"Philosopher\u0027s Stone"}],"items_purged_floors":[22,37],"is_endless":false,"potions_floor_spawned":[3,4,8,14,16,20,28,33,35,41],"ascension_level":5}