{"gold_per_floor":[213,213,223,239,254,279,279,304,352,380,403,413,413,426,426,527,527,537,537,737,751,266,286,286,300,300,327,327,353,353,353,353,454,454,470,230,230,250,250,282,357,386,409,424,36,50,50,70,70,70],"floor_reached":51,"playtime":4452,"items_purged":["Strike_G","Finisher","Strike_G+1"],"score":919,"play_id":"a0cc3aec-5743-4b03-b468-cbf9adcf257b","local_time":"20190127143808","is_ascension_mode":true,"campfire_choices":[{"data":"Dagger Spray","floor":7,"key":"SMITH"},{"data":"Sucker Punch","floor":15,"key":"SMITH"},{"data":"Noxious Fumes","floor":24,"key":"SMITH"},{"data":"Footwork","floor":28,"key":"SMITH"},{"data":"Catalyst","floor":30,"key":"SMITH"},{"data":"Well Laid Plans","floor":32,"key":"SMITH"},{"data":"Night Terror","floor":47,"key":"SMITH"},{"data":"Footwork","floor":49,"key":"SMITH"}],"neow_cost":"NONE","seed_source_timestamp":7388883318965,"circlet_count":0,"master_deck":["Defend_G","Defend_G","Defend_G","Defend_G+1","Defend_G","Neutralize+1","Dagger Spray+1","Terror","Sucker Punch+1","PiercingWail","Dodge and Roll","Blur","Adrenaline","Dodge and Roll+1","Footwork+1","Catalyst+1","Poisoned Stab","Well Laid Plans+1","Noxious Fumes+1","Catalyst+1","Crippling Poison","Footwork+1","Deflect+1","Night Terror+1","Backflip+1","Footwork+1","Deflect+1","Noxious Fumes+1"],"relics":["Ring of the Snake","Matryoshka","Question Card","Omamori","Whetstone","Dream Catcher","Blue Candle","Boot","Astrolabe","Bottled Tornado","Mango","Regal Pillow","Ancient Tea Set","Pear","Busted Crown","Happy Flower","War Paint","Lantern","DollysMirror"],"potions_floor_usage":[6,6,8,21,27,27,29,33,33,44,50,50],"damage_taken":[{"damage":0,"enemies":"2 Louse","floor":1,"turns":3},{"damage":0,"enemies":"Cultist","floor":3,"turns":4},{"damage":7,"enemies":"Small Slimes","floor":4,"turns":3},{"damage":0,"enemies":"Blue Slaver","floor":5,"turns":5},{"damage":0,"enemies":"Gremlin Nob","floor":6,"turns":1},{"damage":13,"enemies":"3 Sentries","floor":8,"turns":4},{"damage":4,"enemies":"Gremlin Nob","floor":10,"turns":3},{"damage":6,"enemies":"Lots of Slimes","floor":12,"turns":3},{"damage":0,"enemies":"Looter","floor":14,"turns":4},{"damage":2,"enemies":"The Guardian","floor":16,"turns":15},{"damage":2,"enemies":"Chosen","floor":18,"turns":8},{"damage":10,"enemies":"2 Thieves","floor":21,"turns":4},{"damage":9,"enemies":"Centurion and Healer","floor":23,"turns":9},{"damage":1,"enemies":"Snecko","floor":25,"turns":7},{"damage":3,"enemies":"Book of Stabbing","floor":27,"turns":5},{"damage":24,"enemies":"Gremlin Leader","floor":29,"turns":6},{"damage":36,"enemies":"Collector","floor":33,"turns":9},{"damage":9,"enemies":"Orb Walker","floor":35,"turns":6},{"damage":0,"enemies":"3 Shapes","floor":38,"turns":4},{"damage":3,"enemies":"Reptomancer","floor":40,"turns":5},{"damage":0,"enemies":"Giant Head","floor":42,"turns":7},{"damage":1,"enemies":"Sphere and 2 Shapes","floor":44,"turns":7},{"damage":0,"enemies":"Spire Growth","floor":46,"turns":6},{"damage":0,"enemies":"Maw","floor":48,"turns":5},{"damage":3,"enemies":"Donu and Deca","floor":50,"turns":9}],"seed_played":"8245096296663149393","potions_obtained":[{"floor":2,"key":"FearPotion"},{"floor":2,"key":"Fire Potion"},{"floor":2,"key":"AttackPotion"},{"floor":6,"key":"Block Potion"},{"floor":14,"key":"SpeedPotion"},{"floor":21,"key":"SkillPotion"},{"floor":27,"key":"Strength Potion"},{"floor":29,"key":"Regen Potion"},{"floor":42,"key":"Swift Potion"},{"floor":44,"key":"EssenceOfSteel"}],"is_trial":false,"path_per_floor":["M","?","M","M","M","E","R","E","T","E","T","M","?","M","R","B",null,"M","?","?","M","$","M","R","M","T","E","R","E","R","?","R","B",null,"M","$","?","M","?","E","?","E","T","M","$","M","R","M","R","B",null],"character_chosen":"THE_SILENT","items_purchased":["Noxious Fumes","Bottled Tornado","Catalyst","Energy Potion","Backflip","Dexterity Potion","Footwork","DollysMirror","GhostInAJar"],"campfire_rested":0,"item_purchase_floors":[22,22,22,22,36,36,36,45,45],"current_hp_per_floor":[70,70,70,63,63,63,63,50,50,46,46,40,45,45,45,43,75,73,73,73,63,63,54,54,53,67,64,64,40,40,50,50,29,99,90,90,90,90,90,87,78,78,78,77,77,77,77,77,77,74],"gold":70,"neow_bonus":"HUNDRED_GOLD","is_prod":false,"is_daily":false,"chose_seed":false,"campfire_upgraded":8,"win_rate":1,"timestamp":1548553088,"path_taken":["M","?","M","M","?","E","R","E","T","E","?","M","?","M","R","BOSS","M","?","?","?","$","M","R","M","T","E","R","E","R","?","R","BOSS","M","$","?","M","?","E","?","E","T","?","$","M","R","M","R","BOSS"],"build_version":"2019-01-23","purchased_purges":3,"victory":true,"max_hp_per_floor":[70,70,70,70,70,70,70,70,70,70,70,70,75,75,75,75,75,75,75,75,75,75,75,75,75,89,89,89,89,89,99,99,99,99,99,99,99,99,99,99,99,99,99,99,99,99,99,99,99,99],"card_choices":[{"not_picked":["Acrobatics","Blade Dance"],"picked":"Dagger Spray","floor":1},{"not_picked":["Underhanded Strike","Slice"],"picked":"Finisher","floor":3},{"not_picked":["PiercingWail","Predator"],"picked":"Terror","floor":4},{"not_picked":["Distraction","Dagger Throw"],"picked":"Sucker Punch","floor":5},{"not_picked":["Dagger Throw","Wraith Form v2","Dodge and Roll"],"picked":"SKIP","floor":6},{"not_picked":["Expertise","Underhanded Strike","Catalyst"],"picked":"SKIP","floor":8},{"not_picked":["All Out Attack","Acrobatics","Crippling Poison"],"picked":"PiercingWail","floor":10},{"not_picked":["Quick Slash","Heel Hook","Flechettes"],"picked":"Dodge and Roll","floor":12},{"not_picked":["Escape Plan","All Out Attack","Dodge and Roll"],"picked":"Blur","floor":14},{"not_picked":["Bullet Time","Venomology","Envenom"],"picked":"Adrenaline","floor":16},{"not_picked":["Dagger Spray","Prepared+1","Backflip"],"picked":"Poisoned Stab","floor":18},{"not_picked":["Endless Agony+1","Catalyst","Sucker Punch"],"picked":"Well Laid Plans","floor":21},{"not_picked":["Heel Hook","Underhanded Strike","Flying Knee"],"picked":"Crippling Poison","floor":23},{"not_picked":["Bane","Eviscerate+1","Blur"],"picked":"Footwork","floor":25},{"not_picked":["Blade Dance","Calculated Gamble+1","Leg Sweep"],"picked":"Deflect+1","floor":27},{"not_picked":["Bane","Calculated Gamble","Flying Knee","Infinite Blades"],"picked":"SKIP","floor":29},{"not_picked":["Die Die Die","After Image","Bullet Time"],"picked":"Night Terror","floor":33},{"not_picked":["Outmaneuver","Reflex"],"picked":"SKIP","floor":35},{"not_picked":["Blade Dance+1","Flechettes"],"picked":"SKIP","floor":38},{"not_picked":["Dash+1"],"picked":"Deflect+1","floor":40},{"not_picked":["Flying Knee+1","Dagger Spray+1"],"picked":"SKIP","floor":42},{"not_picked":["Outmaneuver+1","Underhanded Strike+1"],"picked":"SKIP","floor":44},{"not_picked":["Underhanded Strike+1","Well Laid Plans"],"picked":"SKIP","floor":46},{"not_picked":["Sucker Punch","Deflect+1"],"picked":"SKIP","floor":48}],"player_experience":99417,"relics_obtained":[{"floor":6,"key":"Matryoshka"},{"floor":8,"key":"Question Card"},{"floor":9,"key":"Omamori"},{"floor":9,"key":"Whetstone"},{"floor":10,"key":"Dream Catcher"},{"floor":11,"key":"Blue Candle"},{"floor":11,"key":"Boot"},{"floor":26,"key":"Mango"},{"floor":27,"key":"Regal Pillow"},{"floor":29,"key":"Ancient Tea Set"},{"floor":40,"key":"Happy Flower"},{"floor":42,"key":"War Paint"},{"floor":43,"key":"Lantern"}],"event_choices":[{"damage_healed":0,"gold_gain":0,"player_choice":"Got Potions","damage_taken":0,"max_hp_gain":0,"max_hp_loss":0,"event_name":"Lab","floor":2,"gold_loss":0},{"damage_healed":0,"gold_gain":0,"player_choice":"Donut","damage_taken":0,"max_hp_gain":5,"max_hp_loss":0,"event_name":"Big Fish","floor":13,"gold_loss":0},{"damage_healed":0,"gold_gain":0,"player_choice":"Ignored","damage_taken":0,"max_hp_gain":0,"max_hp_loss":0,"event_name":"Vampires","floor":19,"gold_loss":0},{"damage_healed":0,"gold_gain":250,"player_choice":"Bet on Owner","damage_taken":0,"max_hp_gain":0,"max_hp_loss":0,"event_name":"The Joust","floor":20,"gold_loss":50},{"damage_healed":0,"gold_gain":0,"player_choice":"Opened","damage_taken":0,"relics_obtained":["Pear"],"max_hp_gain":0,"max_hp_loss":0,"event_name":"The Mausoleum","floor":31,"gold_loss":0},{"cards_removed":["Survivor"],"damage_healed":0,"gold_gain":0,"player_choice":"Removed Skill","damage_taken":0,"max_hp_gain":0,"max_hp_loss":0,"event_name":"Falling","floor":37,"gold_loss":0},{"damage_healed":0,"gold_gain":0,"player_choice":"Ignored","damage_taken":0,"max_hp_gain":0,"max_hp_loss":0,"event_name":"Mysterious Sphere","floor":39,"gold_loss":0},{"damage_healed":0,"gold_gain":75,"player_choice":"Touch","damage_taken":9,"max_hp_gain":0,"max_hp_loss":0,"event_name":"FaceTrader","floor":41,"gold_loss":0}],"is_beta":false,"boss_relics":[{"not_picked":["Runic Dome","Ectoplasm"],"picked":"Astrolabe"},{"not_picked":["Lizard Tail","Orrery"],"picked":"Busted Crown"}],"items_purged_floors":[22,36,45],"is_endless":false,"potions_floor_spawned":[4,5,6,14,21,23,27,29,42,44,46],"ascension_level":2}