{"gold_per_floor":[366,38,56,56,18,18,30,63,133,133,159,177,187,199,199,296,296,311,321,217,217,24,24,24],"floor_reached":24,"playtime":2265,"items_purged":["Strike_R","Strike_R"],"score":206,"play_id":"c794a0e0-b086-4037-ba4f-9d76d54a6a57","local_time":"20190114173540","is_ascension_mode":false,"campfire_choices":[{"floor":6,"key":"RECALL"},{"data":"Apotheosis","floor":10,"key":"SMITH"},{"data":"Flame Barrier","floor":15,"key":"SMITH"},{"data":"True Grit","floor":23,"key":"SMITH"}],"neow_cost":"PERCENT_DAMAGE","seed_source_timestamp":266027638368640,"circlet_count":0,"master_deck":["Strike_R","Defend_R","Defend_R","Defend_R","Defend_R","Bash","Inflame","Apotheosis+1","Flame Barrier+1","Immolate","Metallicize","Heavy Blade","Impervious","True Grit+1","Iron Wave+1","Reaper","Shrug It Off","Shame"],"relics":["Burning Blood","Membership Card","Ancient Tea Set","Centennial Puzzle","Empty Cage","WingedGreaves","Incense Burner"],"potions_floor_usage":[16],"damage_taken":[{"damage":5,"enemies":"2 Louse","floor":1,"turns":3},{"damage":0,"enemies":"Cultist","floor":3,"turns":4},{"damage":0,"enemies":"Small Slimes","floor":7,"turns":4},{"damage":10,"enemies":"Gremlin Nob","floor":8,"turns":4},{"damage":11,"enemies":"3 Sentries","floor":11,"turns":6},{"damage":0,"enemies":"3 Louse","floor":12,"turns":2},{"damage":0,"enemies":"Lots of Slimes","floor":13,"turns":1},{"damage":5,"enemies":"Red Slaver","floor":14,"turns":3},{"damage":1,"enemies":"Slime Boss","floor":16,"turns":8},{"damage":14,"enemies":"Chosen","floor":18,"turns":5},{"damage":23,"enemies":"Spheric Guardian","floor":19,"turns":9},{"damage":77,"enemies":"Gremlin Leader","floor":24,"turns":7}],"seed_played":"-7624923511675413775","potions_obtained":[{"floor":1,"key":"Swift Potion"},{"floor":11,"key":"LiquidBronze"},{"floor":14,"key":"PowerPotion"}],"is_trial":false,"path_per_floor":["M","$","M","?","$","R","M","E","T","R","E","M","M","M","R","B",null,"M","M","$","?","$","R","E"],"character_chosen":"IRONCLAD","items_purchased":["Membership Card","Apotheosis","Flame Barrier","Reaper","Shrug It Off","Incense Burner"],"campfire_rested":0,"item_purchase_floors":[2,2,2,20,20,22],"current_hp_per_floor":[57,57,63,63,63,63,69,65,65,65,60,66,72,73,73,78,80,72,55,55,55,55,55,0],"gold":24,"neow_bonus":"TWO_FIFTY_GOLD","is_prod":false,"is_daily":false,"chose_seed":false,"campfire_upgraded":3,"win_rate":0,"timestamp":1547505340,"path_taken":["M","$","M","?","?","R","M","E","T","R","E","M","M","M","R","BOSS","M","M","$","?","$","R","E"],"build_version":"2019-01-10","purchased_purges":2,"victory":false,"max_hp_per_floor":[80,80,80,80,80,80,80,80,80,80,80,80,80,80,80,80,80,80,80,80,80,80,80,80],"card_choices":[{"not_picked":["Shrug It Off","Havoc"],"picked":"Inflame","floor":1},{"not_picked":["Anger","Armaments"],"picked":"Immolate","floor":3},{"not_picked":["Entrench","Iron Wave","Wild Strike"],"picked":"SKIP","floor":7},{"not_picked":["Clash","Twin Strike"],"picked":"Metallicize","floor":8},{"not_picked":["Armaments","Perfected Strike","Cleave"],"picked":"SKIP","floor":11},{"not_picked":["Fiend Fire","Cleave","Armaments"],"picked":"SKIP","floor":12},{"not_picked":["Rampage","Intimidate"],"picked":"Heavy Blade","floor":13},{"not_picked":["Burning Pact","Clothesline"],"picked":"Impervious","floor":14},{"not_picked":["Havoc","Twin Strike"],"picked":"True Grit","floor":18},{"not_picked":["Dual Wield","Bloodletting+1"],"picked":"Iron Wave+1","floor":19}],"player_experience":95338,"relics_obtained":[{"floor":8,"key":"Ancient Tea Set"},{"floor":11,"key":"Centennial Puzzle"}],"event_choices":[{"damage_healed":0,"gold_gain":0,"player_choice":"Bought 0 Potions","damage_taken":0,"max_hp_gain":0,"max_hp_loss":0,"event_name":"The Woman in Blue","floor":4,"gold_loss":0},{"damage_healed":0,"gold_gain":0,"player_choice":"Stole Relic","damage_taken":0,"relics_obtained":["WingedGreaves"],"max_hp_gain":0,"max_hp_loss":0,"event_name":"Addict","floor":21,"gold_loss":0,"cards_obtained":["Shame"]}],"is_beta":false,"boss_relics":[{"not_picked":["Cursed Key","Runic Dome"],"picked":"Empty Cage"}],"items_purged_floors":[5,22],"is_endless":false,"potions_floor_spawned":[1,11,14],"killed_by":"Gremlin Leader","ascension_level":0}