{"gold_per_floor":[114,129,49,64,79,79,109,86,111,141,178,190],"floor_reached":12,"playtime":346,"items_purged":[],"score":163,"play_id":"6f6fe41d-e8c5-41c4-aa9c-7fa32bbff370","local_time":"20181129050626","daily_mods":["Insanity","ControlledChaos","DeadlyEvents"],"is_ascension_mode":false,"campfire_choices":[{"data":"Finisher","floor":6,"key":"SMITH"}],"neow_cost":"","seed_source_timestamp":0,"circlet_count":0,"master_deck":["Backstab","Endless Agony","Flying Knee","Noxious Fumes","Poisoned Stab","Dagger Spray","Catalyst","Heel Hook","Flechettes","Crippling Poison","Outmaneuver","Catalyst","Sucker Punch","Dagger Throw","Outmaneuver","Prepared","Leg Sweep","Deflect","Deadly Poison","Bane","Backstab","Caltrops","Riddle With Holes","Blade Dance","Slice","Catalyst","Backflip","Poisoned Stab","Eviscerate","Slice","Accuracy","Crippling Poison","Predator","Underhanded Strike","Infinite Blades","Acrobatics","Dodge and Roll","Finisher+1","Sucker Punch","Slice","Flying Knee","Choke","Well Laid Plans","Flying Knee","Distraction","Eviscerate","Choke","PiercingWail","Finisher","PiercingWail","Tactician","Noxious Fumes","Dagger Spray","Flying Knee","Glass Knife","Prepared","Leg Sweep"],"special_seed":17863,"relics":["Ring of the Snake","Frozen Eye","Girya","Art of War","MawBank","Oddly Smooth Stone"],"potions_floor_usage":[7],"damage_taken":[{"damage":6,"enemies":"Cultist","floor":1,"turns":2},{"damage":0,"enemies":"2 Louse","floor":2,"turns":1},{"damage":6,"enemies":"Jaw Worm","floor":4,"turns":2},{"damage":0,"enemies":"3 Louse","floor":5,"turns":1},{"damage":20,"enemies":"3 Sentries","floor":7,"turns":6},{"damage":25,"enemies":"Lagavulin","floor":10,"turns":4},{"damage":18,"enemies":"3 Sentries","floor":12,"turns":2}],"seed_played":"-3448397470738348676","potions_obtained":[{"floor":1,"key":"Dexterity Potion"},{"floor":7,"key":"SpeedPotion"}],"is_trial":false,"path_per_floor":["M","M","$","M","M","R","E","$","T","E","T","E"],"character_chosen":"THE_SILENT","items_purchased":["Noxious Fumes","Prepared"],"campfire_rested":0,"item_purchase_floors":[3,8],"current_hp_per_floor":[64,64,64,58,58,58,38,38,38,13,13,0],"gold":190,"neow_bonus":"","is_prod":false,"is_daily":true,"chose_seed":false,"campfire_upgraded":1,"win_rate":0,"timestamp":1543421186,"path_taken":["M","?","?","M","M","R","E","$","T","E","?","?"],"build_version":"2018-11-15","purchased_purges":0,"victory":false,"max_hp_per_floor":[70,70,70,70,70,70,70,70,70,70,70,70],"card_choices":[{"not_picked":["Bane","Flying Knee"],"picked":"Tactician","floor":1},{"not_picked":["Slice","Infinite Blades","Outmaneuver"],"picked":"SKIP","floor":2},{"not_picked":["Dodge and Roll","Deflect"],"picked":"Dagger Spray","floor":4},{"not_picked":["Dagger Spray","Concentrate"],"picked":"Flying Knee","floor":5},{"not_picked":["Catalyst","Blur"],"picked":"Glass Knife","floor":7},{"not_picked":["Flying Knee","Grand Finale"],"picked":"Leg Sweep","floor":10}],"player_experience":400832,"relics_obtained":[{"floor":7,"key":"Girya"},{"floor":9,"key":"Art of War"},{"floor":10,"key":"MawBank"},{"floor":11,"key":"Oddly Smooth Stone"}],"event_choices":[],"is_beta":false,"boss_relics":[],"items_purged_floors":[],"is_endless":false,"potions_floor_spawned":[1,7],"killed_by":"3 Sentries","ascension_level":0}