{"gold_per_floor":[115,115,135,151,165,200,200,210,210,243,243,257,257,272,272,371,371],"floor_reached":17,"playtime":2016,"items_purged":[],"score":202,"play_id":"f4dd20ae-27d2-4911-bd5e-c1b4a4333a1f","local_time":"20190129202408","is_ascension_mode":true,"campfire_choices":[{"data":"Coolheaded","floor":7.0,"key":"SMITH"},{"data":"Chill","floor":11.0,"key":"SMITH"},{"data":"Redo","floor":13.0,"key":"SMITH"},{"data":"Consume","floor":15.0,"key":"SMITH"}],"neow_cost":"NONE","seed_source_timestamp":0,"circlet_count":0,"master_deck":["Zap","Dualcast","Chill+1","Turbo","Multi-Cast","Redo+1","Coolheaded+1","Rebound","Fusion","Doom and Gloom","Consume+1","Thunder Strike","Beam Cell","Ball Lightning","Machine Learning","Rebound","Scrape","Auto Shields","Coolheaded","Fusion"],"special_seed":0,"relics":["Cracked Core","Anchor","Gambling Chip","Pear","Pandora\u0027s Box"],"potions_floor_usage":[],"damage_taken":[{"damage":2.0,"enemies":"Small Slimes","floor":1.0,"turns":3.0},{"damage":2.0,"enemies":"Cultist","floor":3.0,"turns":5.0},{"damage":9.0,"enemies":"Jaw Worm","floor":4.0,"turns":3.0},{"damage":7.0,"enemies":"3 Louse","floor":5.0,"turns":4.0},{"damage":19.0,"enemies":"Lagavulin","floor":6.0,"turns":8.0},{"damage":0.0,"enemies":"Large Slime","floor":8.0,"turns":7.0},{"damage":28.0,"enemies":"3 Sentries","floor":10.0,"turns":11.0},{"damage":1.0,"enemies":"Red Slaver","floor":12.0,"turns":3.0},{"damage":0.0,"enemies":"3 Louse","floor":14.0,"turns":3.0},{"damage":22.0,"enemies":"The Guardian","floor":16.0,"turns":13.0}],"seed_played":"-1299773447813986260","potions_obtained":[{"floor":1.0,"key":"EssenceOfSteel"},{"floor":4.0,"key":"Poison Potion"},{"floor":10.0,"key":"AttackPotion"},{"floor":14.0,"key":"EntropicBrew"},{"floor":16,"key":"SkillPotion"}],"is_trial":false,"path_per_floor":["M","?","M","M","M","E","R","M","T","E","R","M","R","M","R","B",null],"character_chosen":"DEFECT","items_purchased":[],"campfire_rested":0,"item_purchase_floors":[],"current_hp_per_floor":[80,80,78,69,62,43,43,43,43,25,25,24,24,24,24,2,92],"gold":371,"neow_bonus":"TEN_PERCENT_HP_BONUS","is_prod":false,"is_daily":false,"chose_seed":false,"campfire_upgraded":4,"win_rate":0,"timestamp":1548811448,"path_taken":["M","?","?","M","M","E","R","M","T","E","R","M","R","M","R","BOSS","BOSS"],"build_version":"2019-01-23","purchased_purges":0,"victory":false,"max_hp_per_floor":[82,82,82,82,82,82,82,82,82,92,92,92,92,92,92,92,92],"card_choices":[{"not_picked":["Turbo","Leap"],"picked":"Chill","floor":1.0},{"not_picked":["Cold Snap","Compile Driver"],"picked":"Redo","floor":3.0},{"not_picked":["Skim","Heatsinks"],"picked":"Coolheaded","floor":4.0},{"not_picked":["Ball Lightning","Heatsinks"],"picked":"Rebound","floor":5.0},{"not_picked":["Streamline","Tempest"],"picked":"Fusion","floor":6.0},{"not_picked":["Redo","Sweeping Beam","Turbo"],"picked":"SKIP","floor":8.0},{"not_picked":["Steam","Reinforced Body"],"picked":"Doom and Gloom","floor":10.0},{"not_picked":["Turbo","Stack","Chaos"],"picked":"SKIP","floor":12.0},{"not_picked":["Rainbow","Genetic Algorithm"],"picked":"Consume","floor":14.0},{"not_picked":["Reboot","Biased Cognition"],"picked":"Thunder Strike","floor":16}],"player_experience":1194723,"relics_obtained":[{"floor":6.0,"key":"Anchor"},{"floor":9.0,"key":"Gambling Chip"},{"floor":10.0,"key":"Pear"}],"event_choices":[{"damage_healed":0.0,"max_hp_gain":0.0,"max_hp_loss":0.0,"gold_gain":0.0,"event_name":"Match and Keep!","player_choice":"2 cards matched","floor":2.0,"gold_loss":0.0,"damage_taken":0.0,"cards_obtained":["Turbo","Multi-Cast"]},{"damage_healed":0.0,"max_hp_gain":0.0,"max_hp_loss":0.0,"gold_gain":0.0,"event_name":"Match and Keep!","player_choice":"2 cards matched","floor":2.0,"gold_loss":0.0,"damage_taken":0.0,"cards_obtained":["Turbo","Multi-Cast"]}],"is_beta":false,"boss_relics":[{"not_picked":["Empty Cage","Inserter"],"picked":"Pandora\u0027s Box"}],"items_purged_floors":[],"is_endless":false,"potions_floor_spawned":[1,4,10,14,16],"ascension_level":1}