{"gold_per_floor":[110,110,110,27,39,39,68,87,87,87],"floor_reached":10,"playtime":351,"items_purged":[],"score":132,"play_id":"81749ae9-620f-4998-a512-724c1fb5f44c","local_time":"20190228190717","is_ascension_mode":true,"campfire_choices":[{"data":"Neutralize","floor":6,"key":"SMITH"}],"neow_cost":"PERCENT_DAMAGE","seed_source_timestamp":25050140524172,"circlet_count":0,"master_deck":["AscendersBane","Defend_G","Defend_G","Defend_G","Defend_G+1","Defend_G+1","Strike_G","Strike_G","Strike_G","Strike_G","Strike_G","Survivor","Neutralize+1","Dagger Spray","Poisoned Stab+1","Sucker Punch+1","Flechettes+1","Leg Sweep","Caltrops"],"relics":["Ring of the Snake","Molten Egg 2","Dead Branch","WingedGreaves"],"potions_floor_usage":[],"damage_taken":[{"damage":1,"enemies":"Small Slimes","floor":1,"turns":5},{"damage":0,"enemies":"Jaw Worm","floor":5,"turns":4},{"damage":30,"enemies":"Lagavulin","floor":7,"turns":6},{"damage":0,"enemies":"Cultist","floor":8,"turns":4},{"damage":6,"enemies":"3 Louse","floor":10,"turns":2}],"seed_played":"-2601317771914509102","potions_obtained":[{"floor":8,"key":"Dexterity Potion"}],"is_trial":false,"path_per_floor":["M","?","T","$","M","R","E","M","T","M"],"character_chosen":"THE_SILENT","items_purchased":["Poisoned Stab+1","Sucker Punch+1"],"campfire_rested":0,"item_purchase_floors":[4,4],"current_hp_per_floor":[55,32,32,32,32,32,2,2,2,0],"gold":87,"neow_bonus":"TWENTY_PERCENT_HP_BONUS","is_prod":false,"is_daily":false,"chose_seed":false,"campfire_upgraded":1,"win_rate":0,"timestamp":1551334037,"path_taken":["M","?","?","$","M","R","E","M","T","M"],"build_version":"2019-01-23","purchased_purges":0,"victory":false,"max_hp_per_floor":[78,78,78,78,78,78,78,78,78,78],"card_choices":[{"not_picked":["Dagger Throw","Sucker Punch"],"picked":"Dagger Spray","floor":1},{"not_picked":["Blade Dance","Sucker Punch+1"],"picked":"Flechettes+1","floor":5},{"not_picked":["Prepared","Bane+1"],"picked":"Leg Sweep","floor":7},{"not_picked":["Dagger Throw+1","Cloak And Dagger"],"picked":"Caltrops","floor":8}],"player_experience":490297,"relics_obtained":[{"floor":3,"key":"Molten Egg 2"},{"floor":7,"key":"Dead Branch"},{"floor":9,"key":"WingedGreaves"}],"event_choices":[{"damage_healed":0,"gold_gain":0,"player_choice":"Entered Light","damage_taken":23,"max_hp_gain":0,"max_hp_loss":0,"event_name":"Shining Light","floor":2,"gold_loss":0,"cards_upgraded":["Defend_G","Defend_G"]}],"is_beta":false,"boss_relics":[],"items_purged_floors":[],"is_endless":false,"potions_floor_spawned":[8],"killed_by":"3 Louse","ascension_level":20}