{"gold_per_floor":[110,110,122,122,147,147,191,191,214,257,257],"floor_reached":11,"playtime":433,"items_purged":[],"score":162,"play_id":"1da16e77-b148-4847-8ac8-5c0bba4359a6","local_time":"20190224185027","is_ascension_mode":true,"campfire_choices":[{"data":"Perfected Strike","floor":6,"key":"SMITH"},{"data":"Bash","floor":8,"key":"SMITH"}],"neow_cost":"NONE","seed_source_timestamp":7322761411395,"circlet_count":0,"master_deck":["AscendersBane","Strike_R","Strike_R","Strike_R","Strike_R","Strike_R","Defend_R","Defend_R","Defend_R","Defend_R","Bash+1","True Grit","Perfected Strike+1","Thunderclap","Reaper","Whirlwind"],"relics":["Burning Blood","Strawberry","Smiling Mask","Golden Idol","Gambling Chip","Omamori","Pen Nib"],"potions_floor_usage":[10],"damage_taken":[{"damage":8,"enemies":"2 Louse","floor":1,"turns":4},{"damage":14,"enemies":"Cultist","floor":3,"turns":6},{"damage":10,"enemies":"Small Slimes","floor":5,"turns":4},{"damage":32,"enemies":"Gremlin Nob","floor":7,"turns":4},{"damage":18,"enemies":"Lagavulin","floor":10,"turns":6},{"damage":39,"enemies":"Exordium Wildlife","floor":11,"turns":5}],"seed_played":"-6647734884456314278","potions_obtained":[{"floor":3,"key":"LiquidBronze"},{"floor":5,"key":"EssenceOfSteel"}],"is_trial":false,"path_per_floor":["M","?","M","?","M","R","E","R","T","E","M"],"character_chosen":"IRONCLAD","items_purchased":[],"campfire_rested":0,"item_purchase_floors":[],"current_hp_per_floor":[73,68,60,60,56,56,30,30,30,18,0],"gold":257,"neow_bonus":"RANDOM_COMMON_RELIC","is_prod":false,"is_daily":false,"chose_seed":false,"campfire_upgraded":2,"win_rate":0,"timestamp":1550987427,"path_taken":["M","?","M","?","M","R","E","R","T","E","M"],"build_version":"2019-01-23","purchased_purges":0,"victory":false,"max_hp_per_floor":[82,82,82,74,74,74,74,74,74,74,74],"card_choices":[{"not_picked":["Havoc","Seeing Red"],"picked":"True Grit","floor":1},{"not_picked":["Blood for Blood","Warcry"],"picked":"Perfected Strike","floor":3},{"not_picked":["Heavy Blade","Sword Boomerang"],"picked":"Thunderclap","floor":5},{"not_picked":["Flex","Second Wind"],"picked":"Reaper","floor":7},{"not_picked":["Sever Soul","Armaments"],"picked":"Whirlwind","floor":10}],"player_experience":435020,"relics_obtained":[{"floor":7,"key":"Gambling Chip"},{"floor":9,"key":"Omamori"},{"floor":10,"key":"Pen Nib"}],"event_choices":[{"damage_healed":0,"gold_gain":0,"player_choice":"Success","damage_taken":5,"relics_obtained":["Smiling Mask"],"max_hp_gain":0,"max_hp_loss":0,"event_name":"Scrap Ooze","floor":2,"gold_loss":0},{"damage_healed":0,"gold_gain":0,"player_choice":"Lose Max HP","damage_taken":0,"relics_obtained":["Golden Idol"],"max_hp_gain":0,"max_hp_loss":8,"event_name":"Golden Idol","floor":4,"gold_loss":0}],"is_beta":false,"boss_relics":[],"items_purged_floors":[],"is_endless":false,"potions_floor_spawned":[3,5],"killed_by":"Exordium Wildlife","ascension_level":20}