{"path_per_floor":["M","M","?","?","?","?","M","T","T","R","M","M","E","?","R","B",null,"M","?","M","?","M","R","M","E","T","R","M","R","$","M","R"],"character_chosen":"IRONCLAD","items_purchased":["SkillPotion"],"gold_per_floor":[99,99,99,99,99,99,99,99,99,99,99,99,99,99,99,99,99,54,54,54,54,54,54,54,54,54,54,54,54,4,4,4,4],"floor_reached":33,"campfire_rested":5,"playtime":1965,"item_purchase_floors":[30],"current_hp_per_floor":[74,73,73,73,48,48,46,46,46,46,44,51,37,37,61,28,80,60,60,38,38,28,44,50,6,6,22,14,30,30,27,43,0],"items_purged":[],"gold":4,"score":292,"play_id":"71b24dec-74c3-49d1-8629-1542bf5a763d","local_time":"20180619031017","is_prod":false,"is_daily":false,"chose_seed":false,"is_ascension_mode":false,"campfire_upgraded":1,"win_rate":0.0,"timestamp":1529392217,"campfire_choices":[{"data":"Flex","floor":10,"key":"SMITH"},{"floor":15,"key":"REST"},{"floor":23,"key":"REST"},{"floor":27,"key":"REST"},{"floor":29,"key":"REST"},{"floor":32,"key":"REST"}],"path_taken":["M","M","?","?","?","?","?","?","T","R","M","M","E","?","R","BOSS","M","?","M","?","?","R","M","E","T","R","M","R","$","M","R","BOSS"],"build_version":"2018-06-14v2","seed_source_timestamp":51693287924476,"purchased_purges":0,"victory":false,"master_deck":["Defend_R","Defend_R","Defend_R","Bash","Spot Weakness+1","Flex+1","Warcry","Rampage","Cleave","Dropkick","Power Through","Impervious","Flex","Sword Boomerang","Flex","Bite","Bite","Bite","Bite","Bite","Fiend Fire","Sentinel","Body Slam","Warcry"],"max_hp_per_floor":[80,80,80,80,80,80,80,80,80,80,80,80,80,80,80,80,80,80,80,80,56,56,56,56,56,56,56,56,56,56,56,56,56],"relics":["Ectoplasm","Prayer Wheel","Potion Belt","Pen Nib","Orichalcum","Fusion Hammer","Happy Flower","Bag of Marbles"],"card_choices":[{"not_picked":["Warcry","Rage"],"picked":"Spot Weakness","floor":1},{"not_picked":["Anger","Intimidate","Wild Strike"],"picked":"SKIP","floor":2},{"not_picked":["Anger","Barricade"],"picked":"Flex","floor":7},{"not_picked":["Cleave","Iron Wave"],"picked":"Warcry","floor":7},{"not_picked":["Fire Breathing","Headbutt"],"picked":"Rampage","floor":11},{"not_picked":["Anger","True Grit"],"picked":"Cleave","floor":11},{"not_picked":["Wild Strike","Clash"],"picked":"Dropkick","floor":12},{"not_picked":["Twin Strike","Perfected Strike","Entrench"],"picked":"SKIP","floor":12},{"not_picked":["Second Wind","Rage"],"picked":"Power Through","floor":13},{"not_picked":["Double Tap","Dark Embrace"],"picked":"Impervious","floor":16},{"not_picked":["Clothesline+1","Dropkick"],"picked":"Flex","floor":18},{"not_picked":["Combust","Ghostly Armor"],"picked":"Sword Boomerang","floor":18},{"not_picked":["Sword Boomerang","Evolve"],"picked":"Flex","floor":20},{"not_picked":["Anger","Iron Wave","Warcry"],"picked":"SKIP","floor":20},{"not_picked":["Havoc+1","Thunderclap+1"],"picked":"Fiend Fire","floor":22},{"not_picked":["Thunderclap","Disarm"],"picked":"Sentinel","floor":22},{"not_picked":["Anger+1","Shockwave+1","Perfected Strike+1"],"picked":"SKIP","floor":24},{"not_picked":["Wild Strike","Ghostly Armor","Clash"],"picked":"SKIP","floor":24},{"not_picked":["Uppercut","Flex","Brutality"],"picked":"SKIP","floor":25},{"not_picked":["Clash","Thunderclap"],"picked":"Body Slam","floor":28},{"not_picked":["Intimidate","Iron Wave","Havoc"],"picked":"SKIP","floor":28},{"not_picked":["Metallicize","Clothesline"],"picked":"Warcry","floor":31},{"not_picked":["Twin Strike","Rupture","Dropkick"],"picked":"SKIP","floor":31}],"player_experience":45570,"potions_floor_usage":[11,12,22,22,28,31,33,33],"damage_taken":[{"damage":6,"enemies":"2 Louse","floor":1,"turns":3},{"damage":1,"enemies":"Cultist","floor":2,"turns":3},{"damage":2,"enemies":"Small Slimes","floor":7,"turns":2},{"damage":2,"enemies":"3 Louse","floor":11,"turns":2},{"damage":7,"enemies":"Gremlin Gang","floor":12,"turns":5},{"damage":14,"enemies":"3 Sentries","floor":13,"turns":4},{"damage":33,"enemies":"The Guardian","floor":16,"turns":8},{"damage":20,"enemies":"2 Thieves","floor":18,"turns":3},{"damage":22,"enemies":"Shell Parasite","floor":20,"turns":5},{"damage":22,"enemies":"3 Cultists","floor":22,"turns":6},{"damage":0,"enemies":"Snecko","floor":24,"turns":4},{"damage":52,"enemies":"Slavers","floor":25,"turns":5},{"damage":18,"enemies":"Snake Plant","floor":28,"turns":4},{"damage":13,"enemies":"3 Cultists","floor":31,"turns":5},{"damage":79,"enemies":"Champ","floor":33,"turns":9}],"relics_obtained":[{"floor":8,"key":"Potion Belt"},{"floor":9,"key":"Pen Nib"},{"floor":13,"key":"Orichalcum"},{"floor":25,"key":"Happy Flower"},{"floor":26,"key":"Bag of Marbles"}],"event_choices":[{"event_name":"Golden Shrine","player_choice":"Skipped","floor":3,"damage_taken":0},{"event_name":"Wheel of Change","player_choice":"Card Removal","floor":4,"damage_taken":0},{"event_name":"Scrap Ooze","player_choice":"success","floor":5,"damage_taken":25},{"event_name":"Upgrade Shrine","player_choice":"Upgraded","floor":6,"damage_taken":0},{"event_name":"Purifier","player_choice":"One Purge","floor":14,"damage_taken":0},{"event_name":"Drug Dealer","player_choice":"Ignored","floor":19,"damage_taken":0},{"event_name":"Vampires","player_choice":"Became a vampire","floor":21,"damage_taken":0}],"boss_relics":[{"not_picked":["Tiny House","Snecko Eye"],"picked":"Fusion Hammer"}],"items_purged_floors":[],"is_endless":false,"potions_floor_spawned":[1,2,16,20,22,28,31],"seed_played":"-7028897275525830289","killed_by":"Champ","ascension_level":0,"potions_obtained":[{"floor":1,"key":"AttackPotion"},{"floor":2,"key":"Regen Potion"},{"floor":16,"key":"SpeedPotion"},{"floor":20,"key":"SkillPotion"},{"floor":22,"key":"Energy Potion"},{"floor":28,"key":"Regen Potion"},{"floor":31,"key":"SkillPotion"}],"is_trial":false}