{"path_per_floor":["M","M","M","M","?","E","T","R","T","R","M","M","M","E","R","B",null,"M","?","$","M","M","E","?"],"character_chosen":"IRONCLAD","items_purchased":["Secret Weapon","Vajra"],"gold_per_floor":[114,127,137,154,154,186,209,209,209,209,229,239,257,290,290,392,392,409,409,10,28,42,73,73,73],"floor_reached":25,"campfire_rested":0,"playtime":3267,"item_purchase_floors":[20,20],"current_hp_per_floor":[80,80,80,80,80,75,75,75,75,75,78,76,77,57,57,22,80,69,53,53,47,45,19,19,0],"items_purged":["Strike_R"],"gold":73,"score":235,"play_id":"3f312b54-568a-4a9c-bb79-388c3c02f6e7","local_time":"20180617235325","is_prod":false,"is_daily":false,"chose_seed":false,"is_ascension_mode":false,"campfire_upgraded":3,"win_rate":0.0,"timestamp":1529294005,"campfire_choices":[{"data":"Pummel","floor":8,"key":"SMITH"},{"data":"Armaments","floor":10,"key":"SMITH"},{"data":"Burning Pact","floor":15,"key":"SMITH"}],"path_taken":["M","?","M","M","?","E","?","R","T","R","?","M","?","E","R","BOSS","M","?","$","M","M","E","?","M"],"build_version":"2018-06-14v2","seed_source_timestamp":40734826274686,"purchased_purges":1,"victory":false,"master_deck":["Strike_R","Strike_R","Strike_R","Strike_R","Defend_R","Defend_R","Defend_R","Bash","Pummel+1","Armaments+1","True Grit","Flex","Burning Pact+1","Reckless Charge","Anger","Brutality","Secret Weapon","Intimidate","Bloodletting+1"],"max_hp_per_floor":[80,80,80,80,80,80,80,80,80,80,80,80,80,80,80,80,80,80,80,80,80,80,80,80,80],"relics":["Burning Blood","Bag of Marbles","Anchor","Omamori","Pen Nib","Runic Pyramid","Nilry\u0027s Codex","Vajra","Oddly Smooth Stone"],"card_choices":[{"not_picked":["Entrench","Wild Strike"],"picked":"Pummel","floor":1},{"not_picked":["Body Slam","Dropkick"],"picked":"Armaments","floor":2},{"not_picked":["Dual Wield","Anger"],"picked":"True Grit","floor":3},{"not_picked":["Headbutt","Body Slam"],"picked":"Flex","floor":4},{"not_picked":["Battle Trance","Offering"],"picked":"Burning Pact","floor":6},{"not_picked":["Clash","Body Slam","Headbutt"],"picked":"SKIP","floor":11},{"not_picked":["Second Wind","Combust","Battle Trance"],"picked":"SKIP","floor":12},{"not_picked":["Cleave","Wild Strike"],"picked":"Reckless Charge","floor":13},{"not_picked":["Armaments","Infernal Blade"],"picked":"Anger","floor":14},{"not_picked":["Feed","Offering"],"picked":"Brutality","floor":16},{"not_picked":["Headbutt+1","Wild Strike","True Grit"],"picked":"SKIP","floor":18},{"not_picked":["Headbutt","True Grit","Pommel Strike"],"picked":"SKIP","floor":21},{"not_picked":["Clash","Juggernaut"],"picked":"Intimidate","floor":22},{"not_picked":["Disarm","Perfected Strike"],"picked":"Bloodletting+1","floor":23}],"player_experience":37694,"potions_floor_usage":[3,6,16,23],"damage_taken":[{"damage":6,"enemies":"Cultist","floor":1,"turns":3},{"damage":2,"enemies":"2 Louse","floor":2,"turns":2},{"damage":5,"enemies":"Small Slimes","floor":3,"turns":2},{"damage":5,"enemies":"Exordium Wildlife","floor":4,"turns":6},{"damage":11,"enemies":"Gremlin Nob","floor":6,"turns":4},{"damage":3,"enemies":"Red Slaver","floor":11,"turns":6},{"damage":8,"enemies":"Lots of Slimes","floor":12,"turns":8},{"damage":5,"enemies":"Exordium Wildlife","floor":13,"turns":6},{"damage":26,"enemies":"3 Sentries","floor":14,"turns":10},{"damage":41,"enemies":"Slime Boss","floor":16,"turns":10},{"damage":17,"enemies":"Shell Parasite","floor":18,"turns":5},{"damage":12,"enemies":"Spheric Guardian","floor":21,"turns":4},{"damage":8,"enemies":"Centurion and Healer","floor":22,"turns":6},{"damage":32,"enemies":"Slavers","floor":23,"turns":6},{"damage":29,"enemies":"3 Cultists","floor":25,"turns":4}],"relics_obtained":[{"floor":6,"key":"Bag of Marbles"},{"floor":7,"key":"Anchor"},{"floor":9,"key":"Omamori"},{"floor":14,"key":"Pen Nib"},{"floor":19,"key":"Nilry\u0027s Codex"},{"floor":23,"key":"Oddly Smooth Stone"}],"event_choices":[{"event_name":"Purifier","player_choice":"One Purge","floor":5,"damage_taken":0},{"event_name":"Cursed Tome","player_choice":"Obtained Book","floor":19,"damage_taken":0},{"event_name":"Accursed Blacksmith","player_choice":"Ignore","floor":24,"damage_taken":0}],"boss_relics":[{"not_picked":["Snecko Eye","Ectoplasm"],"picked":"Runic Pyramid"}],"items_purged_floors":[20],"is_endless":false,"potions_floor_spawned":[1,2,12,14,21,23],"seed_played":"2931481699444283483","killed_by":"3 Cultists","ascension_level":0,"potions_obtained":[{"floor":1,"key":"AttackPotion"},{"floor":2,"key":"Strength Potion"},{"floor":12,"key":"EssenceOfSteel"},{"floor":14,"key":"SpeedPotion"},{"floor":21,"key":"Block Potion"},{"floor":23,"key":"SpeedPotion"}],"is_trial":false}