{"gold_per_floor":[111,131,131,142,154,154,186,203,503,503,538,553,64,140,140,238,238,250,250,265,265,276,309,70,70,70,70,105,105,122,150,150,255,255,267,267,277,289,13,43,57,91,116,141,141,168,186,197,197,197,197,197,30,59,59],"floor_reached":56,"playtime":2935,"items_purged":["Injury","Immolate"],"score":1621,"play_id":"b9ea62a3-ef0f-4b04-ab51-2c0718ed6e31","local_time":"20190224104108","is_ascension_mode":true,"campfire_choices":[{"data":"Uppercut","floor":6,"key":"SMITH"},{"data":"Clothesline","floor":15,"key":"SMITH"},{"data":"Armaments","floor":25,"key":"SMITH"},{"floor":27,"key":"REST"},{"floor":32,"key":"RECALL"},{"data":"Offering","floor":45,"key":"SMITH"},{"data":"Bash","floor":49,"key":"SMITH"},{"data":"Battle Trance","floor":52,"key":"SMITH"}],"neow_cost":"NONE","seed_source_timestamp":34605140622116,"circlet_count":0,"master_deck":["Strike_R+1","Strike_R+1","Strike_R+1","Strike_R+1","Strike_R+1","Defend_R+1","Defend_R+1","Defend_R+1","Bash+1","Clothesline+1","Shrug It Off","Intimidate","Uppercut+1","Battle Trance+1","Iron Wave","Metallicize","Offering+1","Sword Boomerang","Sword Boomerang+1","Armaments+1","Whirlwind+1","Sword Boomerang","Disarm+1","Feed","Sword Boomerang+1","Corruption+1","Whirlwind+1","Shrug It Off","Shrug It Off+1","Clumsy","Pummel+1","Shrug It Off","Whirlwind","Sentinel"],"relics":["Burning Blood","Strawberry","Old Coin","Magic Flower","Gremlin Horn","Brimstone","Cursed Key","Mercury Hourglass","Chemical X","Blood Vial","Shuriken","Mark of Pain","DollysMirror","Dead Branch","Incense Burner","Happy Flower","Bottled Lightning","Bottled Tornado","Dodecahedron"],"potions_floor_usage":[11,23,28,28,40,40,42,48],"damage_taken":[{"damage":6,"enemies":"Jaw Worm","floor":1,"turns":5},{"damage":2,"enemies":"Small Slimes","floor":2,"turns":4},{"damage":3,"enemies":"2 Louse","floor":4,"turns":3},{"damage":9,"enemies":"Red Slaver","floor":5,"turns":4},{"damage":31,"enemies":"Lagavulin","floor":7,"turns":10},{"damage":8,"enemies":"Looter","floor":8,"turns":3},{"damage":15,"enemies":"Gremlin Nob","floor":11,"turns":4},{"damage":17,"enemies":"Large Slime","floor":12,"turns":7},{"damage":35,"enemies":"The Guardian","floor":16,"turns":6},{"damage":5,"enemies":"Spheric Guardian","floor":18,"turns":3},{"damage":29,"enemies":"3 Byrds","floor":20,"turns":4},{"damage":6,"enemies":"Snecko","floor":22,"turns":2},{"damage":15,"enemies":"Book of Stabbing","floor":23,"turns":3},{"damage":12,"enemies":"Slavers","floor":28,"turns":2},{"damage":14,"enemies":"Chosen and Byrds","floor":30,"turns":2},{"damage":13,"enemies":"Book of Stabbing","floor":31,"turns":4},{"damage":15,"enemies":"Champ","floor":33,"turns":6},{"damage":6,"enemies":"3 Shapes","floor":35,"turns":1},{"damage":4,"enemies":"Orb Walker","floor":37,"turns":2},{"damage":6,"enemies":"3 Darklings","floor":38,"turns":2},{"damage":19,"enemies":"Giant Head","floor":40,"turns":5},{"damage":9,"enemies":"Spire Growth","floor":41,"turns":3},{"damage":44,"enemies":"Nemesis","floor":42,"turns":5},{"damage":7,"enemies":"Reptomancer","floor":44,"turns":3},{"damage":6,"enemies":"Giant Head","floor":46,"turns":4},{"damage":6,"enemies":"Sphere and 2 Shapes","floor":47,"turns":1},{"damage":6,"enemies":"Transient","floor":48,"turns":5},{"damage":36,"enemies":"Time Eater","floor":50,"turns":7},{"damage":6,"enemies":"Shield and Spear","floor":54,"turns":2},{"damage":16,"enemies":"The Heart","floor":55,"turns":5}],"seed_played":"-7894245601099875527","potions_obtained":[{"floor":8,"key":"EssenceOfSteel"},{"floor":16,"key":"Dexterity Potion"},{"floor":18,"key":"SneckoOil"},{"floor":20,"key":"Explosive Potion"},{"floor":22,"key":"FearPotion"},{"floor":23,"key":"Explosive Potion"},{"floor":33,"key":"SkillPotion"},{"floor":35,"key":"Poison Potion"},{"floor":37,"key":"Poison Potion"},{"floor":41,"key":"BloodPotion"},{"floor":47,"key":"GamblersBrew"}],"is_trial":false,"path_per_floor":["M","M","?","M","M","R","E","M","T","?","E","M","$","?","R","B",null,"M","?","M","?","M","E","$","R","T","R","E","?","M","E","R","B",null,"M","?","M","M","$","E","M","E","T","E","R","E","M","M","R","B",null,"R","$","E","B",null],"character_chosen":"IRONCLAD","items_purchased":["Gremlin Horn","Brimstone","Sword Boomerang","Chemical X","Whirlwind","DollysMirror","Whirlwind"],"campfire_rested":1,"item_purchase_floors":[13,13,13,24,24,39,53],"current_hp_per_floor":[88,88,88,88,85,85,67,65,65,70,61,53,53,53,53,27,100,100,100,80,60,63,57,57,57,57,88,85,85,83,82,82,79,105,105,105,108,108,108,98,101,69,69,79,79,85,91,97,97,73,111,111,111,111,104],"gold":59,"neow_bonus":"TEN_PERCENT_HP_BONUS","is_prod":false,"is_daily":false,"chose_seed":false,"campfire_upgraded":6,"win_rate":0,"timestamp":1551001268,"path_taken":["M","M","?","M","M","R","E","M","T","?","E","M","$","?","R","BOSS","M","?","M","?","M","E","$","R","T","R","E","?","?","E","R","BOSS","M","?","M","M","$","E","M","E","T","E","R","E","M","M","R","BOSS","R","$","E","BOSS"],"build_version":"2019-01-23","purchased_purges":2,"victory":true,"max_hp_per_floor":[88,88,88,88,88,88,95,95,95,100,100,100,100,100,100,100,100,100,100,100,105,105,105,105,105,105,105,105,105,105,105,105,105,105,105,105,108,108,108,108,108,108,108,111,111,111,111,111,111,111,111,111,111,111,111],"card_choices":[{"not_picked":["Anger","Pommel Strike"],"picked":"Clothesline","floor":1},{"not_picked":["Havoc","Anger"],"picked":"Shrug It Off","floor":2},{"not_picked":["Bloodletting","Body Slam"],"picked":"Intimidate","floor":4},{"not_picked":["Sentinel","Dark Embrace"],"picked":"Uppercut","floor":5},{"not_picked":["Armaments","Searing Blow"],"picked":"Battle Trance","floor":7},{"not_picked":["Anger","Flex"],"picked":"Iron Wave","floor":8},{"not_picked":["Heavy Blade","Flex"],"picked":"Metallicize","floor":11},{"not_picked":["Anger","Infernal Blade"],"picked":"Offering","floor":12},{"not_picked":["Bludgeon","Berserk"],"picked":"Immolate","floor":16},{"not_picked":["Body Slam","Armaments","Rupture"],"picked":"SKIP","floor":18},{"not_picked":["Pommel Strike","Heavy Blade"],"picked":"Sword Boomerang+1","floor":20},{"not_picked":["Ghostly Armor","True Grit","Anger"],"picked":"SKIP","floor":22},{"not_picked":["Seeing Red+1","Fire Breathing+1"],"picked":"Armaments","floor":23},{"not_picked":["Double Tap","Anger"],"picked":"Sword Boomerang","floor":28},{"not_picked":["Infernal Blade","Cleave"],"picked":"Disarm+1","floor":30},{"not_picked":["Fire Breathing","Bloodletting","Pommel Strike"],"picked":"SKIP","floor":31},{"not_picked":["Impervious","Dark Embrace"],"picked":"Feed","floor":33},{"not_picked":["Headbutt","Wild Strike"],"picked":"Sword Boomerang+1","floor":35},{"not_picked":["Carnage","Anger","Spot Weakness"],"picked":"SKIP","floor":37},{"not_picked":["Thunderclap","Havoc+1"],"picked":"Corruption+1","floor":38},{"not_picked":["Corruption","Body Slam","Clash"],"picked":"SKIP","floor":40},{"not_picked":["Blood for Blood","Flame Barrier"],"picked":"Shrug It Off","floor":41},{"not_picked":["Clash+1","Twin Strike"],"picked":"Shrug It Off+1","floor":42},{"not_picked":["Flex","Warcry","Barricade"],"picked":"SKIP","floor":44},{"not_picked":["Rupture","Warcry","Searing Blow+1"],"picked":"SKIP","floor":46},{"not_picked":["Infernal Blade","True Grit"],"picked":"Pummel+1","floor":47},{"not_picked":["Shockwave","Iron Wave"],"picked":"Shrug It Off","floor":48},{"not_picked":["Dual Wield+1","Sword Boomerang"],"picked":"Sentinel","floor":54}],"player_experience":998707,"relics_obtained":[{"floor":7,"key":"Strawberry"},{"floor":9,"key":"Old Coin"},{"floor":11,"key":"Magic Flower"},{"floor":23,"key":"Mercury Hourglass"},{"floor":28,"key":"Blood Vial"},{"floor":31,"key":"Shuriken"},{"floor":40,"key":"Dead Branch"},{"floor":42,"key":"Incense Burner"},{"floor":43,"key":"Happy Flower"},{"floor":44,"key":"Bottled Lightning"},{"floor":46,"key":"Bottled Tornado"},{"floor":54,"key":"Dodecahedron"}],"event_choices":[{"damage_healed":0,"gold_gain":0,"player_choice":"Leave","damage_taken":0,"max_hp_gain":0,"max_hp_loss":0,"event_name":"The Cleric","floor":3,"gold_loss":0},{"damage_healed":0,"gold_gain":0,"player_choice":"Donut","damage_taken":0,"max_hp_gain":5,"max_hp_loss":0,"event_name":"Big Fish","floor":10,"gold_loss":0},{"damage_healed":0,"gold_gain":76,"player_choice":"Gained Gold","damage_taken":0,"max_hp_gain":0,"max_hp_loss":0,"event_name":"Golden Wing","floor":14,"gold_loss":0},{"damage_healed":0,"gold_gain":0,"player_choice":"Simplicity","damage_taken":0,"max_hp_gain":0,"max_hp_loss":0,"event_name":"Back to Basics","floor":19,"gold_loss":0,"cards_upgraded":["Strike_R","Strike_R","Strike_R","Strike_R","Strike_R","Defend_R","Defend_R","Defend_R","Defend_R"]},{"damage_healed":0,"gold_gain":0,"player_choice":"Shed Blood","damage_taken":25,"max_hp_gain":5,"max_hp_loss":0,"event_name":"Forgotten Altar","floor":21,"gold_loss":0},{"damage_healed":0,"gold_gain":0,"player_choice":"Upgraded","damage_taken":0,"max_hp_gain":0,"max_hp_loss":0,"event_name":"Upgrade Shrine","floor":29,"gold_loss":0,"cards_upgraded":["Whirlwind"]},{"cards_removed":["Defend_R"],"damage_healed":0,"gold_gain":0,"player_choice":"Removed Skill","damage_taken":0,"max_hp_gain":0,"max_hp_loss":0,"event_name":"Falling","floor":36,"gold_loss":0}],"is_beta":false,"boss_relics":[{"not_picked":["Runic Pyramid","Calling Bell"],"picked":"Cursed Key"},{"not_picked":["Tiny House","Empty Cage"],"picked":"Mark of Pain"}],"items_purged_floors":[39,53],"is_endless":false,"potions_floor_spawned":[8,16,18,20,22,23,33,35,37,38,41,47],"ascension_level":3}