{"gold_per_floor":[114,114,135,85,85,129,129,145,170,17,17,192,19,33,33,156,156,172,196,210,228,228,228,143,143,143,143,177,195,154,167,167,167],"floor_reached":33,"playtime":2161,"items_purged":[],"score":265,"play_id":"04fa452d-aecc-4974-9a11-872cb0903d2d","local_time":"20190225005413","is_ascension_mode":false,"campfire_choices":[{"data":"Searing Blow","floor":7,"key":"SMITH"},{"data":"Flame Barrier","floor":11,"key":"SMITH"},{"data":"Pommel Strike","floor":15,"key":"SMITH"},{"floor":23,"key":"REST"},{"floor":25,"key":"REST"},{"data":"Bash","floor":27,"key":"SMITH"},{"floor":32,"key":"REST"}],"neow_cost":"NONE","seed_source_timestamp":1075954051402834,"circlet_count":0,"master_deck":["Strike_R","Strike_R","Strike_R","Strike_R","Defend_R","Defend_R","Defend_R","Defend_R","Bash+1","Flame Barrier+1","Searing Blow+1","Twin Strike","Seeing Red","Dark Embrace","Doubt","Anger","Pommel Strike+1","Juggernaut","Cleave","Disarm","Clothesline+1","Pommel Strike","Writhe","Whirlwind+1","Hemokinesis+1","Shrug It Off+1","Pummel","Fire Breathing","Dropkick"],"relics":["Burning Blood","Golden Idol","Art of War","Oddly Smooth Stone","PreservedInsect","Bronze Scales","Juzu Bracelet","White Beast Statue","Dream Catcher","Peace Pipe","Boot"],"potions_floor_usage":[16,16,16,20,29,29,29,29,29,29],"damage_taken":[{"damage":0,"enemies":"Small Slimes","floor":1,"turns":4},{"damage":7,"enemies":"Jaw Worm","floor":3,"turns":5},{"damage":34,"enemies":"Gremlin Nob","floor":6,"turns":4},{"damage":2,"enemies":"Cultist","floor":8,"turns":4},{"damage":3,"enemies":"Blue Slaver","floor":14,"turns":3},{"damage":46,"enemies":"Hexaghost","floor":16,"turns":12},{"damage":10,"enemies":"Chosen","floor":18,"turns":5},{"damage":16,"enemies":"Spheric Guardian","floor":19,"turns":4},{"damage":38,"enemies":"Snake Plant","floor":20,"turns":3},{"damage":25,"enemies":"Chosen and Byrds","floor":21,"turns":6},{"damage":45,"enemies":"Book of Stabbing","floor":28,"turns":5},{"damage":25,"enemies":"3 Cultists","floor":29,"turns":5},{"damage":9,"enemies":"Snake Plant","floor":31,"turns":4},{"damage":43,"enemies":"Collector","floor":33,"turns":3}],"seed_played":"-5595435067658439623","potions_obtained":[{"floor":1,"key":"Dexterity Potion"},{"floor":3,"key":"Weak Potion"},{"floor":6,"key":"Weak Potion"},{"floor":16,"key":"Poison Potion"},{"floor":18,"key":"BloodPotion"},{"floor":19,"key":"Strength Potion"},{"floor":20,"key":"GamblersBrew"},{"floor":21,"key":"EntropicBrew"},{"floor":29,"key":"SmokeBomb"},{"floor":31,"key":"Ancient Potion"}],"is_trial":false,"path_per_floor":["?","?","?","M","?","$","?","?"],"character_chosen":"IRONCLAD","items_purchased":["Bronze Scales","Juzu Bracelet","Anger","Pummel"],"campfire_rested":3,"item_purchase_floors":[10,13,13,30],"current_hp_per_floor":[80,80,79,79,79,51,51,55,55,55,55,55,55,58,58,18,80,76,66,34,15,15,39,39,63,63,63,24,13,13,10,34,0],"gold":167,"neow_bonus":"TRANSFORM_CARD","is_prod":false,"is_daily":false,"chose_seed":false,"campfire_upgraded":4,"win_rate":0.0,"timestamp":1551030853,"path_taken":["M","?","M","?","?","E","R","?","T","$","R","?","?","M","R","BOSS","M","M","M","M","?","R","?","R","T","R","E","M","$","M","R","BOSS"],"build_version":"2019-01-23","purchased_purges":0,"victory":false,"max_hp_per_floor":[80,80,80,80,80,80,80,80,80,80,80,80,80,80,80,80,80,80,80,80,80,80,80,80,80,80,80,80,80,80,80,80,80],"card_choices":[{"not_picked":["Sever Soul","Warcry"],"picked":"Searing Blow","floor":1},{"not_picked":["Wild Strike","Shrug It Off"],"picked":"Twin Strike","floor":3},{"not_picked":["Sword Boomerang","Dual Wield"],"picked":"Seeing Red","floor":6},{"not_picked":["Power Through","Pommel Strike"],"picked":"Dark Embrace","floor":8},{"not_picked":["Searing Blow","Perfected Strike"],"picked":"Pommel Strike","floor":14},{"not_picked":["Brutality","Fiend Fire"],"picked":"Juggernaut","floor":16},{"not_picked":["Clothesline","Whirlwind"],"picked":"Cleave","floor":18},{"not_picked":["Pummel","Headbutt"],"picked":"Disarm","floor":19},{"not_picked":["Perfected Strike","Flex+1"],"picked":"Clothesline+1","floor":20},{"not_picked":["Power Through","Flex"],"picked":"Pommel Strike","floor":21},{"not_picked":["Clash","Searing Blow"],"picked":"Whirlwind+1","floor":25},{"not_picked":["True Grit","Shrug It Off"],"picked":"Hemokinesis+1","floor":28},{"not_picked":["Hemokinesis","Fire Breathing"],"picked":"Shrug It Off+1","floor":29},{"not_picked":["Intimidate","Clothesline"],"picked":"Fire Breathing","floor":31},{"not_picked":["Pommel Strike+1","Wild Strike+1"],"picked":"Dropkick","floor":32}],"player_experience":203557,"relics_obtained":[{"floor":6,"key":"Oddly Smooth Stone"},{"floor":9,"key":"PreservedInsect"},{"floor":26,"key":"Peace Pipe"},{"floor":28,"key":"Boot"}],"event_choices":[{"damage_healed":0,"gold_gain":0,"player_choice":"Take Wound","damage_taken":0,"relics_obtained":["Golden Idol"],"max_hp_gain":0,"max_hp_loss":0,"event_name":"Golden Idol","floor":2,"gold_loss":0,"cards_obtained":["Injury"]},{"cards_removed":["Injury"],"damage_healed":0,"gold_gain":0,"player_choice":"Card Removal","damage_taken":0,"max_hp_gain":0,"max_hp_loss":0,"event_name":"The Cleric","floor":4,"gold_loss":50},{"damage_healed":0,"gold_gain":0,"player_choice":"Box","damage_taken":0,"relics_obtained":["Art of War"],"max_hp_gain":0,"max_hp_loss":0,"event_name":"Big Fish","floor":5,"gold_loss":0,"cards_obtained":["Regret"]},{"damage_healed":0,"gold_gain":175,"player_choice":"AGREE","damage_taken":0,"max_hp_gain":0,"max_hp_loss":0,"event_name":"Liars Game","floor":12,"gold_loss":0,"cards_obtained":["Doubt"]},{"damage_healed":0,"gold_gain":0,"cards_transformed":["Regret"],"player_choice":"Transformed","damage_taken":0,"max_hp_gain":0,"max_hp_loss":0,"event_name":"Transmorgrifier","floor":22,"gold_loss":0,"cards_obtained":["Writhe"]},{"damage_healed":0,"gold_gain":0,"player_choice":"Obtained Relic","damage_taken":0,"relics_obtained":["Dream Catcher"],"max_hp_gain":0,"max_hp_loss":0,"event_name":"Addict","floor":24,"gold_loss":85}],"is_beta":false,"boss_relics":[{"not_picked":["Velvet Choker","Coffee Dripper"],"picked":"White Beast Statue"}],"items_purged_floors":[],"is_endless":false,"potions_floor_spawned":[1,3,6,16,18,19,20,21,28,29,31],"killed_by":"Collector","ascension_level":0}