{"gold_per_floor":[118,129,129,143,161,192,212,246,246,246,246,64,81,98,98,201,201,218,218,218,231,231,259,259,320,370,387,387,407,407,427,427,427],"floor_reached":33,"playtime":3318,"items_purged":[],"score":324,"play_id":"1651fd25-4da9-4277-89fa-34fcdc62e2df","local_time":"20190228011726","is_ascension_mode":false,"campfire_choices":[{"data":"Armaments","floor":10,"key":"SMITH"},{"floor":15,"key":"REST"},{"floor":24,"key":"REST"},{"floor":30,"key":"REST"},{"data":"Flame Barrier","floor":32,"key":"SMITH"}],"neow_cost":"NONE","seed_source_timestamp":1335394122119878,"circlet_count":0,"master_deck":["Strike_R+1","Strike_R","Strike_R","Strike_R","Strike_R+1","Defend_R","Defend_R","Defend_R","Defend_R","Bash+1","Perfected Strike","Armaments+1","Body Slam+1","Clash","Perfected Strike","Flame Barrier+1","Bloodletting","Twin Strike","Swift Strike","Rupture","Hemokinesis","Body Slam","Impervious","Sword Boomerang+1","RitualDagger","Bash","Body Slam","Swift Strike","Iron Wave","Writhe","Headbutt","Shrug It Off+1","Cleave+1","Second Wind+1","Headbutt"],"relics":["Burning Blood","Whetstone","Bag of Preparation","Mercury Hourglass","Black Star","Matryoshka","Ancient Tea Set","Bottled Flame","Tiny Chest","Strawberry","Juzu Bracelet","Vajra","Blood Vial","Bottled Tornado"],"potions_floor_usage":[6,8,16,23,33,33],"damage_taken":[{"damage":6,"enemies":"Cultist","floor":1,"turns":3},{"damage":0,"enemies":"2 Louse","floor":2,"turns":3},{"damage":3,"enemies":"Jaw Worm","floor":4,"turns":3},{"damage":10,"enemies":"Looter","floor":5,"turns":3},{"damage":16,"enemies":"3 Sentries","floor":6,"turns":6},{"damage":3,"enemies":"2 Fungi Beasts","floor":7,"turns":3},{"damage":13,"enemies":"Lagavulin","floor":8,"turns":5},{"damage":4,"enemies":"Large Slime","floor":13,"turns":2},{"damage":8,"enemies":"Exordium Thugs","floor":14,"turns":4},{"damage":17,"enemies":"The Guardian","floor":16,"turns":7},{"damage":3,"enemies":"2 Thieves","floor":18,"turns":3},{"damage":5,"enemies":"Spheric Guardian","floor":21,"turns":3},{"damage":36,"enemies":"Book of Stabbing","floor":23,"turns":6},{"damage":35,"enemies":"Slavers","floor":25,"turns":5},{"damage":12,"enemies":"Chosen and Byrds","floor":27,"turns":5},{"damage":5,"enemies":"Cultist and Chosen","floor":29,"turns":4},{"damage":12,"enemies":"Centurion and Healer","floor":31,"turns":3},{"damage":69,"enemies":"Champ","floor":33,"turns":13}],"seed_played":"-2687685872041564022","potions_obtained":[{"floor":0,"key":"SneckoOil"},{"floor":0,"key":"EssenceOfSteel"},{"floor":0,"key":"EssenceOfSteel"},{"floor":7,"key":"Energy Potion"},{"floor":18,"key":"Ancient Potion"},{"floor":21,"key":"Swift Potion"},{"floor":31,"key":"Block Potion"}],"is_trial":false,"path_per_floor":["?","?","M","?","?","M","?","T"],"character_chosen":"IRONCLAD","items_purchased":["Twin Strike","Swift Strike","Rupture"],"campfire_rested":3,"item_purchase_floors":[12,12,12],"current_hp_per_floor":[80,80,64,67,63,53,56,49,49,49,49,49,51,49,73,62,80,80,74,74,75,75,45,69,47,47,41,41,44,70,66,66,0],"gold":427,"neow_bonus":"THREE_SMALL_POTIONS","is_prod":false,"is_daily":false,"chose_seed":false,"campfire_upgraded":2,"win_rate":0.0,"timestamp":1551291446,"path_taken":["M","M","?","M","M","E","M","E","T","R","?","$","?","M","R","BOSS","M","?","?","?","?","E","R","E","T","M","?","M","R","M","R","BOSS"],"build_version":"2019-01-23","purchased_purges":0,"victory":false,"max_hp_per_floor":[80,80,80,80,80,80,80,80,80,80,80,80,80,80,80,80,80,80,80,80,80,80,80,80,87,87,87,87,87,87,87,87,87],"card_choices":[{"not_picked":["Dark Embrace","Disarm"],"picked":"Perfected Strike","floor":1},{"not_picked":["Perfected Strike","Dropkick"],"picked":"Armaments","floor":2},{"not_picked":["Flex","Wild Strike"],"picked":"Body Slam","floor":4},{"not_picked":["Havoc","Sever Soul"],"picked":"Clash","floor":5},{"not_picked":["Clothesline","Pummel"],"picked":"Perfected Strike","floor":6},{"not_picked":["Pummel","Sword Boomerang"],"picked":"Flame Barrier","floor":7},{"not_picked":["Pommel Strike","Intimidate"],"picked":"Bloodletting","floor":8},{"not_picked":["Corruption","Sentinel"],"picked":"Hemokinesis","floor":13},{"not_picked":["Blood for Blood","Evolve"],"picked":"Body Slam","floor":14},{"not_picked":["Reaper","Demon Form"],"picked":"Impervious","floor":16},{"not_picked":["Clash+1","Burning Pact+1"],"picked":"Sword Boomerang+1","floor":18},{"not_picked":["Corruption","Clash"],"picked":"Iron Wave","floor":21},{"not_picked":["Bloodletting","Anger+1"],"picked":"Headbutt","floor":23},{"not_picked":["Armaments","Seeing Red+1"],"picked":"Shrug It Off+1","floor":25},{"not_picked":["Dropkick","Pummel"],"picked":"Cleave+1","floor":27},{"not_picked":["Fiend Fire","Twin Strike+1"],"picked":"Second Wind+1","floor":29},{"not_picked":["Spot Weakness","Havoc"],"picked":"Headbutt","floor":31}],"player_experience":222916,"relics_obtained":[{"floor":6,"key":"Whetstone"},{"floor":8,"key":"Bag of Preparation"},{"floor":9,"key":"Mercury Hourglass"},{"floor":23,"key":"Ancient Tea Set"},{"floor":23,"key":"Bottled Flame"},{"floor":25,"key":"Tiny Chest"},{"floor":25,"key":"Strawberry"},{"floor":26,"key":"Juzu Bracelet"},{"floor":26,"key":"Vajra"},{"floor":28,"key":"Blood Vial"},{"floor":28,"key":"Bottled Tornado"}],"event_choices":[{"damage_healed":0,"gold_gain":0,"player_choice":"Entered Light","damage_taken":16,"max_hp_gain":0,"max_hp_loss":0,"event_name":"Shining Light","floor":3,"gold_loss":0,"cards_upgraded":["Strike_R","Strike_R"]},{"damage_healed":0,"gold_gain":0,"player_choice":"Ignored","damage_taken":0,"max_hp_gain":0,"max_hp_loss":0,"event_name":"Purifier","floor":11,"gold_loss":0},{"damage_healed":0,"gold_gain":0,"player_choice":"Joined the Cult","damage_taken":6,"max_hp_gain":0,"max_hp_loss":0,"event_name":"Nest","floor":19,"gold_loss":0,"cards_obtained":["RitualDagger"]},{"damage_healed":0,"gold_gain":0,"player_choice":"3 cards matched","damage_taken":0,"max_hp_gain":0,"max_hp_loss":0,"event_name":"Match and Keep!","floor":20,"gold_loss":0,"cards_obtained":["Bash","Body Slam","Swift Strike"]},{"damage_healed":0,"gold_gain":0,"player_choice":"Opened","damage_taken":0,"relics_obtained":["Matryoshka"],"max_hp_gain":0,"max_hp_loss":0,"event_name":"The Mausoleum","floor":22,"gold_loss":0,"cards_obtained":["Writhe"]}],"is_beta":false,"boss_relics":[{"not_picked":["Runic Dome","Coffee Dripper"],"picked":"Black Star"}],"items_purged_floors":[],"is_endless":false,"potions_floor_spawned":[2,4,5,7,18,21,31],"killed_by":"Champ","ascension_level":0}