{"gold_per_floor":[13,13,13,28,98,98,112,112,137,154,154,186,202,221,221,221],"floor_reached":16,"playtime":641,"items_purged":[],"score":204,"play_id":"355fb86e-0b69-42a8-a197-9fa778f682c2","local_time":"20190301130049","is_ascension_mode":true,"campfire_choices":[{"data":"Neutralize","floor":6,"key":"SMITH"},{"data":"Prepared","floor":8,"key":"SMITH"},{"data":"Deadly Poison","floor":15,"key":"SMITH"}],"neow_cost":"NO_GOLD","seed_source_timestamp":7743290927569,"circlet_count":0,"master_deck":["AscendersBane","Defend_G","Defend_G","Defend_G","Defend_G","Defend_G","Strike_G","Strike_G","Strike_G","Strike_G","Survivor","Neutralize+1","PiercingWail","Quick Slash","Prepared+1","Deadly Poison+1","Caltrops","Cloak And Dagger","Dagger Spray"],"relics":["Ring of the Snake","Tingsha","Singing Bowl","Juzu Bracelet","Paper Crane"],"potions_floor_usage":[12,16],"damage_taken":[{"damage":1,"enemies":"Cultist","floor":1,"turns":4},{"damage":1,"enemies":"Jaw Worm","floor":4,"turns":9},{"damage":0,"enemies":"Small Slimes","floor":7,"turns":3},{"damage":1,"enemies":"Red Slaver","floor":10,"turns":5},{"damage":24,"enemies":"Gremlin Nob","floor":12,"turns":4},{"damage":4,"enemies":"Exordium Thugs","floor":13,"turns":4},{"damage":3,"enemies":"Looter","floor":14,"turns":3},{"damage":19,"enemies":"Hexaghost","floor":16,"turns":7}],"seed_played":"3769168970819389306","potions_obtained":[{"floor":10,"key":"Swift Potion"},{"floor":11,"key":"Weak Potion"},{"floor":14,"key":"Ancient Potion"}],"is_trial":false,"path_per_floor":["M","?","?","M","T","R","M","R","T","M","?","E","M","M","R","B"],"character_chosen":"THE_SILENT","items_purchased":[],"campfire_rested":0,"item_purchase_floors":[],"current_hp_per_floor":[58,58,51,50,50,50,50,50,50,49,49,25,21,18,18,0],"gold":221,"neow_bonus":"ONE_RARE_RELIC","is_prod":false,"is_daily":false,"chose_seed":false,"campfire_upgraded":3,"win_rate":0,"timestamp":1551398449,"path_taken":["M","?","?","M","?","R","M","R","T","M","?","E","M","M","R","BOSS"],"build_version":"2019-01-23","purchased_purges":0,"victory":false,"max_hp_per_floor":[66,66,66,66,66,66,66,66,66,66,66,66,66,66,66,66],"card_choices":[{"not_picked":["Bane","Quick Slash"],"picked":"PiercingWail","floor":1},{"not_picked":["Heel Hook","Backflip"],"picked":"Quick Slash","floor":4},{"not_picked":["Slice","Blur"],"picked":"Prepared","floor":7},{"not_picked":["Sucker Punch","Accuracy"],"picked":"Deadly Poison","floor":10},{"not_picked":["Underhanded Strike","Slice"],"picked":"Caltrops","floor":12},{"not_picked":["Wraith Form v2","Blade Dance"],"picked":"Cloak And Dagger","floor":13},{"not_picked":["Flying Knee","PiercingWail"],"picked":"Dagger Spray","floor":14}],"player_experience":512093,"relics_obtained":[{"floor":5,"key":"Singing Bowl"},{"floor":9,"key":"Juzu Bracelet"},{"floor":12,"key":"Paper Crane"}],"event_choices":[{"damage_healed":0,"gold_gain":0,"player_choice":"Ignored","damage_taken":0,"max_hp_gain":0,"max_hp_loss":0,"event_name":"Shining Light","floor":2,"gold_loss":0},{"cards_removed":["Strike_G"],"damage_healed":0,"gold_gain":0,"player_choice":"Card Removal","damage_taken":7,"max_hp_gain":0,"max_hp_loss":0,"event_name":"Golden Wing","floor":3,"gold_loss":0},{"damage_healed":0,"gold_gain":0,"player_choice":"Got Potions","damage_taken":0,"max_hp_gain":0,"max_hp_loss":0,"event_name":"Lab","floor":11,"gold_loss":0}],"is_beta":false,"boss_relics":[],"items_purged_floors":[],"is_endless":false,"potions_floor_spawned":[10,14],"killed_by":"Hexaghost","ascension_level":20}