{"gold_per_floor":[119,119,119,132,382,411,422,5,5,5,80,90,152,21,21,117,117,136,136,149,25,35,69,69,97,97,116,116,133,133,159,159,159],"floor_reached":33,"playtime":5387,"items_purged":["Regret"],"score":283,"play_id":"b3fa2d09-92a5-4951-876d-bd5379b15610","local_time":"20180709024649","is_ascension_mode":false,"campfire_choices":[{"data":"Double Tap","floor":10,"key":"SMITH"},{"floor":15,"key":"REST"},{"floor":24,"key":"REST"},{"floor":28,"key":"REST"},{"data":"Armaments","floor":30,"key":"SMITH"},{"data":"Deep Breath","floor":32,"key":"SMITH"}],"neow_cost":"NONE","seed_source_timestamp":49925293057872,"circlet_count":0,"master_deck":["Strike_R+1","Strike_R+1","Strike_R+1","Strike_R+1","Strike_R+1","Defend_R+1","Defend_R+1","Defend_R+1","Bash","Double Tap+1","Clash","Pommel Strike","Carnage","Sentinel","Thinking Ahead","Headbutt","Deep Breath+1","Iron Wave","Armaments+1","Corruption","Shockwave","Warcry","Bludgeon","Metallicize","Seeing Red+1","Blood for Blood","True Grit","Uppercut","Havoc","Rampage+1"],"relics":["Burning Blood","Torii","Question Card","Bottled Flame","Busted Crown","Regal Pillow","Darkstone Periapt","Singing Bowl","Vajra"],"potions_floor_usage":[16,16,16,18,23,33,33],"damage_taken":[{"damage":6,"enemies":"Jaw Worm","floor":1,"turns":6},{"damage":6,"enemies":"2 Louse","floor":4,"turns":2},{"damage":28,"enemies":"3 Sentries","floor":6,"turns":8},{"damage":0,"enemies":"Small Slimes","floor":7,"turns":2},{"damage":8,"enemies":"Blue Slaver","floor":12,"turns":3},{"damage":9,"enemies":"3 Sentries","floor":13,"turns":5},{"damage":30,"enemies":"The Guardian","floor":16,"turns":9},{"damage":30,"enemies":"2 Thieves","floor":18,"turns":3},{"damage":0,"enemies":"Chosen","floor":20,"turns":3},{"damage":7,"enemies":"Snecko","floor":22,"turns":4},{"damage":37,"enemies":"Book of Stabbing","floor":23,"turns":6},{"damage":32,"enemies":"Gremlin Leader","floor":25,"turns":6},{"damage":11,"enemies":"Slaver and Parasite","floor":27,"turns":4},{"damage":11,"enemies":"Sentry and Sphere","floor":29,"turns":4},{"damage":74,"enemies":"Automaton","floor":33,"turns":8}],"seed_played":"-4663383238870294387","potions_obtained":[{"floor":1,"key":"LiquidBronze"},{"floor":13,"key":"Energy Potion"},{"floor":13,"key":"Fire Potion"},{"floor":16,"key":"SkillPotion"},{"floor":20,"key":"AttackPotion"},{"floor":25,"key":"Weak Potion"},{"floor":29,"key":"LiquidBronze"}],"is_trial":false,"path_per_floor":["M","?","?","M","?","E","M","$","T","R","?","M","?","$","R","B",null,"M","?","M","$","M","E","R","E","T","M","R","M","R","T","R"],"character_chosen":"IRONCLAD","items_purchased":["Thinking Ahead","Headbutt","Deep Breath","Iron Wave","Shockwave","Warcry","Blood for Blood","True Grit"],"campfire_rested":3,"item_purchase_floors":[8,8,8,8,14,14,21,21],"current_hp_per_floor":[80,73,73,73,73,51,57,57,57,57,46,44,41,41,65,41,80,56,56,62,62,61,30,69,43,43,40,79,74,74,74,74,0],"gold":159,"neow_bonus":"ONE_RANDOM_RARE_CARD","is_prod":false,"is_daily":false,"chose_seed":false,"campfire_upgraded":3,"win_rate":0.0,"timestamp":1531118809,"path_taken":["M","?","?","M","?","E","?","$","T","R","?","M","?","$","R","BOSS","M","?","M","$","?","E","R","E","T","M","R","M","R","?","R","BOSS"],"build_version":"2018-07-05","purchased_purges":1,"victory":false,"max_hp_per_floor":[80,80,80,80,80,80,80,80,80,80,80,80,80,80,80,80,80,80,80,80,80,80,80,80,80,80,82,82,82,82,82,82,82],"card_choices":[{"not_picked":["Disarm","Flex"],"picked":"Clash","floor":1},{"not_picked":["Sever Soul","Sentinel"],"picked":"Pommel Strike","floor":4},{"not_picked":["Metallicize","Body Slam"],"picked":"Carnage","floor":6},{"not_picked":["Thunderclap","Anger"],"picked":"Sentinel","floor":7},{"not_picked":["Corruption","Searing Blow","Cleave"],"picked":"Armaments","floor":12},{"not_picked":["Ghostly Armor","Flex","Flame Barrier"],"picked":"Corruption","floor":13},{"not_picked":["Berserk","Offering","Reaper"],"picked":"Bludgeon","floor":16},{"not_picked":["Armaments"],"picked":"Metallicize","floor":18},{"not_picked":["Body Slam"],"picked":"Seeing Red+1","floor":20},{"not_picked":["Shrug It Off","Uppercut"],"picked":"SKIP","floor":22},{"not_picked":["Pommel Strike"],"picked":"Uppercut","floor":23},{"not_picked":["Armaments+1"],"picked":"Havoc","floor":25},{"not_picked":["Wild Strike","Flex"],"picked":"Singing Bowl","floor":27},{"not_picked":["Battle Trance+1"],"picked":"Rampage+1","floor":29}],"player_experience":109013,"relics_obtained":[{"floor":6,"key":"Torii"},{"floor":9,"key":"Question Card"},{"floor":13,"key":"Bottled Flame"},{"floor":23,"key":"Regal Pillow"},{"floor":25,"key":"Darkstone Periapt"},{"floor":26,"key":"Singing Bowl"},{"floor":31,"key":"Vajra"}],"event_choices":[{"event_name":"Golden Wing","player_choice":"Card Removal","floor":2,"damage_taken":0},{"event_name":"Match and Keep!","player_choice":"0 cards matched","floor":3,"damage_taken":0},{"event_name":"Golden Shrine","player_choice":"Desecrate","floor":5,"damage_taken":0},{"event_name":"World of Goop","player_choice":"Gather Gold","floor":11,"damage_taken":0},{"event_name":"Dead Adventurer","player_choice":"Searched \u00271\u0027 times","floor":13,"damage_taken":0},{"event_name":"Back to Basics","player_choice":"Simplicity","floor":19,"damage_taken":0}],"boss_relics":[{"not_picked":["Runic Cube","Eternal Feather"],"picked":"Busted Crown"}],"items_purged_floors":[8],"is_endless":false,"potions_floor_spawned":[1,13,13,16,20,25,29],"killed_by":"Automaton","ascension_level":0}