{"gold_per_floor":[216,216,233,243,260,260,287,287,287,10,20,52,7,17,17,96,96,115,126,142,142,152,152,162,173,173,1,1,1,17,76,76,154,154,169,169,169,169,169,169,200,200,226,226],"floor_reached":44,"playtime":2259,"items_purged":[],"score":1036,"play_id":"c3a4c2c9-eaf5-44f2-aa27-53d4e697e049","local_time":"20190224205401","is_ascension_mode":true,"campfire_choices":[{"data":"Bludgeon","floor":6,"key":"SMITH"},{"data":"Whirlwind","floor":8,"key":"SMITH"},{"data":"True Grit","floor":15,"key":"SMITH"},{"data":"Flame Barrier","floor":23,"key":"SMITH"},{"floor":29,"key":"REST"},{"floor":32,"key":"REST"},{"floor":40,"key":"RECALL"},{"data":"PanicButton","floor":42,"key":"SMITH"}],"neow_cost":"NONE","seed_source_timestamp":12908136293878,"circlet_count":0,"master_deck":["AscendersBane","Strike_R","Strike_R","Strike_R","Strike_R","Strike_R","Defend_R","Defend_R","Defend_R","Defend_R","Whirlwind+1","Bludgeon+1","Ghostly Armor","Headbutt","Flame Barrier","Offering","True Grit+1","Fiend Fire+1","Pommel Strike+1","Flame Barrier+1","Shrug It Off","Anger+1","Uppercut+1","Shrug It Off","Necronomicurse","Shrug It Off+1","Offering","PanicButton+1","Good Instincts"],"relics":["Burning Blood","Mercury Hourglass","Molten Egg 2","Gremlin Horn","The Courier","Runic Pyramid","CultistMask","Oddly Smooth Stone","Art of War","Necronomicon","Tiny Chest","Velvet Choker","Dream Catcher"],"potions_floor_usage":[12,12,16,18,33,41,44],"damage_taken":[{"damage":1,"enemies":"Cultist","floor":1,"turns":3},{"damage":9,"enemies":"Jaw Worm","floor":3,"turns":3},{"damage":14,"enemies":"Small Slimes","floor":4,"turns":3},{"damage":8,"enemies":"3 Louse","floor":5,"turns":2},{"damage":40,"enemies":"3 Sentries","floor":7,"turns":11},{"damage":10,"enemies":"Looter","floor":11,"turns":4},{"damage":8,"enemies":"Gremlin Nob","floor":12,"turns":3},{"damage":3,"enemies":"Blue Slaver","floor":14,"turns":2},{"damage":22,"enemies":"The Guardian","floor":16,"turns":13},{"damage":7,"enemies":"2 Thieves","floor":18,"turns":3},{"damage":14,"enemies":"Shell Parasite","floor":19,"turns":3},{"damage":13,"enemies":"Centurion and Healer","floor":20,"turns":4},{"damage":0,"enemies":"Cultist and Chosen","floor":22,"turns":3},{"damage":9,"enemies":"Snake Plant","floor":24,"turns":3},{"damage":0,"enemies":"Snecko","floor":25,"turns":4},{"damage":0,"enemies":"Centurion and Healer","floor":30,"turns":2},{"damage":15,"enemies":"Slavers","floor":31,"turns":2},{"damage":0,"enemies":"Collector","floor":33,"turns":5},{"damage":3,"enemies":"3 Shapes","floor":35,"turns":3},{"damage":2,"enemies":"Nemesis","floor":41,"turns":5},{"damage":91,"enemies":"Giant Head","floor":44,"turns":8}],"seed_played":"-6442403110964521235","potions_obtained":[{"floor":1,"key":"Strength Potion"},{"floor":5,"key":"SteroidPotion"},{"floor":12,"key":"FearPotion"},{"floor":18,"key":"Strength Potion"},{"floor":20,"key":"FearPotion"},{"floor":30,"key":"PowerPotion"},{"floor":33,"key":"Regen Potion"},{"floor":41,"key":"Weak Potion"}],"is_trial":false,"path_per_floor":["M","?","M","M","M","R","E","R","T","$","M","E","$","M","R","B",null,"M","M","M","?","M","R","M","M","T","$","?","R","M","E","R","B",null,"M","?","?","?","$","R","E","R","T","E"],"character_chosen":"IRONCLAD","items_purchased":["Gremlin Horn","Fire Potion","Art of War","Shrug It Off"],"campfire_rested":2,"item_purchase_floors":[10,13,27,27],"current_hp_per_floor":[73,73,70,62,60,60,26,26,26,26,22,20,20,23,23,7,58,57,49,42,42,48,48,45,51,51,51,30,52,58,49,71,75,75,75,75,65,65,65,65,75,75,75,0],"gold":226,"neow_bonus":"HUNDRED_GOLD","is_prod":false,"is_daily":false,"chose_seed":false,"campfire_upgraded":5,"win_rate":0,"timestamp":1550994841,"path_taken":["M","?","M","?","M","R","E","R","T","$","M","E","?","?","R","BOSS","M","M","?","?","?","R","M","M","T","$","?","R","M","E","R","BOSS","M","?","?","?","?","R","E","R","T","E"],"build_version":"2019-01-23","purchased_purges":0,"victory":false,"max_hp_per_floor":[75,75,75,75,75,75,75,75,75,75,75,75,75,75,75,75,75,75,75,75,75,75,75,75,75,75,75,75,75,75,75,75,75,75,75,75,75,75,75,75,75,75,75,75],"card_choices":[{"not_picked":["Reckless Charge","Havoc"],"picked":"Whirlwind","floor":1},{"not_picked":["Thunderclap","Sentinel","Body Slam"],"picked":"SKIP","floor":3},{"not_picked":["Thunderclap","Sentinel","Body Slam"],"picked":"SKIP","floor":3},{"not_picked":["Feel No Pain","Havoc"],"picked":"Ghostly Armor","floor":4},{"not_picked":["Perfected Strike","Thunderclap","Warcry"],"picked":"SKIP","floor":5},{"not_picked":["Combust","Entrench"],"picked":"Headbutt","floor":7},{"not_picked":["Battle Trance","Uppercut+1"],"picked":"Flame Barrier","floor":11},{"not_picked":["Warcry","Headbutt+1"],"picked":"Offering","floor":12},{"not_picked":["Havoc","Rupture"],"picked":"True Grit","floor":14},{"not_picked":["Brutality","Bludgeon+1"],"picked":"Fiend Fire+1","floor":16},{"not_picked":["Warcry","Wild Strike+1"],"picked":"Pommel Strike+1","floor":18},{"not_picked":["Anger+1","Burning Pact"],"picked":"Flame Barrier","floor":19},{"not_picked":["Second Wind","Body Slam+1"],"picked":"Shrug It Off","floor":20},{"not_picked":["Metallicize","Clash+1"],"picked":"Anger+1","floor":22},{"not_picked":["Havoc","Blood for Blood+1","Heavy Blade+1"],"picked":"SKIP","floor":24},{"not_picked":["Havoc","Blood for Blood+1","Heavy Blade+1"],"picked":"SKIP","floor":24},{"not_picked":["Searing Blow+1","Cleave+1"],"picked":"Uppercut+1","floor":25},{"not_picked":["Heavy Blade+1","Thunderclap+1","Blood for Blood+1"],"picked":"SKIP","floor":30},{"not_picked":["True Grit","Thunderclap+1"],"picked":"Shrug It Off+1","floor":31},{"not_picked":["Juggernaut","Brutality"],"picked":"Offering","floor":33},{"not_picked":["Thunderclap+1","Pommel Strike+1","Fire Breathing"],"picked":"SKIP","floor":35},{"not_picked":["Mind Blast+1","Chrysalis"],"picked":"PanicButton","floor":37},{"not_picked":["Deep Breath","Impatience"],"picked":"Good Instincts","floor":37},{"not_picked":["Cleave+1","Sever Soul+1","Havoc+1"],"picked":"SKIP","floor":41}],"player_experience":440482,"relics_obtained":[{"floor":7,"key":"Mercury Hourglass"},{"floor":9,"key":"Molten Egg 2"},{"floor":12,"key":"The Courier"},{"floor":26,"key":"Oddly Smooth Stone"},{"floor":28,"key":"Necronomicon"},{"floor":31,"key":"Tiny Chest"},{"floor":41,"key":"Dream Catcher"}],"event_choices":[{"damage_healed":0,"gold_gain":0,"player_choice":"1 cards matched","damage_taken":0,"max_hp_gain":0,"max_hp_loss":0,"event_name":"Match and Keep!","floor":2,"gold_loss":0,"cards_obtained":["Bludgeon"]},{"damage_healed":0,"gold_gain":0,"player_choice":"Trade","damage_taken":0,"relics_obtained":["CultistMask"],"max_hp_gain":0,"max_hp_loss":0,"event_name":"FaceTrader","floor":21,"gold_loss":0},{"damage_healed":0,"gold_gain":0,"player_choice":"Obtained Book","damage_taken":21,"max_hp_gain":0,"max_hp_loss":0,"event_name":"Cursed Tome","floor":28,"gold_loss":0},{"cards_removed":["Bash"],"damage_healed":0,"gold_gain":0,"player_choice":"Removed Attack","damage_taken":0,"max_hp_gain":0,"max_hp_loss":0,"event_name":"Falling","floor":36,"gold_loss":0},{"damage_healed":0,"gold_gain":0,"player_choice":"Memory 3","damage_taken":10,"max_hp_gain":0,"max_hp_loss":0,"event_name":"SensoryStone","floor":37,"gold_loss":0},{"damage_healed":0,"gold_gain":0,"player_choice":"Ignored","damage_taken":0,"max_hp_gain":0,"max_hp_loss":0,"event_name":"Tomb of Lord Red Mask","floor":38,"gold_loss":0}],"is_beta":false,"boss_relics":[{"not_picked":["Mark of Pain","Runic Dome"],"picked":"Runic Pyramid"},{"not_picked":["Eternal Feather","Runic Cube"],"picked":"Velvet Choker"}],"items_purged_floors":[],"is_endless":false,"potions_floor_spawned":[1,5,11,12,14,18,20,24,30,31,33,35,41],"killed_by":"Giant Head","ascension_level":20}