{"gold_per_floor":[114,134,144,162,174,207,207,207,207,382,413,413,424,424,424,529,529,529,469,135,135,135,135,135,135,135,135,135,135,21,21],"floor_reached":31,"playtime":1857,"items_purged":["Doubt"],"score":345,"play_id":"6204641a-b8a9-4fa8-8e51-9ceb1b35e9c1","local_time":"20190210005752","is_ascension_mode":true,"campfire_choices":[{"data":"Zap","floor":7,"key":"SMITH"},{"data":"Conserve Battery","floor":12,"key":"SMITH"},{"data":"Defend_B","floor":15,"key":"SMITH"},{"data":"Defend_B","floor":23,"key":"SMITH"}],"neow_cost":"NONE","seed_source_timestamp":48314656137916,"circlet_count":0,"master_deck":["Strike_B","Strike_B","Strike_B","Strike_B","Defend_B","Defend_B","Defend_B+1","Defend_B+1","Zap+1","Dualcast","Ball Lightning","Conserve Battery+1","Sweeping Beam+1","Steam","Ball Lightning+1","Thunder Strike","Steam Power+1","Reboot","Coolheaded+1","Undo+1","Scrape","Hologram+1","Reprogram","Rebound"],"relics":["Cracked Core","Bag of Preparation","Pantograph","The Courier","Bottled Flame","Ectoplasm","Whetstone","ClockworkSouvenir","Oddly Smooth Stone","War Paint","Centennial Puzzle","Regal Pillow"],"potions_floor_usage":[5,11,13,13,21,27,28,29],"damage_taken":[{"damage":0,"enemies":"2 Louse","floor":1,"turns":3},{"damage":13,"enemies":"Small Slimes","floor":2,"turns":3},{"damage":0,"enemies":"Cultist","floor":3,"turns":3},{"damage":10,"enemies":"Exordium Thugs","floor":4,"turns":4},{"damage":3,"enemies":"Blue Slaver","floor":5,"turns":3},{"damage":19,"enemies":"3 Sentries","floor":6,"turns":7},{"damage":25,"enemies":"Lagavulin","floor":11,"turns":6},{"damage":2,"enemies":"Gremlin Gang","floor":13,"turns":4},{"damage":79,"enemies":"Hexaghost","floor":16,"turns":10},{"damage":19,"enemies":"3 Byrds","floor":18,"turns":5},{"damage":21,"enemies":"2 Thieves","floor":19,"turns":4},{"damage":16,"enemies":"Snake Plant","floor":21,"turns":3},{"damage":21,"enemies":"Gremlin Leader","floor":24,"turns":6},{"damage":1,"enemies":"Cultist and Chosen","floor":25,"turns":5},{"damage":0,"enemies":"Snecko","floor":27,"turns":3},{"damage":0,"enemies":"Book of Stabbing","floor":28,"turns":6},{"damage":2,"enemies":"3 Cultists","floor":29,"turns":4},{"damage":11,"enemies":"Shelled Parasite and Fungi","floor":31,"turns":3}],"seed_played":"6250934648769154302","potions_obtained":[{"floor":2,"key":"Weak Potion"},{"floor":4,"key":"EssenceOfSteel"},{"floor":6,"key":"PowerPotion"},{"floor":13,"key":"Fruit Juice"},{"floor":19,"key":"Fire Potion"},{"floor":25,"key":"Poison Potion"},{"floor":27,"key":"PowerPotion"},{"floor":28,"key":"Fire Potion"}],"is_trial":false,"path_per_floor":["M","M","M","M","M","E","R","?","T","?","E","R","M","?","R","B",null,"M","M","$","M","?","R","E","M","T","M","E","M","$","M"],"character_chosen":"DEFECT","items_purchased":["Whetstone","ClockworkSouvenir","Regal Pillow"],"campfire_rested":0,"item_purchase_floors":[20,20,30],"current_hp_per_floor":[82,69,69,59,56,37,37,37,37,37,12,12,15,87,87,8,87,68,47,47,31,31,31,10,9,9,9,9,7,7,0],"gold":21,"neow_bonus":"TEN_PERCENT_HP_BONUS","is_prod":false,"is_daily":false,"chose_seed":false,"campfire_upgraded":4,"win_rate":0,"timestamp":1549778272,"path_taken":["M","M","M","M","M","E","R","?","T","?","E","R","M","?","R","BOSS","M","M","$","M","?","R","E","M","T","M","E","M","$","M"],"build_version":"2019-01-23","purchased_purges":1,"victory":false,"max_hp_per_floor":[82,82,82,82,82,82,82,82,82,82,82,82,87,87,87,87,87,87,87,87,87,87,87,87,87,87,87,87,87,87,87],"card_choices":[{"not_picked":["Redo","Leap"],"picked":"Ball Lightning","floor":1},{"not_picked":["Glacier","Streamline"],"picked":"Conserve Battery","floor":2},{"not_picked":["Cold Snap","Fusion"],"picked":"Sweeping Beam","floor":3},{"not_picked":["Compile Driver","Doom and Gloom"],"picked":"Steam","floor":4},{"not_picked":["Darkness","Cold Snap","Turbo"],"picked":"SKIP","floor":5},{"not_picked":["Darkness","Glacier"],"picked":"Ball Lightning","floor":6},{"not_picked":["Stack","Chill"],"picked":"Thunder Strike","floor":11},{"not_picked":["Leap","Gash"],"picked":"Steam Power","floor":13},{"not_picked":["Creative AI","Multi-Cast"],"picked":"Reboot","floor":16},{"not_picked":["Melter","Cold Snap"],"picked":"Coolheaded+1","floor":18},{"not_picked":["Barrage","Scrape"],"picked":"Undo+1","floor":19},{"not_picked":["Compile Driver","Hello World","Barrage"],"picked":"SKIP","floor":21},{"not_picked":["Leap","Steam"],"picked":"Scrape","floor":24},{"not_picked":["Conserve Battery","Steam+1"],"picked":"Hologram","floor":25},{"not_picked":["Reinforced Body","Turbo","Beam Cell+1"],"picked":"SKIP","floor":27},{"not_picked":["All For One","Self Repair"],"picked":"Reprogram","floor":28},{"not_picked":["Coolheaded","Beam Cell+1"],"picked":"Rebound","floor":29}],"player_experience":1363838,"relics_obtained":[{"floor":6,"key":"Bag of Preparation"},{"floor":9,"key":"The Courier"},{"floor":11,"key":"Bottled Flame"},{"floor":24,"key":"Oddly Smooth Stone"},{"floor":26,"key":"War Paint"},{"floor":28,"key":"Centennial Puzzle"}],"event_choices":[{"damage_healed":0,"gold_gain":0,"player_choice":"Box","damage_taken":0,"relics_obtained":["Pantograph"],"max_hp_gain":0,"max_hp_loss":0,"event_name":"Big Fish","floor":8,"gold_loss":0,"cards_obtained":["Regret"]},{"damage_healed":0,"gold_gain":175,"player_choice":"AGREE","damage_taken":0,"max_hp_gain":0,"max_hp_loss":0,"event_name":"Liars Game","floor":10,"gold_loss":0,"cards_obtained":["Doubt"]},{"damage_healed":72,"gold_gain":0,"player_choice":"Full Heal","damage_taken":0,"max_hp_gain":0,"max_hp_loss":0,"event_name":"Wheel of Change","floor":14,"gold_loss":0},{"cards_removed":["Regret"],"damage_healed":0,"gold_gain":0,"player_choice":"Purged","damage_taken":0,"max_hp_gain":0,"max_hp_loss":0,"event_name":"Purifier","floor":22,"gold_loss":0}],"is_beta":false,"boss_relics":[{"not_picked":["Pandora\u0027s Box","Eternal Feather"],"picked":"Ectoplasm"}],"items_purged_floors":[20],"is_endless":false,"potions_floor_spawned":[2,4,6,13,19,25,27,28],"killed_by":"Shelled Parasite and Fungi","ascension_level":2}