{"gold_per_floor":[112,131,131,151,151,151,165,192,217,234,234,259,259,121,121,193,193,208,123,123,133,2,2],"floor_reached":23,"playtime":1225,"items_purged":["Strike_R","Strike_R"],"score":398,"play_id":"90bc2503-d853-49e6-8454-76a8d05dff1a","local_time":"20190217202508","is_ascension_mode":true,"campfire_choices":[{"data":"Carnage","floor":6,"key":"SMITH"},{"data":"Bash","floor":11,"key":"SMITH"},{"data":"Inflame","floor":13,"key":"SMITH"},{"data":"Bludgeon","floor":15,"key":"SMITH"}],"neow_cost":"NONE","seed_source_timestamp":33821505905366,"circlet_count":0,"master_deck":["AscendersBane","Strike_R","Strike_R","Defend_R","Defend_R","Defend_R","Defend_R","Bash+1","Twin Strike","Evolve","Power Through","Carnage+1","Inflame+1","Shrug It Off","True Grit","Flame Barrier","Bludgeon+1","Feed","Intimidate","Flame Barrier","Flame Barrier"],"relics":["Burning Blood","Strawberry","Happy Flower","Art of War","Smiling Mask","Coffee Dripper","Blue Candle","Omamori"],"potions_floor_usage":[16,23],"damage_taken":[{"damage":1,"enemies":"Cultist","floor":1,"turns":4},{"damage":14,"enemies":"Small Slimes","floor":2,"turns":3},{"damage":2,"enemies":"Jaw Worm","floor":4,"turns":6},{"damage":30,"enemies":"Exordium Thugs","floor":7,"turns":8},{"damage":15,"enemies":"3 Sentries","floor":8,"turns":8},{"damage":3,"enemies":"3 Louse","floor":10,"turns":4},{"damage":21,"enemies":"Gremlin Nob","floor":12,"turns":4},{"damage":16,"enemies":"Slime Boss","floor":16,"turns":7},{"damage":3,"enemies":"Spheric Guardian","floor":18,"turns":4},{"damage":22,"enemies":"2 Thieves","floor":21,"turns":4},{"damage":75,"enemies":"Gremlin Leader","floor":23,"turns":7}],"seed_played":"-5153398514378119117","potions_obtained":[{"floor":7,"key":"EssenceOfSteel"},{"floor":12,"key":"Explosive Potion"},{"floor":16,"key":"Ancient Potion"},{"floor":21,"key":"Dexterity Potion"}],"is_trial":false,"path_per_floor":["M","M","?","M","$","R","M","E","T","M","R","E","R","$","R","B",null,"M","?","?","M","$","E"],"character_chosen":"IRONCLAD","items_purchased":["Bludgeon","Flame Barrier"],"campfire_rested":0,"item_purchase_floors":[14,22],"current_hp_per_floor":[80,72,72,76,76,76,52,43,43,46,46,31,31,31,31,21,67,70,70,70,57,57,0],"gold":2,"neow_bonus":"RANDOM_COMMON_RELIC","is_prod":false,"is_daily":false,"chose_seed":false,"campfire_upgraded":4,"win_rate":0,"timestamp":1550388308,"path_taken":["M","M","?","M","$","R","?","E","T","M","R","E","R","$","R","BOSS","M","?","?","?","$","E"],"build_version":"2019-01-23","purchased_purges":2,"victory":false,"max_hp_per_floor":[82,82,82,82,82,82,82,82,82,82,82,82,82,82,82,82,82,82,82,82,85,85,85],"card_choices":[{"not_picked":["Havoc","Corruption"],"picked":"Twin Strike","floor":1},{"not_picked":["Body Slam","Flex"],"picked":"Evolve","floor":2},{"not_picked":["Flame Barrier","Headbutt"],"picked":"Carnage","floor":4},{"not_picked":["Ghostly Armor","Rage"],"picked":"Inflame","floor":7},{"not_picked":["Perfected Strike","Iron Wave"],"picked":"Shrug It Off","floor":8},{"not_picked":["Twin Strike","Entrench"],"picked":"True Grit","floor":10},{"not_picked":["Uppercut","Shrug It Off"],"picked":"Flame Barrier","floor":12},{"not_picked":["Bludgeon","Dark Embrace"],"picked":"Feed","floor":16},{"not_picked":["Body Slam","Heavy Blade"],"picked":"Intimidate","floor":18},{"not_picked":["Wild Strike+1","Thunderclap"],"picked":"Flame Barrier","floor":21}],"player_experience":305130,"relics_obtained":[{"floor":8,"key":"Happy Flower"},{"floor":9,"key":"Art of War"},{"floor":12,"key":"Smiling Mask"}],"event_choices":[{"damage_healed":0,"gold_gain":0,"cards_transformed":["Strike_R"],"player_choice":"Transformed","damage_taken":0,"max_hp_gain":0,"max_hp_loss":0,"event_name":"Transmorgrifier","floor":3,"gold_loss":0,"cards_obtained":["Power Through"]},{"damage_healed":0,"gold_gain":0,"player_choice":"Obtained Relic","damage_taken":0,"relics_obtained":["Blue Candle"],"max_hp_gain":0,"max_hp_loss":0,"event_name":"Addict","floor":19,"gold_loss":85},{"damage_healed":0,"gold_gain":0,"player_choice":"Gave Potion","damage_taken":0,"relics_obtained":["Omamori"],"max_hp_gain":0,"max_hp_loss":0,"event_name":"WeMeetAgain","floor":20,"gold_loss":0}],"is_beta":false,"boss_relics":[{"not_picked":["White Beast Statue","Orrery"],"picked":"Coffee Dripper"}],"items_purged_floors":[14,22],"is_endless":false,"potions_floor_spawned":[7,12,16,21],"killed_by":"Gremlin Leader","ascension_level":20}