{"gold_per_floor":[118,136,150,169,169,169,29,29,29,29,42,42,122,43,43,168,168,191,191,266,266,280,280,293,293],"floor_reached":25,"playtime":2910,"items_purged":[],"score":191,"play_id":"82d9eee7-ce67-4a7b-977b-83baebeacc52","local_time":"20180721024349","is_ascension_mode":false,"campfire_choices":[{"floor":6.0,"key":"REST"},{"data":"Jack Of All Trades","floor":8.0,"key":"SMITH"},{"data":"Backflip","floor":10.0,"key":"SMITH"},{"data":"Distraction","floor":15.0,"key":"SMITH"},{"data":"Survivor","floor":23,"key":"SMITH"}],"neow_cost":"NONE","seed_source_timestamp":0,"circlet_count":0,"master_deck":["Defend_G","Defend_G","Defend_G","Defend_G","Strike_G","Strike_G","Strike_G","Strike_G","Strike_G","Survivor+1","Neutralize","Deflect","Distraction+1","Deflect","Distraction","Backflip+1","Jack Of All Trades+1","Acrobatics","Dagger Spray","Predator","Adrenaline","Jack Of All Trades+1","Escape Plan"],"special_seed":0,"relics":["Ring of the Snake","Golden Idol","Nunchaku","Torii","Incense Burner","Busted Crown"],"potions_floor_usage":[22,22,24,24,25],"damage_taken":[{"damage":0.0,"enemies":"Jaw Worm","floor":1.0,"turns":6.0},{"damage":2.0,"enemies":"Small Slimes","floor":2.0,"turns":5.0},{"damage":1.0,"enemies":"2 Louse","floor":3.0,"turns":4.0},{"damage":6.0,"enemies":"Exordium Thugs","floor":4.0,"turns":8.0},{"damage":0.0,"enemies":"Gremlin Gang","floor":11.0,"turns":6.0},{"damage":1.0,"enemies":"3 Sentries","floor":13.0,"turns":2.0},{"damage":29.0,"enemies":"The Guardian","floor":16.0,"turns":18.0},{"damage":1.0,"enemies":"Shell Parasite","floor":18.0,"turns":6.0},{"damage":1,"enemies":"Chosen","floor":22,"turns":5},{"damage":16,"enemies":"Centurion and Healer","floor":24,"turns":14},{"damage":52,"enemies":"Chosen and Byrds","floor":25,"turns":8}],"seed_played":"4962157810502313923","potions_obtained":[{"floor":1.0,"key":"EntropicBrew"},{"floor":4.0,"key":"Strength Potion"},{"floor":16.0,"key":"Dexterity Potion"},{"floor":18.0,"key":"Block Potion"},{"floor":22,"key":"Strength Potion"}],"is_trial":false,"path_per_floor":["M","M","M","M","?","R","$","R","T","R","M","?","?","$","R","B",null,"M","?","?","?","M","R","M"],"character_chosen":"THE_SILENT","items_purchased":["Jack Of All Trades","Acrobatics","Predator"],"campfire_rested":1,"item_purchase_floors":[7,7,14],"current_hp_per_floor":[70,68,67,61,44,65,65,65,65,65,65,65,64,64,64,35,70,70,70,63,63,62,62,46,0],"gold":293,"neow_bonus":"THREE_CARDS","is_prod":false,"is_daily":false,"chose_seed":false,"campfire_upgraded":4,"win_rate":0.0,"timestamp":1532155429,"path_taken":["M","M","M","M","?","R","$","R","T","R","M","?","?","$","R","BOSS","M","?","?","?","M","R","M","M"],"build_version":"2018-07-19v2","purchased_purges":0,"victory":false,"max_hp_per_floor":[70,70,70,70,70,70,70,70,70,70,70,70,70,70,70,70,70,70,70,70,70,70,70,70,70],"card_choices":[{"not_picked":["All Out Attack","Deadly Poison"],"picked":"Deflect","floor":0.0},{"not_picked":["Bane","Dagger Spray"],"picked":"Distraction","floor":1.0},{"not_picked":["Prepared","Bane"],"picked":"Deflect","floor":2.0},{"not_picked":["Quick Slash","Prepared"],"picked":"Distraction","floor":3.0},{"not_picked":["Footwork","Sucker Punch"],"picked":"Backflip","floor":4.0},{"not_picked":["Backstab","Caltrops"],"picked":"Dagger Spray","floor":11.0},{"not_picked":["A Thousand Cuts","After Image"],"picked":"Adrenaline","floor":16.0},{"not_picked":["Eviscerate"],"picked":"SKIP","floor":18.0},{"not_picked":["Dagger Spray"],"picked":"SKIP","floor":22},{"not_picked":[],"picked":"Escape Plan","floor":24}],"player_experience":206116,"relics_obtained":[{"floor":9.0,"key":"Nunchaku"},{"floor":13.0,"key":"Incense Burner"}],"event_choices":[{"event_name":"Golden Idol","player_choice":"Take Damage","floor":5.0,"damage_taken":0.0},{"event_name":"Wheel of Change","player_choice":"Relic","floor":12.0,"damage_taken":0.0},{"event_name":"Dead Adventurer","player_choice":"Searched \u00271\u0027 times","floor":13.0,"damage_taken":0.0},{"event_name":"Bonfire Elementals","player_choice":"BASIC","floor":19.0,"damage_taken":0.0},{"event_name":"FaceTrader","player_choice":"Touch","floor":20.0,"damage_taken":0.0},{"event_name":"Duplicator","player_choice":"One dupe","floor":21,"damage_taken":0}],"is_beta":false,"boss_relics":[{"not_picked":["Velvet Choker","Sozu"],"picked":"Busted Crown"}],"items_purged_floors":[],"is_endless":false,"potions_floor_spawned":[1,4,16,18,22],"killed_by":"Chosen and Byrds","ascension_level":0}