{"gold_per_floor":[116,116,129,32,107,147,70,114,170,193,226,226,265,290,290,383,383,397,322,322,447,372,372,406,430,430,445,486,510,510,510,510,603,603,622,643,976,1026,1040,1071,611,640,640,640,660,678,703,247,247,247,247],"floor_reached":52,"playtime":5158,"items_purged":["Strike_R","Strike_R","Strike_R"],"score":2083,"play_id":"dd25a804-7936-4ad7-845e-fe26519d65bd","local_time":"20190222222301","is_ascension_mode":true,"campfire_choices":[{"data":"Bash","floor":12.0,"key":"SMITH"},{"data":"True Grit","floor":15.0,"key":"SMITH"},{"data":"Immolate","floor":23.0,"key":"SMITH"},{"data":"Bludgeon","floor":32.0,"key":"SMITH"},{"data":"Demon Form","floor":44,"key":"SMITH"},{"data":"Armaments","floor":49,"key":"SMITH"}],"neow_cost":"NONE","seed_source_timestamp":0,"circlet_count":0,"master_deck":["AscendersBane","Strike_R","Defend_R","Defend_R+1","Defend_R+1","Defend_R","Bash+1","Cleave","Cleave+1","Flame Barrier","Headbutt+1","Impervious","Inflame","True Grit+1","Immolate+1","Offering","Body Slam+1","Battle Trance","Bludgeon+1","Shrug It Off","Juggernaut","Feel No Pain","Demon Form+1","Armaments+1","Shockwave","Corruption","Burning Pact","Feed","Sentinel","Flame Barrier+1","Uppercut+1","Flame Barrier","Disarm"],"special_seed":0,"relics":["Burning Blood","Orichalcum","War Paint","Dead Branch","Tiny Chest","Gambling Chip","Gremlin Horn","Bronze Scales","Velvet Choker","Letter Opener","Magic Flower","PreservedInsect","Bottled Flame","Smiling Mask","Matryoshka","Mark of Pain","Blood Vial","Kunai","The Courier","Molten Egg 2","Whetstone","Mummified Hand"],"potions_floor_usage":[40,51],"damage_taken":[{"damage":8.0,"enemies":"2 Louse","floor":1.0,"turns":3.0},{"damage":4.0,"enemies":"Jaw Worm","floor":3.0,"turns":4.0},{"damage":4.0,"enemies":"3 Sentries","floor":6.0,"turns":4.0},{"damage":20.0,"enemies":"Gremlin Nob","floor":8.0,"turns":4.0},{"damage":0.0,"enemies":"Cultist","floor":10.0,"turns":3.0},{"damage":26.0,"enemies":"Lagavulin","floor":11.0,"turns":7.0},{"damage":8.0,"enemies":"3 Sentries","floor":13.0,"turns":4.0},{"damage":18.0,"enemies":"Hexaghost","floor":16.0,"turns":8.0},{"damage":7.0,"enemies":"2 Thieves","floor":18.0,"turns":3.0},{"damage":11.0,"enemies":"Colosseum Slavers","floor":21.0,"turns":3.0},{"damage":7.0,"enemies":"Colosseum Nobs","floor":21.0,"turns":3.0},{"damage":8.0,"enemies":"Slavers","floor":24.0,"turns":2.0},{"damage":0.0,"enemies":"Spheric Guardian","floor":25.0,"turns":4.0},{"damage":0.0,"enemies":"Snecko","floor":27.0,"turns":3.0},{"damage":12.0,"enemies":"Book of Stabbing","floor":28.0,"turns":3.0},{"damage":21.0,"enemies":"Centurion and Healer","floor":29.0,"turns":7.0},{"damage":48.0,"enemies":"Automaton","floor":33.0,"turns":8.0},{"damage":0.0,"enemies":"3 Shapes","floor":35.0,"turns":7.0},{"damage":2.0,"enemies":"3 Darklings","floor":36.0,"turns":3.0},{"damage":6.0,"enemies":"Maw","floor":39.0,"turns":6.0},{"damage":6,"enemies":"Reptomancer","floor":40,"turns":2},{"damage":15,"enemies":"Nemesis","floor":42,"turns":5},{"damage":10,"enemies":"Transient","floor":45,"turns":6},{"damage":6,"enemies":"Spire Growth","floor":46,"turns":3},{"damage":6,"enemies":"Reptomancer","floor":47,"turns":2},{"damage":63,"enemies":"Time Eater","floor":50,"turns":13},{"damage":14,"enemies":"Awakened One","floor":51,"turns":12}],"seed_played":"-8987274982787353238","potions_obtained":[{"floor":1.0,"key":"AttackPotion"},{"floor":3.0,"key":"Dexterity Potion"},{"floor":8.0,"key":"Swift Potion"},{"floor":11.0,"key":"AttackPotion"},{"floor":13.0,"key":"LiquidBronze"},{"floor":18.0,"key":"Fire Potion"},{"floor":21.0,"key":"PowerPotion"},{"floor":24.0,"key":"SpeedPotion"},{"floor":33.0,"key":"Strength Potion"},{"floor":35.0,"key":"Dexterity Potion"},{"floor":42,"key":"LiquidBronze"}],"is_trial":false,"path_per_floor":["M","?","M","$","?","E","$","E","T","M","E","R","E","T","R","B",null,"M","?","$","?","$","R","E","M","T","M","E","M","?","T","R","B",null,"M","M","?","?","M","E","$","E","T","R","M","M","E","$","R","B","B",null],"character_chosen":"IRONCLAD","items_purchased":["Flame Barrier","Headbutt","Inflame","Kunai","Burning Pact","Regen Potion","Uppercut+1","Mummified Hand","Flame Barrier","Disarm"],"campfire_rested":0,"item_purchase_floors":[4,4,7,41,41,41,48,48,48,48],"current_hp_per_floor":[66,66,68,68,57,59,59,45,45,51,31,31,29,29,29,17,55,54,54,54,48,48,48,49,58,58,67,64,52,52,52,52,13,54,63,68,68,68,68,68,68,62,62,62,64,68,68,68,68,20,23],"gold":247,"neow_bonus":"RANDOM_COMMON_RELIC","is_prod":false,"is_daily":false,"chose_seed":false,"campfire_upgraded":6,"win_rate":0,"timestamp":1550827381,"path_taken":["M","?","M","$","?","E","$","E","T","M","E","R","E","?","R","BOSS","M","?","$","?","$","R","E","M","T","M","E","M","?","?","R","BOSS","M","M","?","?","M","E","$","E","T","R","?","M","E","$","R","BOSS","BOSS"],"build_version":"2019-01-23","purchased_purges":3,"victory":true,"max_hp_per_floor":[75,68,68,68,68,68,68,68,68,68,68,68,68,68,68,68,68,68,68,68,68,68,68,68,68,68,68,68,68,68,68,68,68,68,68,68,68,68,68,68,68,68,68,68,68,68,68,68,68,72,75],"card_choices":[{"not_picked":["Flex","Blood for Blood"],"picked":"Cleave","floor":1.0},{"not_picked":["Entrench","Body Slam"],"picked":"Cleave","floor":3.0},{"not_picked":["Evolve","Inflame"],"picked":"Impervious","floor":6.0},{"not_picked":["Pummel","Headbutt","Thunderclap"],"picked":"SKIP","floor":8.0},{"not_picked":["Clothesline","Anger"],"picked":"True Grit","floor":10.0},{"not_picked":["Dual Wield","Carnage","Perfected Strike"],"picked":"SKIP","floor":11.0},{"not_picked":["Sword Boomerang","Wild Strike"],"picked":"Immolate","floor":13.0},{"not_picked":["Demon Form","Dark Embrace"],"picked":"Offering","floor":16.0},{"not_picked":["Anger","Thunderclap","Cleave"],"picked":"SKIP","floor":18.0},{"not_picked":["Sword Boomerang","Thunderclap"],"picked":"Body Slam+1","floor":21.0},{"not_picked":["Metallicize+1","Warcry"],"picked":"Battle Trance","floor":24.0},{"not_picked":["Carnage","Battle Trance"],"picked":"Bludgeon","floor":25.0},{"not_picked":["Flex","Warcry"],"picked":"Shrug It Off","floor":27.0},{"not_picked":["Body Slam","Second Wind","True Grit"],"picked":"SKIP","floor":28.0},{"not_picked":["Wild Strike","Inflame"],"picked":"Juggernaut","floor":29.0},{"not_picked":["Berserk","Exhume"],"picked":"Demon Form","floor":33.0},{"not_picked":["Cleave+1","Warcry+1"],"picked":"Armaments","floor":35.0},{"not_picked":["Intimidate","Dropkick"],"picked":"Shockwave","floor":36.0},{"not_picked":["Fire Breathing","Blood for Blood","Reckless Charge"],"picked":"SKIP","floor":39.0},{"not_picked":["Sword Boomerang","Power Through"],"picked":"Corruption","floor":40},{"not_picked":["Heavy Blade","Carnage"],"picked":"Feed","floor":42},{"not_picked":["Iron Wave+1","Flex"],"picked":"Sentinel","floor":45},{"not_picked":["Shrug It Off+1","Immolate+1"],"picked":"Flame Barrier+1","floor":46},{"not_picked":["Clash+1","Rage","Carnage+1"],"picked":"SKIP","floor":47}],"player_experience":407643,"relics_obtained":[{"floor":6.0,"key":"War Paint"},{"floor":8.0,"key":"Dead Branch"},{"floor":9.0,"key":"Tiny Chest"},{"floor":11.0,"key":"Gambling Chip"},{"floor":13.0,"key":"Gremlin Horn"},{"floor":14.0,"key":"Bronze Scales"},{"floor":21.0,"key":"Letter Opener"},{"floor":21.0,"key":"Magic Flower"},{"floor":24.0,"key":"PreservedInsect"},{"floor":26.0,"key":"Bottled Flame"},{"floor":28.0,"key":"Smiling Mask"},{"floor":31.0,"key":"Matryoshka"},{"floor":40,"key":"Blood Vial"},{"floor":42,"key":"The Courier"},{"floor":43,"key":"Molten Egg 2"},{"floor":47,"key":"Whetstone"}],"event_choices":[{"damage_healed":0.0,"max_hp_gain":0.0,"max_hp_loss":7.0,"gold_gain":0.0,"event_name":"Golden Idol","player_choice":"Lose Max HP","floor":2.0,"gold_loss":0.0,"damage_taken":0.0,"relics_obtained":["Golden Idol"]},{"damage_healed":0.0,"max_hp_gain":0.0,"max_hp_loss":0.0,"gold_gain":75.0,"event_name":"World of Goop","player_choice":"Gather Gold","floor":5.0,"gold_loss":0.0,"damage_taken":11.0},{"cards_removed":["Strike_R"],"damage_healed":0.0,"max_hp_gain":0.0,"max_hp_loss":0.0,"gold_gain":0.0,"event_name":"Beggar","player_choice":"Gave Gold","floor":19.0,"gold_loss":75.0,"damage_taken":0.0},{"damage_healed":0.0,"max_hp_gain":0.0,"max_hp_loss":0.0,"gold_gain":0.0,"event_name":"Colosseum","player_choice":"Fight","floor":21.0,"gold_loss":0.0,"damage_taken":0.0},{"damage_healed":0.0,"max_hp_gain":0.0,"max_hp_loss":0.0,"gold_gain":0.0,"event_name":"Colosseum","player_choice":"Fought Nobs","floor":21.0,"gold_loss":0.0,"damage_taken":0.0},{"damage_healed":0.0,"max_hp_gain":0.0,"max_hp_loss":0.0,"gold_gain":0.0,"event_name":"The Library","player_choice":"Read","floor":30.0,"gold_loss":0.0,"damage_taken":0.0,"cards_obtained":["Feel No Pain"]},{"damage_healed":0.0,"max_hp_gain":0.0,"max_hp_loss":0.0,"gold_gain":333.0,"event_name":"The Moai Head","player_choice":"Gave Idol","floor":37.0,"relics_lost":["Golden Idol"],"gold_loss":0.0,"damage_taken":0.0},{"damage_healed":0.0,"max_hp_gain":0.0,"max_hp_loss":0.0,"gold_gain":50.0,"event_name":"Golden Shrine","player_choice":"Pray","floor":38.0,"gold_loss":0.0,"damage_taken":0.0}],"is_beta":false,"boss_relics":[{"not_picked":["Ectoplasm","Calling Bell"],"picked":"Velvet Choker"},{"not_picked":["Philosopher\u0027s Stone","Pandora\u0027s Box"],"picked":"Mark of Pain"}],"items_purged_floors":[22,41,48],"is_endless":false,"potions_floor_spawned":[1,3,8,11,13,18,21,24,33,35,42,47],"ascension_level":20}