{"gold_per_floor":[113,123,141,141,141,171,191,170,195,195,227,1,21,40,40,143,143,155,155,155,155,155,189,159],"floor_reached":24,"playtime":782,"items_purged":[],"score":294,"play_id":"3d544b0e-6bd6-46d9-adcc-1fca523047e1","local_time":"20180705065948","is_ascension_mode":true,"campfire_choices":[{"floor":10,"key":"REST"},{"floor":15,"key":"REST"}],"neow_cost":"NONE","seed_source_timestamp":543544936136672,"circlet_count":0,"master_deck":["Defend_B","Defend_B","Defend_B","Defend_B","Zap","Dualcast","Sweeping Beam","Leap","Rebound","FTL","Leap","Glacier","Ball Lightning","Echo Form","Rip and Tear","Sweeping Beam","Rebound","Steam","Electrodynamics","Beam Cell","Conserve Battery","Steam","FTL","Compile Driver","Hello World+1","Jack Of All Trades","Zap","Bite","Bite","Bite","Bite","Bite","Defragment","Ball Lightning"],"relics":["Cracked Core","Dream Catcher","Strawberry","Ancient Tea Set","Pen Nib","Orrery","Prayer Wheel"],"potions_floor_usage":[16,16,23,23,24],"damage_taken":[{"damage":6,"enemies":"2 Louse","floor":1,"turns":2},{"damage":0,"enemies":"Small Slimes","floor":2,"turns":3},{"damage":12,"enemies":"Jaw Worm","floor":3,"turns":3},{"damage":46,"enemies":"Gremlin Nob","floor":6,"turns":5},{"damage":6,"enemies":"Exordium Wildlife","floor":7,"turns":4},{"damage":2,"enemies":"Lagavulin","floor":11,"turns":8},{"damage":12,"enemies":"Lots of Slimes","floor":13,"turns":3},{"damage":4,"enemies":"Gremlin Gang","floor":14,"turns":5},{"damage":14,"enemies":"Hexaghost","floor":16,"turns":8},{"damage":17,"enemies":"Shell Parasite","floor":18,"turns":4},{"damage":36,"enemies":"Book of Stabbing","floor":23,"turns":7},{"damage":19,"enemies":"2 Thieves","floor":24,"turns":1}],"seed_played":"900397481128660767","potions_obtained":[{"floor":1,"key":"SpeedPotion"},{"floor":3,"key":"Swift Potion"},{"floor":11,"key":"FearPotion"},{"floor":13,"key":"Swift Potion"},{"floor":16,"key":"Fire Potion"},{"floor":23,"key":"Weak Potion"}],"is_trial":false,"path_per_floor":["M","M","M","?","?","E","M","?","T","R","E","$","M","M","R","B",null,"M","?","?","?","?","E"],"character_chosen":"DEFECT","items_purchased":["Pen Nib","Rip and Tear"],"campfire_rested":2,"item_purchase_floors":[12,12],"current_hp_per_floor":[69,69,57,57,57,11,5,5,12,36,34,34,22,18,42,28,82,65,65,57,48,48,14,0],"gold":159,"neow_bonus":"ONE_RANDOM_RARE_CARD","is_prod":false,"is_daily":false,"chose_seed":false,"campfire_upgraded":0,"win_rate":0,"timestamp":1530730788,"path_taken":["M","M","M","?","?","E","M","?","T","R","E","$","M","M","R","BOSS","M","?","?","?","?","E","?"],"build_version":"2018-06-28","purchased_purges":0,"victory":false,"max_hp_per_floor":[75,75,75,75,75,75,75,75,82,82,82,82,82,82,82,82,82,82,82,57,62,62,62,62],"card_choices":[{"not_picked":["Hello World","Stack"],"picked":"Sweeping Beam","floor":1},{"not_picked":["Gash","Melter"],"picked":"Leap","floor":2},{"not_picked":["Redo","Barrage"],"picked":"Rebound","floor":3},{"not_picked":["Rebound","Capacitor"],"picked":"Leap","floor":6},{"not_picked":["Hello World","Sweeping Beam"],"picked":"Glacier","floor":7},{"not_picked":["Rainbow","Rebound"],"picked":"Ball Lightning","floor":10},{"not_picked":["Leap","Heatsinks"],"picked":"Echo Form","floor":11},{"not_picked":["Gash","Hello World"],"picked":"Sweeping Beam","floor":13},{"not_picked":["Gash","Sunder"],"picked":"Rebound","floor":14},{"not_picked":["Lockon","Darkness"],"picked":"Steam","floor":15},{"not_picked":["Thunder Strike","Hyperbeam"],"picked":"Electrodynamics","floor":16},{"not_picked":["Barrage","Fusion"],"picked":"Beam Cell","floor":17},{"not_picked":["Chill","Turbo"],"picked":"Conserve Battery","floor":17},{"not_picked":["Genetic Algorithm","Streamline"],"picked":"Steam","floor":17},{"not_picked":["Core Surge","Hologram"],"picked":"FTL","floor":17},{"not_picked":["Self Repair","Doom and Gloom"],"picked":"Compile Driver","floor":17},{"not_picked":["Redo","Coolheaded"],"picked":"Hello World+1","floor":18},{"not_picked":["Leap+1","Coolheaded"],"picked":"Ball Lightning","floor":23}],"player_experience":274896,"relics_obtained":[{"floor":6,"key":"Dream Catcher"},{"floor":9,"key":"Strawberry"},{"floor":11,"key":"Ancient Tea Set"},{"floor":23,"key":"Prayer Wheel"}],"event_choices":[{"event_name":"Liars Game","player_choice":"disagreed","floor":4,"damage_taken":0},{"event_name":"Transmorgrifier","player_choice":"Transform","floor":5,"damage_taken":0},{"event_name":"World of Goop","player_choice":"Left","floor":8,"damage_taken":0},{"event_name":"Match and Keep!","player_choice":"2 cards matched","floor":19,"damage_taken":0},{"event_name":"Vampires","player_choice":"Became a vampire","floor":20,"damage_taken":0},{"event_name":"Forgotten Altar","player_choice":"Shed Blood","floor":21,"damage_taken":0},{"event_name":"The Library","player_choice":"Read","floor":22,"damage_taken":0}],"boss_relics":[{"not_picked":["White Beast Statue","Nuclear Battery"],"picked":"Orrery"}],"items_purged_floors":[],"is_endless":false,"potions_floor_spawned":[1,3,11,13,16,23],"killed_by":"2 Thieves","ascension_level":4}