{"gold_per_floor":[115,115,115,133,133,133,133,151,206,227,240,253,102,133,133,253,253,273,287,287,26,40,40,105,105,132,132,157,157,237,256,256,386,386,399,524,524,27,51,51,66,79,106,6,6,6,21,42,42,42],"floor_reached":51,"playtime":2905,"items_purged":["Regret","Defend_B"],"score":675,"play_id":"cedbb126-66f7-4775-a0d4-56ea24e83d48","local_time":"20190129221858","is_ascension_mode":true,"campfire_choices":[{"data":"Genetic Algorithm","floor":6.0,"key":"SMITH"},{"data":"Tempest","floor":15.0,"key":"SMITH"},{"data":"Apotheosis","floor":23,"key":"SMITH"},{"data":"Hyperbeam","floor":25,"key":"SMITH"},{"data":"Blind","floor":27,"key":"SMITH"},{"floor":32,"key":"REST"},{"data":"Secret Weapon","floor":40,"key":"SMITH"},{"data":"Echo Form","floor":49,"key":"SMITH"}],"neow_cost":"NONE","seed_source_timestamp":0,"circlet_count":0,"master_deck":["Strike_B+1","Strike_B","Strike_B+1","Defend_B","Defend_B","Defend_B","Zap","Dualcast","White Noise","Genetic Algorithm+1","Steam","Sweeping Beam","Tempest+1","White Noise","Conserve Battery","Core Surge","Hyperbeam+1","Hologram+1","Turbo","Blind+1","Apotheosis+1","Sunder+1","Self Repair","Echo Form+1","Reinforced Body","Secret Weapon+1","Hologram","Undo+1","Hologram+1","Turbo","Reinforced Body"],"special_seed":0,"relics":["Cracked Core","Boot","Golden Idol","Art of War","Bag of Preparation","Happy Flower","Turnip","Velvet Choker","Molten Egg 2","Tiny Chest","Bronze Scales","Letter Opener","Question Card","Busted Crown","Prayer Wheel","Whetstone","DataDisk","Omamori"],"potions_floor_usage":[24,33,39,48,50,50],"damage_taken":[{"damage":0.0,"enemies":"Small Slimes","floor":1.0,"turns":3.0},{"damage":7.0,"enemies":"Jaw Worm","floor":4.0,"turns":4.0},{"damage":4.0,"enemies":"2 Louse","floor":8.0,"turns":2.0},{"damage":13.0,"enemies":"Exordium Thugs","floor":10.0,"turns":5.0},{"damage":1.0,"enemies":"2 Fungi Beasts","floor":11.0,"turns":3.0},{"damage":11.0,"enemies":"Exordium Wildlife","floor":12.0,"turns":4.0},{"damage":3.0,"enemies":"3 Sentries","floor":14.0,"turns":5.0},{"damage":17.0,"enemies":"The Guardian","floor":16.0,"turns":8.0},{"damage":7,"enemies":"3 Byrds","floor":18,"turns":4},{"damage":0,"enemies":"Chosen","floor":19,"turns":3},{"damage":11,"enemies":"Snecko","floor":22,"turns":5},{"damage":11,"enemies":"Gremlin Leader","floor":24,"turns":6},{"damage":12,"enemies":"Shelled Parasite and Fungi","floor":28,"turns":4},{"damage":4,"enemies":"Centurion and Healer","floor":31,"turns":6},{"damage":12,"enemies":"Collector","floor":33,"turns":6},{"damage":0,"enemies":"3 Shapes","floor":35,"turns":5},{"damage":10,"enemies":"Mind Bloom Boss Battle","floor":36,"turns":5},{"damage":0,"enemies":"3 Darklings","floor":39,"turns":2},{"damage":0,"enemies":"4 Shapes","floor":41,"turns":2},{"damage":0,"enemies":"Jaw Worm Horde","floor":42,"turns":2},{"damage":1,"enemies":"Writhing Mass","floor":47,"turns":6},{"damage":0,"enemies":"3 Darklings","floor":48,"turns":3},{"damage":51,"enemies":"Donu and Deca","floor":50,"turns":12}],"seed_played":"2330289005108587271","potions_obtained":[{"floor":4.0,"key":"Dexterity Potion"},{"floor":8.0,"key":"Block Potion"},{"floor":11.0,"key":"SpeedPotion"},{"floor":14.0,"key":"Block Potion"},{"floor":18,"key":"Fire Potion"},{"floor":28,"key":"Swift Potion"},{"floor":33,"key":"Swift Potion"},{"floor":39,"key":"Dexterity Potion"},{"floor":47,"key":"Energy Potion"},{"floor":48,"key":"FearPotion"}],"is_trial":false,"path_per_floor":["M","?","?","M","?","R","?","M","T","M","M","M","$","E","R","B",null,"M","M","?","$","M","R","E","R","T","R","M","T","T","M","R","B",null,"M","?","?","$","M","R","M","M","T","$","?","$","M","M","R","B",null],"character_chosen":"DEFECT","items_purchased":["Conserve Battery","PowerPotion","Blind","Apotheosis","Whetstone","DataDisk","Secret Weapon"],"campfire_rested":1,"item_purchase_floors":[13,13,21,21,38,38,38],"current_hp_per_floor":[75,69,69,62,62,62,62,58,58,45,44,33,33,30,30,13,69,62,62,62,62,51,51,40,40,40,40,28,28,28,24,44,52,69,69,66,66,66,66,66,69,69,69,69,69,69,69,69,69,28],"gold":42,"neow_bonus":"RANDOM_COMMON_RELIC","is_prod":false,"is_daily":false,"chose_seed":false,"campfire_upgraded":7,"win_rate":0,"timestamp":1548818338,"path_taken":["M","?","?","M","?","R","?","M","T","M","M","?","$","E","R","BOSS","M","M","?","$","M","R","E","R","T","R","?","?","?","M","R","BOSS","M","?","?","$","M","R","M","M","T","$","?","?","M","M","R","BOSS"],"build_version":"2019-01-23","purchased_purges":2,"victory":true,"max_hp_per_floor":[75,69,69,69,69,69,69,69,69,69,69,69,69,69,69,69,69,69,69,69,69,69,69,69,69,69,69,69,69,69,69,69,69,69,69,69,69,69,69,69,69,69,69,69,69,69,69,69,69,69],"card_choices":[{"not_picked":["Leap","Force Field"],"picked":"White Noise","floor":1.0},{"not_picked":["Double Energy","Undo","Gash"],"picked":"SKIP","floor":4.0},{"not_picked":["Skim","Gash"],"picked":"Steam","floor":8.0},{"not_picked":["Recycle","Ball Lightning"],"picked":"Sweeping Beam","floor":10.0},{"not_picked":["Rainbow","Sweeping Beam"],"picked":"Tempest","floor":11.0},{"not_picked":["Blizzard","Ball Lightning"],"picked":"White Noise","floor":12.0},{"not_picked":["Gash","Turbo"],"picked":"Core Surge","floor":14.0},{"not_picked":["Machine Learning","Meteor Strike"],"picked":"Hyperbeam","floor":16.0},{"not_picked":["Loop","Static Discharge"],"picked":"Hologram+1","floor":18},{"not_picked":["Go for the Eyes","Conserve Battery"],"picked":"Turbo","floor":19},{"not_picked":["Turbo","Rebound+1","Rip and Tear+1"],"picked":"SKIP","floor":22},{"not_picked":["Melter+1","Doom and Gloom+1","Barrage+1"],"picked":"SKIP","floor":24},{"not_picked":["Lockon+1","Gash+1"],"picked":"Sunder+1","floor":28},{"not_picked":["Fission","Force Field","Streamline+1"],"picked":"Self Repair","floor":31},{"not_picked":["Buffer","Fission","Multi-Cast"],"picked":"Echo Form","floor":33},{"not_picked":["Go for the Eyes+1","Melter+1"],"picked":"SKIP","floor":35},{"not_picked":["Turbo"],"picked":"Reinforced Body","floor":36},{"not_picked":["Cold Snap+1"],"picked":"Hologram","floor":39},{"not_picked":["Streamline+1"],"picked":"Undo+1","floor":39},{"not_picked":["Leap"],"picked":"Hologram+1","floor":41},{"not_picked":["Ball Lightning+1","Steam Power"],"picked":"SKIP","floor":41},{"not_picked":["Conserve Battery"],"picked":"Turbo","floor":42},{"not_picked":["Chaos"],"picked":"Reinforced Body","floor":42},{"not_picked":["Barrage+1","Recycle+1"],"picked":"SKIP","floor":47},{"not_picked":["Redo+1","Ball Lightning+1"],"picked":"SKIP","floor":47},{"not_picked":["Rebound+1","All For One+1"],"picked":"SKIP","floor":48},{"not_picked":["Cold Snap+1","Hologram+1"],"picked":"SKIP","floor":48}],"player_experience":1196739,"relics_obtained":[{"floor":9.0,"key":"Happy Flower"},{"floor":14.0,"key":"Turnip"},{"floor":20,"key":"Molten Egg 2"},{"floor":24,"key":"Tiny Chest"},{"floor":26,"key":"Bronze Scales"},{"floor":29,"key":"Letter Opener"},{"floor":30,"key":"Question Card"},{"floor":36,"key":"Prayer Wheel"},{"floor":43,"key":"Omamori"}],"event_choices":[{"damage_healed":0.0,"max_hp_gain":0.0,"max_hp_loss":6.0,"gold_gain":0.0,"event_name":"Golden Idol","player_choice":"Lose Max HP","floor":2.0,"gold_loss":0.0,"damage_taken":0.0,"relics_obtained":["Golden Idol"]},{"damage_healed":0.0,"max_hp_gain":0.0,"max_hp_loss":0.0,"gold_gain":0.0,"event_name":"Big Fish","player_choice":"Box","floor":3.0,"gold_loss":0.0,"damage_taken":0.0,"relics_obtained":["Art of War"],"cards_obtained":["Regret"]},{"damage_healed":0.0,"max_hp_gain":0.0,"max_hp_loss":0.0,"gold_gain":0.0,"cards_transformed":["Strike_B"],"event_name":"Living Wall","player_choice":"Change","floor":5.0,"gold_loss":0.0,"damage_taken":0.0,"cards_obtained":["Genetic Algorithm"]},{"damage_healed":0.0,"max_hp_gain":0.0,"max_hp_loss":0.0,"gold_gain":0.0,"event_name":"WeMeetAgain","player_choice":"Gave Potion","floor":7.0,"gold_loss":0.0,"damage_taken":0.0,"relics_obtained":["Bag of Preparation"]},{"damage_healed":0,"gold_gain":0,"player_choice":"Relic","damage_taken":0,"max_hp_gain":0,"max_hp_loss":0,"event_name":"Wheel of Change","floor":20,"gold_loss":0},{"damage_healed":0,"gold_gain":0,"player_choice":"Fight","damage_taken":0,"max_hp_gain":0,"max_hp_loss":0,"event_name":"MindBloom","floor":36,"gold_loss":0},{"damage_healed":0,"gold_gain":0,"player_choice":"Ignored","damage_taken":0,"max_hp_gain":0,"max_hp_loss":0,"event_name":"The Moai Head","floor":37,"gold_loss":0},{"damage_healed":0,"gold_gain":0,"player_choice":"Ignored","damage_taken":0,"max_hp_gain":0,"max_hp_loss":0,"event_name":"Mysterious Sphere","floor":45,"gold_loss":0}],"is_beta":false,"boss_relics":[{"not_picked":["Nuclear Battery","Coffee Dripper"],"picked":"Velvet Choker"},{"not_picked":["Black Star","White Beast Statue"],"picked":"Busted Crown"}],"items_purged_floors":[13,44],"is_endless":false,"potions_floor_spawned":[4,8,11,14,18,28,33,39,47,48],"ascension_level":1}