{"gold_per_floor":[118,29,44,44,57,57,67,67,115,127,156,199,229,256,268,357,369,398,410,442,469,17,17,17],"floor_reached":24,"playtime":13115,"items_purged":["Clash"],"score":380,"play_id":"8f6658fc-35c6-4aaf-a8e2-247f07998563","local_time":"20190126172713","is_ascension_mode":true,"campfire_choices":[{"data":"Trip","floor":6,"key":"SMITH"},{"data":"Clothesline","floor":10,"key":"SMITH"},{"data":"True Grit","floor":15,"key":"SMITH"},{"data":"Demon Form","floor":23,"key":"SMITH"}],"neow_cost":"TEN_PERCENT_HP_LOSS","seed_source_timestamp":17724775963518,"circlet_count":0,"master_deck":["AscendersBane","Strike_R","Strike_R","Strike_R","Strike_R","Strike_R","Defend_R","Defend_R","Defend_R","Defend_R","Bash","Sadistic Nature","Madness","Trip+1","Clothesline+1","True Grit+1","Headbutt","Twin Strike","Feed","Shrug It Off","True Grit+1","Demon Form+1","Flame Barrier","Uppercut","Mind Blast"],"relics":["Burning Blood","MawBank","Bag of Preparation","Snecko Eye","Gremlin Horn"],"potions_floor_usage":[12,18,18,21,24],"damage_taken":[{"damage":7,"enemies":"Cultist","floor":1,"turns":4},{"damage":7,"enemies":"Small Slimes","floor":3,"turns":4},{"damage":2,"enemies":"Jaw Worm","floor":5,"turns":3},{"damage":22,"enemies":"Gremlin Gang","floor":7,"turns":5},{"damage":1,"enemies":"Exordium Wildlife","floor":11,"turns":3},{"damage":1,"enemies":"Lagavulin","floor":12,"turns":6},{"damage":0,"enemies":"2 Fungi Beasts","floor":13,"turns":3},{"damage":10,"enemies":"Large Slime","floor":14,"turns":4},{"damage":36,"enemies":"The Guardian","floor":16,"turns":13},{"damage":26,"enemies":"3 Byrds","floor":18,"turns":6},{"damage":31,"enemies":"Colosseum Slavers","floor":19,"turns":8},{"damage":12,"enemies":"2 Thieves","floor":20,"turns":5},{"damage":1,"enemies":"Snake Plant","floor":21,"turns":4},{"damage":41,"enemies":"Centurion and Healer","floor":24,"turns":5}],"seed_played":"2467176607292256787","potions_obtained":[{"floor":5,"key":"SkillPotion"},{"floor":12,"key":"Energy Potion"},{"floor":13,"key":"AttackPotion"},{"floor":16,"key":"AttackPotion"},{"floor":20,"key":"Dexterity Potion"},{"floor":21,"key":"SteroidPotion"}],"is_trial":false,"path_per_floor":["M","$","M","$","M","R","M","?","T","R","M","E","M","M","R","B",null,"M","?","M","M","$","R","M"],"character_chosen":"IRONCLAD","items_purchased":["Trip","Gremlin Horn","Mind Blast"],"campfire_rested":0,"item_purchase_floors":[2,22,22],"current_hp_per_floor":[67,67,66,66,68,68,52,52,52,52,57,62,71,70,70,40,66,49,24,21,26,26,26,0],"gold":17,"neow_bonus":"RANDOM_COLORLESS_2","is_prod":false,"is_daily":false,"chose_seed":false,"campfire_upgraded":4,"win_rate":0,"timestamp":1548476833,"path_taken":["M","?","M","?","M","R","M","?","T","R","M","E","M","M","R","BOSS","M","?","M","M","$","R","M"],"build_version":"2019-01-23","purchased_purges":1,"victory":false,"max_hp_per_floor":[68,68,68,68,68,68,68,68,68,68,68,68,71,74,74,74,74,77,77,80,80,80,80,80],"card_choices":[{"not_picked":["Thunderclap","Heavy Blade"],"picked":"Clash","floor":1},{"not_picked":["Dual Wield","Twin Strike","Clothesline"],"picked":"SKIP","floor":3},{"not_picked":["Dual Wield","Twin Strike"],"picked":"Clothesline","floor":3},{"not_picked":["Rupture","Perfected Strike"],"picked":"True Grit","floor":5},{"not_picked":["Pummel","Iron Wave"],"picked":"Headbutt","floor":7},{"not_picked":["Sentinel","Second Wind"],"picked":"Twin Strike","floor":11},{"not_picked":["Carnage","Clothesline"],"picked":"Feed","floor":12},{"not_picked":["Rampage","Thunderclap"],"picked":"Shrug It Off","floor":13},{"not_picked":["Wild Strike","Iron Wave"],"picked":"True Grit","floor":14},{"not_picked":["Barricade","Impervious"],"picked":"Demon Form","floor":16},{"not_picked":["Uppercut+1","Evolve"],"picked":"Flame Barrier","floor":18},{"not_picked":["Rage","Thunderclap"],"picked":"Uppercut","floor":20},{"not_picked":["True Grit","Iron Wave","Anger+1"],"picked":"SKIP","floor":21}],"player_experience":61661,"relics_obtained":[{"floor":9,"key":"MawBank"},{"floor":12,"key":"Bag of Preparation"}],"event_choices":[{"damage_healed":0,"gold_gain":0,"player_choice":"Grow","damage_taken":0,"max_hp_gain":0,"max_hp_loss":0,"event_name":"Living Wall","floor":8,"gold_loss":0,"cards_upgraded":["True Grit"]},{"damage_healed":0,"gold_gain":0,"player_choice":"Fight","damage_taken":0,"max_hp_gain":0,"max_hp_loss":0,"event_name":"Colosseum","floor":19,"gold_loss":0},{"damage_healed":0,"gold_gain":0,"player_choice":"Fled From Nobs","damage_taken":0,"max_hp_gain":0,"max_hp_loss":0,"event_name":"Colosseum","floor":19,"gold_loss":0}],"is_beta":false,"boss_relics":[{"not_picked":["Coffee Dripper","Calling Bell"],"picked":"Snecko Eye"}],"items_purged_floors":[22],"is_endless":false,"potions_floor_spawned":[5,12,13,16,20,21],"killed_by":"Centurion and Healer","ascension_level":18}