{"gold_per_floor":[212,287,26,43,43,68,68,85,109,37,37,56,87,99,99,201,201,215,215,140,140,140,140],"floor_reached":23,"playtime":1492,"items_purged":["Strike_R"],"score":222,"play_id":"3eb8209d-1829-4a3e-ae14-4acc4468272b","local_time":"20180706003807","is_ascension_mode":false,"campfire_choices":[{"data":"Ghostly Armor","floor":7,"key":"SMITH"},{"floor":15,"key":"REST"}],"neow_cost":"NONE","seed_source_timestamp":42731997840039,"circlet_count":0,"master_deck":["Strike_R","Strike_R+1","Defend_R","Defend_R","Defend_R","Bash+1","Anger","Pummel","Flex","Ghostly Armor+1","Armaments","Anger","Shrug It Off","True Grit","Anger","Impervious","Ghostly","Ghostly","Ghostly","Ghostly","Ghostly"],"relics":["Burning Blood","Lantern","Pen Nib","Strawberry","Shuriken","Singing Bowl","Empty Cage"],"potions_floor_usage":[13,16,16,23],"damage_taken":[{"damage":2,"enemies":"Small Slimes","floor":1,"turns":3},{"damage":2,"enemies":"2 Louse","floor":4,"turns":3},{"damage":17,"enemies":"3 Sentries","floor":6,"turns":9},{"damage":6,"enemies":"Jaw Worm","floor":8,"turns":2},{"damage":10,"enemies":"Exordium Thugs","floor":12,"turns":3},{"damage":21,"enemies":"Lagavulin","floor":13,"turns":6},{"damage":0,"enemies":"Blue Slaver","floor":14,"turns":2},{"damage":33,"enemies":"Hexaghost","floor":16,"turns":10},{"damage":10,"enemies":"Shell Parasite","floor":18,"turns":7},{"damage":50,"enemies":"Book of Stabbing","floor":23,"turns":8}],"seed_played":"405695755978571888","potions_obtained":[{"floor":6,"key":"Block Potion"},{"floor":12,"key":"Explosive Potion"},{"floor":13,"key":"Poison Potion"},{"floor":18,"key":"SkillPotion"}],"is_trial":false,"path_per_floor":["M","?","$","M","?","E","R","M","T","$","?","M","E","M","R","B",null,"M","?","?","?","?"],"character_chosen":"IRONCLAD","items_purchased":["Lantern","Pummel","Anger","Shrug It Off"],"campfire_rested":1,"item_purchase_floors":[3,3,10,10],"current_hp_per_floor":[80,69,69,73,57,46,46,46,53,53,53,49,34,42,68,41,89,87,45,45,45,45,0],"gold":140,"neow_bonus":"HUNDRED_GOLD","is_prod":false,"is_daily":false,"chose_seed":false,"campfire_upgraded":1,"win_rate":0.0,"timestamp":1530851887,"path_taken":["M","?","$","M","?","E","R","?","T","?","?","?","E","M","R","BOSS","M","?","?","?","?","E"],"build_version":"2018-07-05","purchased_purges":1,"victory":false,"max_hp_per_floor":[80,80,80,80,80,80,80,80,87,87,87,87,87,89,89,89,89,91,45,45,45,45,45],"card_choices":[{"not_picked":["Iron Wave","Entrench"],"picked":"Anger","floor":1},{"not_picked":["Thunderclap","Cleave"],"picked":"Flex","floor":4},{"not_picked":["Blood for Blood","Double Tap"],"picked":"Ghostly Armor","floor":6},{"not_picked":["Spot Weakness","Rampage"],"picked":"Armaments","floor":8},{"not_picked":["Clash","Rage"],"picked":"True Grit","floor":12},{"not_picked":["Iron Wave","Shrug It Off"],"picked":"Anger","floor":13},{"not_picked":["Disarm","Headbutt","Thunderclap"],"picked":"Singing Bowl","floor":14},{"not_picked":["Double Tap","Feed"],"picked":"Impervious","floor":16},{"not_picked":["Rupture","Thunderclap","True Grit"],"picked":"Singing Bowl","floor":18}],"player_experience":95449,"relics_obtained":[{"floor":6,"key":"Pen Nib"},{"floor":9,"key":"Strawberry"},{"floor":13,"key":"Singing Bowl"}],"event_choices":[{"event_name":"World of Goop","player_choice":"Gather Gold","floor":2,"damage_taken":0},{"event_name":"Shining Light","player_choice":"Entered Light","floor":5,"damage_taken":0},{"event_name":"Big Fish","player_choice":"Box","floor":11,"damage_taken":0},{"event_name":"Ghosts","player_choice":"Became a Ghost","floor":19,"damage_taken":0},{"event_name":"Beggar","player_choice":"Gave Gold","floor":20,"damage_taken":0},{"event_name":"Back to Basics","player_choice":"Elegance","floor":21,"damage_taken":0},{"event_name":"The Mausoleum","player_choice":"No","floor":22,"damage_taken":0}],"boss_relics":[{"not_picked":["Black Star","Tiny House"],"picked":"Empty Cage"}],"items_purged_floors":[3],"is_endless":false,"potions_floor_spawned":[6,12,13,18],"killed_by":"Book of Stabbing","ascension_level":0}