{"gold_per_floor":[119,119,119,31,55,89,89,122,134,146,158,191,217,250,262,373,385,417,429,441,453,481,493,571,602,614,647,659,705,730,785,797,809],"floor_reached":33,"playtime":2185,"items_purged":[],"score":730,"play_id":"7a94c44b-2395-4081-8355-95a7b9cc71d6","local_time":"20190223000604","is_ascension_mode":true,"campfire_choices":[{"data":"Fiend Fire","floor":7,"key":"SMITH"},{"data":"Limit Break","floor":10,"key":"SMITH"},{"data":"Uppercut","floor":15,"key":"SMITH"},{"data":"True Grit","floor":23,"key":"SMITH"},{"data":"Spot Weakness","floor":28,"key":"SMITH"},{"floor":32,"key":"REST"}],"neow_cost":"PERCENT_DAMAGE","seed_source_timestamp":21324535931928,"circlet_count":0,"master_deck":["AscendersBane","Strike_R+1","Strike_R+1","Strike_R+1","Defend_R+1","Defend_R+1","Defend_R+1","Defend_R+1","Bash","Anger","Fiend Fire+1","Spot Weakness+1","Battle Trance","Limit Break+1","Uppercut+1","Flame Barrier","Offering","Flame Barrier","RitualDagger","True Grit+1","Headbutt","Pommel Strike"],"relics":["Burning Blood","Golden Idol","Bronze Scales","MawBank","Kunai","Busted Crown","Tiny Chest","Mercury Hourglass","Mummified Hand","Singing Bowl"],"potions_floor_usage":[8,16,24,29,31],"damage_taken":[{"damage":6,"enemies":"Jaw Worm","floor":1,"turns":7},{"damage":1,"enemies":"Small Slimes","floor":5,"turns":3},{"damage":25,"enemies":"Lagavulin","floor":6,"turns":6},{"damage":16,"enemies":"3 Sentries","floor":8,"turns":6},{"damage":1,"enemies":"2 Louse","floor":12,"turns":2},{"damage":6,"enemies":"Exordium Wildlife","floor":13,"turns":3},{"damage":10,"enemies":"Gremlin Gang","floor":14,"turns":4},{"damage":11,"enemies":"The Guardian","floor":16,"turns":7},{"damage":1,"enemies":"2 Thieves","floor":18,"turns":3},{"damage":6,"enemies":"3 Byrds","floor":22,"turns":2},{"damage":6,"enemies":"Book of Stabbing","floor":24,"turns":3},{"damage":12,"enemies":"Centurion and Healer","floor":25,"turns":7},{"damage":6,"enemies":"Snake Plant","floor":27,"turns":4},{"damage":6,"enemies":"Gremlin Leader","floor":29,"turns":4},{"damage":16,"enemies":"Snecko","floor":30,"turns":6},{"damage":25,"enemies":"Slavers","floor":31,"turns":5},{"damage":50,"enemies":"Champ","floor":33,"turns":7}],"seed_played":"-2072879009368800733","potions_obtained":[{"floor":6,"key":"EssenceOfSteel"},{"floor":13,"key":"Strength Potion"},{"floor":16,"key":"Fire Potion"},{"floor":18,"key":"Dexterity Potion"},{"floor":29,"key":"SteroidPotion"},{"floor":30,"key":"Poison Potion"}],"is_trial":false,"path_per_floor":["M","?","?","$","M","E","R","E","T","R","?","M","M","M","R","B",null,"M","?","?","?","M","R","E","M","T","M","R","E","M","E","R","B"],"character_chosen":"IRONCLAD","items_purchased":["Fiend Fire"],"campfire_rested":1,"item_purchase_floors":[4],"current_hp_per_floor":[50,50,50,50,55,36,36,26,26,26,26,31,31,27,27,22,57,62,62,56,56,56,56,56,50,50,50,50,50,40,21,41,0],"gold":809,"neow_bonus":"REMOVE_TWO","is_prod":false,"is_daily":false,"chose_seed":false,"campfire_upgraded":5,"win_rate":0,"timestamp":1550833564,"path_taken":["M","?","?","$","M","E","R","E","T","R","?","M","M","M","R","BOSS","M","?","?","?","M","R","E","M","T","?","R","E","M","E","R","BOSS"],"build_version":"2019-01-23","purchased_purges":0,"victory":false,"max_hp_per_floor":[75,75,68,68,68,68,68,68,68,68,68,68,68,68,68,68,68,68,68,68,68,68,68,68,68,68,68,68,68,68,68,68,68],"card_choices":[{"not_picked":["Warcry","Body Slam"],"picked":"Anger","floor":1},{"not_picked":["Cleave","Shockwave"],"picked":"Spot Weakness","floor":5},{"not_picked":["Iron Wave","Searing Blow"],"picked":"Battle Trance","floor":6},{"not_picked":["Armaments","Hemokinesis"],"picked":"Limit Break","floor":8},{"not_picked":["Cleave","Body Slam","Blood for Blood"],"picked":"SKIP","floor":12},{"not_picked":["Havoc","Infernal Blade"],"picked":"Uppercut","floor":13},{"not_picked":["Dropkick","Infernal Blade"],"picked":"Flame Barrier","floor":14},{"not_picked":["Dark Embrace","Impervious"],"picked":"Offering","floor":16},{"not_picked":[],"picked":"Flame Barrier","floor":18},{"not_picked":[],"picked":"True Grit","floor":22},{"not_picked":[],"picked":"Headbutt","floor":24},{"not_picked":["Rupture"],"picked":"SKIP","floor":25},{"not_picked":["Fire Breathing"],"picked":"SKIP","floor":27},{"not_picked":["Fire Breathing"],"picked":"SKIP","floor":27},{"not_picked":["Rampage"],"picked":"SKIP","floor":29},{"not_picked":["Intimidate"],"picked":"SKIP","floor":30},{"not_picked":[],"picked":"Pommel Strike","floor":31}],"player_experience":414361,"relics_obtained":[{"floor":6,"key":"Bronze Scales"},{"floor":8,"key":"MawBank"},{"floor":9,"key":"Kunai"},{"floor":24,"key":"Tiny Chest"},{"floor":26,"key":"Mercury Hourglass"},{"floor":29,"key":"Mummified Hand"},{"floor":31,"key":"Singing Bowl"}],"event_choices":[{"damage_healed":0,"gold_gain":0,"player_choice":"Ignored","damage_taken":0,"max_hp_gain":0,"max_hp_loss":0,"event_name":"Shining Light","floor":2,"gold_loss":0},{"damage_healed":0,"gold_gain":0,"player_choice":"Lose Max HP","damage_taken":0,"relics_obtained":["Golden Idol"],"max_hp_gain":0,"max_hp_loss":7,"event_name":"Golden Idol","floor":3,"gold_loss":0},{"damage_healed":0,"gold_gain":0,"player_choice":"Ignored","damage_taken":0,"max_hp_gain":0,"max_hp_loss":0,"event_name":"Liars Game","floor":11,"gold_loss":0},{"damage_healed":0,"gold_gain":0,"player_choice":"Ignored","damage_taken":0,"max_hp_gain":0,"max_hp_loss":0,"event_name":"Vampires","floor":19,"gold_loss":0},{"damage_healed":0,"gold_gain":0,"player_choice":"Joined the Cult","damage_taken":6,"max_hp_gain":0,"max_hp_loss":0,"event_name":"Nest","floor":20,"gold_loss":0,"cards_obtained":["RitualDagger"]},{"damage_healed":0,"gold_gain":0,"player_choice":"Simplicity","damage_taken":0,"max_hp_gain":0,"max_hp_loss":0,"event_name":"Back to Basics","floor":21,"gold_loss":0,"cards_upgraded":["Strike_R","Strike_R","Strike_R","Defend_R","Defend_R","Defend_R","Defend_R"]}],"is_beta":false,"boss_relics":[{"not_picked":["Calling Bell","Astrolabe"],"picked":"Busted Crown"}],"items_purged_floors":[],"is_endless":false,"potions_floor_spawned":[6,13,16,18,29,30],"killed_by":"Champ","ascension_level":20}