{"path_per_floor":["M","?","?","M","$","R","E","?","T","E","M","M","R","M","R","B",null,"M","?","T","M","M","E","M","R","T","R","?","$","M"],"character_chosen":"IRONCLAD","items_purchased":["SpeedPotion","Peace Pipe"],"gold_per_floor":[111,111,111,126,1,1,30,55,79,111,125,144,144,159,159,256,256,270,270,318,331,351,376,393,393,420,420,335,47,65,65],"floor_reached":31,"campfire_rested":2,"playtime":2532,"item_purchase_floors":[],"current_hp_per_floor":[80,80,80,80,80,80,80,68,68,70,76,80,80,80,80,46,80,65,49,49,42,45,42,36,60,60,60,60,60,35,0],"items_purged":["Strike_R"],"gold":65,"score":315,"play_id":"42e66459-e0c5-4189-931d-9277366f6dc7","local_time":"20180610211640","is_prod":false,"is_daily":false,"chose_seed":false,"is_ascension_mode":false,"campfire_upgraded":3,"win_rate":0.0,"timestamp":1528679800,"campfire_choices":[{"data":"Armaments","floor":6.0,"key":"SMITH"},{"data":"Warcry","floor":13.0,"key":"SMITH"},{"floor":15.0,"key":"REST"},{"floor":25,"key":"REST"},{"data":"Feel No Pain","floor":27,"key":"SMITH"}],"path_taken":["M","?","?","M","$","R","E","?","T","E","M","M","R","M","R","BOSS","M","?","?","M","M","E","M","R","T","R","?","$","M","E"],"build_version":"2018-06-07v3","seed_source_timestamp":0,"purchased_purges":1,"victory":false,"master_deck":["Strike_R","Defend_R","Defend_R+1","Defend_R","Bash","Impervious","Body Slam+1","Armaments+1","Hemokinesis","True Grit+1","Barricade","Headbutt","Warcry+1","Rupture","Impervious","Twin Strike+1","Anger+1","Barricade+1","Body Slam","Feel No Pain+1","Dual Wield","Battle Trance","Anger+1"],"max_hp_per_floor":[80,80,80,80,80,80,80,80,80,80,80,80,80,80,80,80,80,80,80,80,80,80,80,80,80,80,80,80,80,80,80],"relics":["Burning Blood","Centennial Puzzle","Odd Mushroom","Dream Catcher","Anchor","Astrolabe","War Paint","Juzu Bracelet","Ancient Tea Set","Regal Pillow","Peace Pipe"],"card_choices":[{"not_picked":["Heavy Blade","Rage"],"picked":"Body Slam","floor":1.0},{"not_picked":["Rupture","Heavy Blade"],"picked":"Armaments","floor":4.0},{"not_picked":["Fire Breathing","Dual Wield"],"picked":"Hemokinesis","floor":7.0},{"not_picked":["Iron Wave","Heavy Blade"],"picked":"True Grit","floor":8.0},{"not_picked":["Thunderclap","Pommel Strike"],"picked":"Barricade","floor":10.0},{"not_picked":["Thunderclap","Armaments"],"picked":"Headbutt","floor":11.0},{"not_picked":["Headbutt","Second Wind"],"picked":"Warcry","floor":12.0},{"not_picked":["Iron Wave","Reckless Charge","Anger"],"picked":"SKIP","floor":14.0},{"not_picked":["Limit Break","Headbutt"],"picked":"Rupture","floor":15.0},{"not_picked":["Barricade","Bludgeon"],"picked":"Impervious","floor":16.0},{"not_picked":["Metallicize","Flame Barrier"],"picked":"Body Slam","floor":18},{"not_picked":["True Grit+1","Thunderclap"],"picked":"Feel No Pain","floor":21},{"not_picked":["Twin Strike","Rage","Cleave"],"picked":"SKIP","floor":22},{"not_picked":["Sword Boomerang","Flex+1"],"picked":"Dual Wield","floor":23},{"not_picked":["Iron Wave","Body Slam","Reckless Charge"],"picked":"SKIP","floor":24},{"not_picked":["Iron Wave","Perfected Strike"],"picked":"Battle Trance","floor":25},{"not_picked":["Sword Boomerang+1","Blood for Blood"],"picked":"Anger+1","floor":30}],"player_experience":13034,"potions_floor_usage":[21,23,30,31,31],"damage_taken":[{"damage":3.0,"enemies":"Small Slimes","floor":1.0,"turns":5.0},{"damage":1.0,"enemies":"Cultist","floor":4.0,"turns":4.0},{"damage":0.0,"enemies":"Gremlin Nob","floor":7.0,"turns":2.0},{"damage":18.0,"floor":8.0,"turns":4.0},{"damage":4.0,"enemies":"3 Sentries","floor":10.0,"turns":7.0},{"damage":0.0,"enemies":"2 Louse","floor":11.0,"turns":2.0},{"damage":2.0,"enemies":"Blue Slaver","floor":12.0,"turns":2.0},{"damage":3.0,"enemies":"2 Fungi Beasts","floor":14.0,"turns":3.0},{"damage":40.0,"enemies":"The Guardian","floor":16.0,"turns":10.0},{"damage":21,"enemies":"Spheric Guardian","floor":18,"turns":5},{"damage":13,"enemies":"2 Thieves","floor":21,"turns":3},{"damage":3,"enemies":"Snake Plant","floor":22,"turns":4},{"damage":9,"enemies":"Book of Stabbing","floor":23,"turns":6},{"damage":12,"enemies":"Centurion and Healer","floor":24,"turns":6},{"damage":31,"enemies":"Cultist and Chosen","floor":30,"turns":8},{"damage":40,"enemies":"Gremlin Leader","floor":31,"turns":4}],"relics_obtained":[{"floor":7.0,"key":"Centennial Puzzle"},{"floor":8.0,"key":"Odd Mushroom"},{"floor":9.0,"key":"Dream Catcher"},{"floor":10.0,"key":"Anchor"},{"floor":20,"key":"War Paint"},{"floor":23,"key":"Juzu Bracelet"},{"floor":26,"key":"Ancient Tea Set"}],"event_choices":[{"event_name":"Purifier","player_choice":"One Purge","floor":2.0,"damage_taken":0.0},{"event_name":"Living Wall","player_choice":"Grow","floor":3.0,"damage_taken":0.0},{"event_name":"Mushrooms","player_choice":"Fought Mushrooms","floor":8.0,"damage_taken":0.0},{"event_name":"Cursed Tome","player_choice":"Obtained Book","floor":19,"damage_taken":0},{"event_name":"Addict","player_choice":"Obtained Relic","floor":28,"damage_taken":0}],"boss_relics":[{"not_picked":["Snecko Eye","Tiny House"],"picked":"Astrolabe"}],"items_purged_floors":[],"potions_floor_spawned":[7,8,10,12,22,23,24,30],"seed_played":"-2960387026922110673","killed_by":"Gremlin Leader","ascension_level":0,"potions_obtained":[{"floor":7.0,"key":"Fire Potion"},{"floor":8.0,"key":"FearPotion"},{"floor":12.0,"key":"Ancient Potion"},{"floor":22,"key":"FearPotion"},{"floor":23,"key":"Strength Potion"},{"floor":24,"key":"Block Potion"},{"floor":30,"key":"AttackPotion"}],"is_trial":false}