{"gold_per_floor":[119,139,152,170,180,180,206,206,232,263,263,289,54,68,68,145,145,159,177,177,177,177,177,206,206,206,206],"floor_reached":27,"playtime":2759,"items_purged":[],"score":502,"play_id":"aeae4e3d-85e6-4d42-89ef-3157342a6931","local_time":"20181121200118","is_ascension_mode":true,"campfire_choices":[{"data":"Neutralize","floor":6.0,"key":"SMITH"},{"floor":8.0,"key":"REST"},{"data":"Noxious Fumes","floor":15.0,"key":"SMITH"},{"floor":23.0,"key":"REST"}],"neow_cost":"NONE","seed_source_timestamp":3912426897674,"circlet_count":0,"master_deck":["AscendersBane","Defend_G","Defend_G","Defend_G","Defend_G","Defend_G","Strike_G","Strike_G","Strike_G","Strike_G","Strike_G","Survivor","Neutralize+1","After Image","Predator","Dagger Spray","Terror","Poisoned Stab+1","Skewer+1","Blade Dance","Noxious Fumes+1","After Image","Cloak And Dagger","Die Die Die"],"special_seed":0,"relics":["Ring of the Snake","Sundial","Pen Nib","Potion Belt","MawBank","Whetstone","Sozu","MutagenicStrength","The Courier","Dead Branch","Pantograph"],"potions_floor_usage":[],"damage_taken":[{"damage":0.0,"enemies":"Cultist","floor":1.0,"turns":4.0},{"damage":3.0,"enemies":"Small Slimes","floor":2.0,"turns":6.0},{"damage":0.0,"enemies":"2 Louse","floor":3.0,"turns":4.0},{"damage":0.0,"enemies":"Looter","floor":4.0,"turns":3.0},{"damage":11.0,"enemies":"Large Slime","floor":5.0,"turns":7.0},{"damage":13.0,"enemies":"3 Sentries","floor":7.0,"turns":9.0},{"damage":10.0,"enemies":"Lagavulin","floor":10.0,"turns":9.0},{"damage":14.0,"enemies":"3 Sentries","floor":12.0,"turns":10.0},{"damage":7.0,"enemies":"Exordium Thugs","floor":14.0,"turns":3.0},{"damage":20.0,"enemies":"Hexaghost","floor":16.0,"turns":8.0},{"damage":8.0,"enemies":"Chosen","floor":18.0,"turns":4.0},{"damage":9.0,"enemies":"Spheric Guardian","floor":19.0,"turns":4.0},{"damage":21.0,"enemies":"Colosseum Slavers","floor":20.0,"turns":5.0},{"damage":10.0,"enemies":"Gremlin Leader","floor":24.0,"turns":6.0},{"damage":30,"enemies":"Book of Stabbing","floor":27,"turns":2}],"seed_played":"5648241725551708375","potions_obtained":[{"floor":1.0,"key":"Ancient Potion"},{"floor":5.0,"key":"Block Potion"},{"floor":16.0,"key":"GamblersBrew"}],"is_trial":false,"path_per_floor":["M","M","M","M","M","R","E","R","T","E","?","E","$","M","R","B",null,"M","M","?","?","?","R","E","?","T","E"],"character_chosen":"THE_SILENT","items_purchased":["Noxious Fumes","Whetstone"],"campfire_rested":2,"item_purchase_floors":[13,13],"current_hp_per_floor":[59,56,56,56,45,45,32,51,51,41,66,52,52,45,45,25,56,48,39,18,18,18,37,27,27,27,0],"gold":206,"neow_bonus":"ONE_RANDOM_RARE_CARD","is_prod":false,"is_daily":false,"chose_seed":false,"campfire_upgraded":2,"win_rate":0,"timestamp":1542826878,"path_taken":["M","M","M","M","M","R","E","R","T","E","?","E","$","?","R","BOSS","M","?","?","?","?","R","E","?","T","E"],"build_version":"2018-11-15","purchased_purges":0,"victory":false,"max_hp_per_floor":[66,66,66,66,66,66,66,66,66,66,66,66,66,66,66,66,66,66,66,66,66,66,66,66,66,66,66],"card_choices":[{"not_picked":["Poisoned Stab","Blade Dance"],"picked":"Predator","floor":1.0},{"not_picked":["Expertise","Backflip"],"picked":"Dagger Spray","floor":2.0},{"not_picked":["Expertise","Underhanded Strike"],"picked":"Calculated Gamble","floor":3.0},{"not_picked":["Sucker Punch","Bane"],"picked":"Terror","floor":4.0},{"not_picked":["Calculated Gamble","Reflex"],"picked":"Poisoned Stab","floor":5.0},{"not_picked":["Deadly Poison","Setup","Distraction"],"picked":"SKIP","floor":7.0},{"not_picked":["PiercingWail","Blade Dance"],"picked":"Skewer","floor":10.0},{"not_picked":["Backflip","Envenom"],"picked":"Blade Dance","floor":12.0},{"not_picked":["Distraction","Sucker Punch","Backflip"],"picked":"SKIP","floor":14.0},{"not_picked":["Die Die Die","Phantasmal Killer"],"picked":"After Image","floor":16.0},{"not_picked":["PiercingWail","Deflect"],"picked":"Cloak And Dagger","floor":18.0},{"not_picked":["Choke","Setup","Outmaneuver"],"picked":"SKIP","floor":19.0},{"not_picked":["Eviscerate","Dagger Throw"],"picked":"Die Die Die","floor":24.0}],"player_experience":1808038,"relics_obtained":[{"floor":7.0,"key":"Sundial"},{"floor":9.0,"key":"Pen Nib"},{"floor":10.0,"key":"Potion Belt"},{"floor":12.0,"key":"MawBank"},{"floor":24.0,"key":"The Courier"},{"floor":26.0,"key":"Pantograph"}],"event_choices":[{"cards_removed":["Calculated Gamble"],"damage_healed":25.0,"max_hp_gain":0.0,"max_hp_loss":0.0,"gold_gain":0.0,"event_name":"Bonfire Elementals","player_choice":"Offered Uncommon","floor":11.0,"gold_loss":0.0,"damage_taken":0.0},{"damage_healed":0.0,"max_hp_gain":0.0,"max_hp_loss":0.0,"gold_gain":0.0,"event_name":"Colosseum","player_choice":"Fight","floor":20.0,"gold_loss":0.0,"damage_taken":0.0},{"damage_healed":0.0,"max_hp_gain":0.0,"max_hp_loss":0.0,"gold_gain":0.0,"event_name":"Colosseum","player_choice":"Fled From Nobs","floor":20.0,"gold_loss":0.0,"damage_taken":0.0},{"damage_healed":0.0,"max_hp_gain":0.0,"max_hp_loss":0.0,"gold_gain":0.0,"event_name":"Cursed Tome","player_choice":"Ignored","floor":21.0,"gold_loss":0.0,"damage_taken":0.0},{"damage_healed":0.0,"max_hp_gain":0.0,"max_hp_loss":0.0,"gold_gain":0.0,"event_name":"Drug Dealer","player_choice":"Inject Mutagens","floor":22.0,"gold_loss":0.0,"damage_taken":0.0,"relics_obtained":["MutagenicStrength"]},{"damage_healed":0.0,"max_hp_gain":0.0,"max_hp_loss":0.0,"gold_gain":0.0,"event_name":"WeMeetAgain","player_choice":"Gave Potion","floor":25.0,"gold_loss":0.0,"damage_taken":0.0,"relics_obtained":["Dead Branch"]}],"is_beta":false,"boss_relics":[{"not_picked":["Black Star","Astrolabe"],"picked":"Sozu"}],"items_purged_floors":[],"is_endless":false,"potions_floor_spawned":[1,5,16,20,24],"killed_by":"Book of Stabbing","ascension_level":20}