{"gold_per_floor":[142,142,172,124,174,262,262,421,421,421,459,504,549,592,592,832,832,862,937,261,289,289,289,329,329,329,374,374,404,404,447,447,702,702,740,377,420,121,121],"floor_reached":39,"playtime":2187,"items_purged":["Flex"],"score":544,"play_id":"90020d66-f9c9-4a44-83f8-75cbc617f120","local_time":"20181016163835","daily_mods":["SealedDeck","Green Cards","Heirloom","MonsterHunter"],"is_ascension_mode":true,"campfire_choices":[{"data":"Cloak And Dagger","floor":7.0,"key":"SMITH"},{"data":"Blade Dance","floor":10.0,"key":"SMITH"},{"floor":15.0,"key":"DIG"},{"data":"1","floor":23.0,"key":"LIFT"},{"data":"2","floor":30.0,"key":"LIFT"},{"floor":32,"key":"DIG"}],"neow_cost":"","seed_source_timestamp":15468597737806,"circlet_count":0,"master_deck":["Flex","Sneak Up","Dagger Throw","ReplayTheSpireMod:Scrap Shanks","Fire Breathing","Hidden Blade","Cloak And Dagger+1","Dash+1","Whirlwind","Slice","Blade Dance+1","hubris:SlightOfHand","Backflip","Exhume","Deflect","Burst","Sword Boomerang","Master of Strategy","Deflect","Leg Sweep","Thunderclap+1"],"special_seed":0,"relics":["Burning Blood","Shovel","infinitespire:FocusingShard","infinitespire:Lucky Rock","Blood Vial","Girya","Ring of Chaos","Red Mask","Garlic","Dream Catcher","Singing Bowl","Simple Rune","Pandora\u0027s Box","Lee\u0027s Waffle","Bronze Scales","infinitespire:Joker Card"],"potions_floor_usage":[],"damage_taken":[{"damage":1.0,"enemies":"Jaw Worm","floor":1.0,"turns":6.0},{"damage":0.0,"enemies":"Small Slimes","floor":3.0,"turns":3.0},{"damage":0.0,"enemies":"Cultist","floor":5.0,"turns":4.0},{"damage":10.0,"enemies":"3 Sentries","floor":6.0,"turns":6.0},{"damage":21.0,"enemies":"Gremlin Nob","floor":8.0,"turns":4.0},{"damage":13.0,"enemies":"Blue Slaver","floor":11.0,"turns":4.0},{"damage":10.0,"enemies":"Large Slime","floor":12.0,"turns":5.0},{"damage":7.0,"enemies":"Looter","floor":13.0,"turns":4.0},{"damage":8.0,"enemies":"Blue Slaver","floor":14.0,"turns":4.0},{"damage":35.0,"enemies":"Hexaghost","floor":16.0,"turns":10.0},{"damage":29.0,"enemies":"Chosen","floor":18.0,"turns":8.0},{"damage":33.0,"enemies":"Masked Bandits","floor":19.0,"turns":4.0},{"damage":2.0,"enemies":"Shell Parasite","floor":21.0,"turns":3.0},{"damage":4.0,"enemies":"Chosen and Byrds","floor":24.0,"turns":3.0},{"damage":8.0,"enemies":"Centurion and Healer","floor":27.0,"turns":3.0},{"damage":3.0,"enemies":"Shelled Parasite and Fungi","floor":29.0,"turns":3.0},{"damage":20,"enemies":"Cultist and Chosen","floor":31,"turns":6},{"damage":17,"enemies":"hubris:MusketHawk","floor":33,"turns":6},{"damage":28,"enemies":"3 Darklings","floor":35,"turns":6},{"damage":6,"enemies":"Orb Walker","floor":37,"turns":5},{"damage":106,"enemies":"Mysterious Sphere","floor":39,"turns":5}],"seed_played":"8005801348973125883","potions_obtained":[{"floor":1.0,"key":"SteroidPotion"},{"floor":3.0,"key":"AttackPotion"},{"floor":6.0,"key":"EntropicBrew"},{"floor":8.0,"key":"Adrenaline Potion"},{"floor":16.0,"key":"PowerPotion"},{"floor":19.0,"key":"Dexterity Potion"}],"is_trial":true,"path_per_floor":["M","?","M","$","M","E","R","E","T","R","M","M","M","M","R","B",null,"M","?","$","M","?","R","M","?","T","M","?","M","R","M","R","B",null,"M","$","M","$"],"character_chosen":"IRONCLAD","items_purchased":["hubris:SlightOfHand","Garlic","Dream Catcher","Master of Strategy","Lee\u0027s Waffle","Bronze Scales","infinitespire:Joker Card"],"campfire_rested":0,"item_purchase_floors":[4,20,20,20,36,36,38],"current_hp_per_floor":[80,80,80,80,80,76,76,61,61,61,56,54,55,55,55,28,67,46,21,21,27,53,53,57,57,57,57,57,64,64,54,54,47,76,58,95,95,95,0],"gold":121,"neow_bonus":"","is_prod":false,"is_daily":false,"chose_seed":false,"campfire_upgraded":2,"win_rate":0,"timestamp":1539700715,"path_taken":["M","?","M","$","M","E","R","E","T","R","M","M","M","?","R","BOSS","M","?","$","M","?","R","M","?","T","M","?","M","R","M","R","BOSS","M","$","M","$","?"],"build_version":"2018-10-04v2","purchased_purges":1,"victory":false,"max_hp_per_floor":[80,80,80,80,80,80,80,80,80,80,80,80,80,80,80,80,80,80,80,80,80,80,80,80,80,80,80,80,82,82,84,84,86,86,88,95,95,95,95],"card_choices":[{"not_picked":["Headbutt","Underhanded Strike"],"picked":"Slice","floor":1.0},{"not_picked":["Body Slam","Armaments"],"picked":"Blade Dance","floor":3.0},{"not_picked":["Whirlwind","Sucker Punch"],"picked":"Backflip","floor":5.0},{"not_picked":["Iron Wave","Clash"],"picked":"Flex","floor":6.0},{"not_picked":["Well Laid Plans","Pummel"],"picked":"Exhume","floor":8.0},{"not_picked":["Armaments","Twin Strike","Outmaneuver"],"picked":"SKIP","floor":11.0},{"not_picked":["Concentrate","Iron Wave","ReplayTheSpireMod:Strike From Hell"],"picked":"SKIP","floor":12.0},{"not_picked":["Flying Knee","Wild Strike","Well Laid Plans"],"picked":"SKIP","floor":13.0},{"not_picked":["Headbutt","Deadly Poison"],"picked":"Deflect","floor":14.0},{"not_picked":["Barricade","Hemogenesis"],"picked":"Burst","floor":16.0},{"not_picked":["ReplayTheSpireMod:Scrap Shanks","Fluid Movement+1","Underhanded Strike"],"picked":"SKIP","floor":18.0},{"not_picked":["Outmaneuver","Prepared"],"picked":"Sword Boomerang","floor":19.0},{"not_picked":["Armaments","Feel No Pain","Run Through"],"picked":"SKIP","floor":21.0},{"not_picked":["Outmaneuver","Pummel"],"picked":"Deflect","floor":24.0},{"not_picked":["Malaise","Flex"],"picked":"Leg Sweep","floor":27.0},{"not_picked":["Carnage+1","Flying Knee+1","Slice"],"picked":"Singing Bowl","floor":29.0},{"not_picked":["hubris:TrickCloak","Searing Blow","Intimidate"],"picked":"Singing Bowl","floor":31},{"not_picked":["Wraith Form v2","Eclipse","Night Terror"],"picked":"Singing Bowl","floor":33},{"not_picked":["Hidden Blade","Underhanded Strike+1","Iron Wave"],"picked":"Singing Bowl","floor":35},{"not_picked":["Fluid Movement","Bouncing Flask+1"],"picked":"Thunderclap+1","floor":37}],"player_experience":993663,"relics_obtained":[{"floor":6.0,"key":"infinitespire:FocusingShard"},{"floor":8.0,"key":"infinitespire:Lucky Rock"},{"floor":9.0,"key":"Blood Vial"},{"floor":15.0,"key":"Girya"},{"floor":19.0,"key":"Red Mask"},{"floor":26.0,"key":"Singing Bowl"},{"floor":32,"key":"Simple Rune"}],"event_choices":[{"event_name":"Masked Bandits","player_choice":"Fought Bandits","floor":19.0,"damage_taken":0.0},{"event_name":"The Library","player_choice":"Heal","floor":22.0,"damage_taken":0.0},{"event_name":"Vampires","player_choice":"Ignored","floor":25.0,"damage_taken":0.0},{"event_name":"Back to Basics","player_choice":"Elegance","floor":28.0,"damage_taken":0.0},{"event_name":"Mysterious Sphere","player_choice":"Fight","floor":39,"damage_taken":0}],"is_beta":false,"boss_relics":[{"not_picked":["hubris:ScarierMask","Astrolabe"],"picked":"Ring of Chaos"},{"not_picked":["hubris:BlackHole","Calling Bell"],"picked":"Pandora\u0027s Box"}],"items_purged_floors":[20],"is_endless":false,"potions_floor_spawned":[1,3,6,8,16,19,21,24,27],"killed_by":"Mysterious Sphere","ascension_level":5}