{"gold_per_floor":[17,28,28,40,5,5,23,23,23,39,39,39,55,70,70,200,200,214,3,28,43,68,68,338,361,386,386,406,406],"floor_reached":29,"playtime":1877,"items_purged":[],"score":221,"play_id":"5ef30fb6-2034-433c-a97d-41f77b11f2e5","local_time":"20181216000330","is_ascension_mode":false,"campfire_choices":[{"data":"Bouncing Flask","floor":6,"key":"SMITH"},{"data":"Caltrops","floor":8,"key":"SMITH"},{"data":"Cloak And Dagger","floor":11,"key":"SMITH"},{"data":"Leg Sweep","floor":15,"key":"SMITH"},{"data":"Storm of Steel","floor":23,"key":"SMITH"},{"floor":27,"key":"REST"}],"neow_cost":"NO_GOLD","seed_source_timestamp":626157084204313,"circlet_count":0,"master_deck":["Defend_G","Defend_G","Defend_G","Defend_G","Strike_G","Strike_G","Strike_G","Strike_G","Survivor","Neutralize","PiercingWail","Skewer","Cloak And Dagger+1","Bouncing Flask+1","Quick Slash","All Out Attack","Caltrops+1","All Out Attack","Injury","Leg Sweep+1","Dagger Spray","Storm of Steel+1","Noxious Fumes","Panache","Prepared","Bouncing Flask","Dodge and Roll+1","Flying Knee","Flash of Steel","Calculated Gamble"],"relics":["Ring of the Snake","Unceasing Top","Golden Idol","Busted Crown","Smiling Mask"],"potions_floor_usage":[7,7,16,18,22,25],"damage_taken":[{"damage":0,"enemies":"Small Slimes","floor":1,"turns":2},{"damage":1,"enemies":"Cultist","floor":2,"turns":4},{"damage":3,"enemies":"Jaw Worm","floor":4,"turns":3},{"damage":5,"enemies":"Gremlin Gang","floor":7,"turns":4},{"damage":2,"enemies":"Large Slime","floor":10,"turns":6},{"damage":0,"enemies":"Lots of Slimes","floor":13,"turns":2},{"damage":0,"enemies":"3 Louse","floor":14,"turns":2},{"damage":22,"enemies":"Hexaghost","floor":16,"turns":9},{"damage":3,"enemies":"Chosen","floor":18,"turns":5},{"damage":1,"enemies":"3 Byrds","floor":20,"turns":3},{"damage":3,"enemies":"Centurion and Healer","floor":21,"turns":5},{"damage":7,"enemies":"Snake Plant","floor":22,"turns":3},{"damage":16,"enemies":"Sentry and Sphere","floor":25,"turns":6},{"damage":20,"enemies":"Shelled Parasite and Fungi","floor":28,"turns":5},{"damage":8,"enemies":"Centurion and Healer","floor":29,"turns":2}],"seed_played":"8811194505619224459","potions_obtained":[{"floor":2,"key":"Strength Potion"},{"floor":3,"key":"Weak Potion"},{"floor":3,"key":"SkillPotion"},{"floor":3,"key":"SkillPotion"},{"floor":7,"key":"Block Potion"},{"floor":14,"key":"EssenceOfSteel"},{"floor":16,"key":"Block Potion"},{"floor":18,"key":"SpeedPotion"},{"floor":22,"key":"Block Potion"},{"floor":28,"key":"Poison Potion"}],"is_trial":false,"path_per_floor":["M","M","?","M","$","R","M","R","T","M","R","?","M","M","R","B",null,"M","$","M","M","M","R","?","M","T","R","M","M"],"character_chosen":"THE_SILENT","items_purchased":["All Out Attack","Panache","Prepared"],"campfire_rested":1,"item_purchase_floors":[5,19,19],"current_hp_per_floor":[70,69,69,66,66,66,61,61,61,59,59,59,59,59,59,37,70,67,67,66,63,56,56,21,5,5,26,6,0],"gold":406,"neow_bonus":"TRANSFORM_TWO_CARDS","is_prod":false,"is_daily":false,"chose_seed":false,"campfire_upgraded":5,"win_rate":0.0,"timestamp":1544871810,"path_taken":["M","M","?","M","?","R","M","R","T","M","R","?","?","M","R","BOSS","M","$","M","?","M","R","?","M","T","R","M","?"],"build_version":"2018-12-13","purchased_purges":0,"victory":false,"max_hp_per_floor":[70,70,70,70,70,70,70,70,70,70,70,70,70,70,70,70,70,70,70,70,70,70,70,70,70,70,70,70,70],"card_choices":[{"not_picked":["Dagger Throw","Flying Knee"],"picked":"Cloak And Dagger","floor":1},{"not_picked":["Sucker Punch","Flying Knee"],"picked":"Bouncing Flask","floor":2},{"not_picked":["Slice","Reflex"],"picked":"Quick Slash","floor":4},{"not_picked":["Quick Slash","Backflip"],"picked":"Caltrops","floor":7},{"not_picked":["Dagger Throw","Night Terror"],"picked":"All Out Attack","floor":10},{"not_picked":["Heel Hook","Endless Agony"],"picked":"Leg Sweep","floor":13},{"not_picked":["Setup","Bane"],"picked":"Dagger Spray","floor":14},{"not_picked":["Phantasmal Killer","Grand Finale"],"picked":"Storm of Steel","floor":16},{"not_picked":[],"picked":"Noxious Fumes","floor":18},{"not_picked":[],"picked":"Bouncing Flask","floor":20},{"not_picked":[],"picked":"Dodge and Roll+1","floor":21},{"not_picked":[],"picked":"Flying Knee","floor":22},{"not_picked":["Eviscerate+1"],"picked":"SKIP","floor":25},{"not_picked":[],"picked":"Calculated Gamble","floor":28}],"player_experience":462605,"relics_obtained":[{"floor":9,"key":"Unceasing Top"},{"floor":26,"key":"Smiling Mask"}],"event_choices":[{"damage_healed":0,"gold_gain":0,"player_choice":"Got Potions","damage_taken":0,"max_hp_gain":0,"max_hp_loss":0,"event_name":"Lab","floor":3,"gold_loss":0},{"damage_healed":0,"gold_gain":0,"player_choice":"Take Wound","damage_taken":0,"relics_obtained":["Golden Idol"],"max_hp_gain":0,"max_hp_loss":0,"event_name":"Golden Idol","floor":12,"gold_loss":0,"cards_obtained":["Injury"]},{"damage_healed":0,"gold_gain":270,"player_choice":"CARD GOLD GOLD GOLD ","damage_taken":35,"max_hp_gain":0,"max_hp_loss":0,"event_name":"Knowing Skull","floor":24,"potions_obtained":[],"gold_loss":0,"cards_obtained":["Flash of Steel"]}],"is_beta":false,"boss_relics":[{"not_picked":["White Beast Statue","Runic Dome"],"picked":"Busted Crown"}],"items_purged_floors":[],"is_endless":false,"potions_floor_spawned":[2,4,7,14,16,18,22,28],"killed_by":"Centurion and Healer","ascension_level":0}