{"gold_per_floor":[118,118,18,33,33,33,46,46,71,85,85,114,114,114,114,189,189,201,211,211,211,234,234,234,10,10,28,63,87,11,30,30,103,103,118,118,118,128,148,148,161,161,161,161],"floor_reached":44,"playtime":1596,"items_purged":["Strike_B","Strike_B"],"score":848,"play_id":"041ccc2c-9191-4ab6-8903-20d09563ed72","local_time":"20181210172511","is_ascension_mode":true,"campfire_choices":[{"data":"Streamline","floor":6,"key":"SMITH"},{"data":"Zap","floor":8,"key":"SMITH"},{"data":"Capacitor","floor":11,"key":"SMITH"},{"floor":13,"key":"REST"},{"data":"Dualcast","floor":15,"key":"SMITH"},{"data":"Electrodynamics","floor":23,"key":"SMITH"},{"data":"Chill","floor":24,"key":"SMITH"},{"floor":32,"key":"REST"},{"floor":40,"key":"REST"},{"floor":42,"key":"REST"}],"neow_cost":"NONE","seed_source_timestamp":4165292462563,"circlet_count":0,"master_deck":["AscendersBane","Defend_B","Defend_B+1","Defend_B+1","Defend_B","Zap+1","Dualcast+1","Compile Driver","Streamline+1","Chill+1","Capacitor+1","Cold Snap","Electrodynamics+1","Ball Lightning","Tempest+1","Coolheaded","Echo Form","Seek","Capacitor","Parasite"],"relics":["Cracked Core","WingedGreaves","DataDisk","Bronze Scales","Pen Nib","Pear","Lizard Tail","Membership Card","Ornamental Fan","Art of War","War Paint","Orrery","Singing Bowl"],"potions_floor_usage":[16],"damage_taken":[{"damage":0,"enemies":"2 Louse","floor":1,"turns":1},{"damage":1,"enemies":"Cultist","floor":4,"turns":3},{"damage":0,"enemies":"Small Slimes","floor":7,"turns":2},{"damage":8,"enemies":"Exordium Wildlife","floor":10,"turns":4},{"damage":31,"enemies":"Gremlin Nob","floor":12,"turns":4},{"damage":9,"enemies":"The Guardian","floor":16,"turns":9},{"damage":11,"enemies":"2 Thieves","floor":18,"turns":4},{"damage":5,"enemies":"Chosen","floor":19,"turns":4},{"damage":4,"enemies":"3 Cultists","floor":27,"turns":3},{"damage":53,"enemies":"Slavers","floor":28,"turns":4},{"damage":6,"enemies":"Chosen and Byrds","floor":31,"turns":4},{"damage":34,"enemies":"Collector","floor":33,"turns":9},{"damage":7,"enemies":"Orb Walker","floor":35,"turns":3},{"damage":13,"enemies":"3 Darklings","floor":38,"turns":3},{"damage":32,"enemies":"Writhing Mass","floor":39,"turns":7},{"damage":26,"enemies":"Maw","floor":41,"turns":7},{"damage":68,"enemies":"Transient","floor":44,"turns":5}],"seed_played":"-8057554996830224220","potions_obtained":[{"floor":4,"key":"Poison Potion"},{"floor":7,"key":"LiquidBronze"},{"floor":16,"key":"SpeedPotion"}],"is_trial":false,"path_per_floor":["M","?","$","M","?","R","M","R","T","M","R","E","R","T","R","B",null,"M","M","?","?","T","R","R","$","T","M","E","T","$","M","R","B",null,"M","?","?","M","M","R","M","R","T","M"],"character_chosen":"DEFECT","items_purchased":["Compile Driver","Membership Card","Coolheaded"],"campfire_rested":4,"item_purchase_floors":[3,25,30],"current_hp_per_floor":[64,64,64,63,58,58,58,58,58,50,50,19,40,50,50,41,71,60,55,55,55,55,55,55,55,55,51,40,40,40,34,58,24,67,60,60,60,47,15,39,13,37,37,0],"gold":161,"neow_bonus":"REMOVE_CARD","is_prod":false,"is_daily":false,"chose_seed":false,"campfire_upgraded":6,"win_rate":0,"timestamp":1544430311,"path_taken":["M","?","$","?","?","R","M","R","T","M","R","E","R","?","R","BOSS","M","M","?","?","?","R","R","?","T","?","E","?","$","M","R","BOSS","M","?","?","M","M","R","M","R","T","M"],"build_version":"2018-12-06","purchased_purges":2,"victory":false,"max_hp_per_floor":[71,71,71,71,71,71,71,71,71,71,71,71,71,81,81,81,81,81,81,81,81,81,81,81,81,81,81,81,81,81,81,81,81,81,81,81,81,81,81,81,81,81,81,81],"card_choices":[{"not_picked":["Barrage","Capacitor"],"picked":"Ball Lightning","floor":1},{"not_picked":["White Noise","Undo"],"picked":"Streamline","floor":4},{"not_picked":["Compile Driver","Doom and Gloom"],"picked":"Chill","floor":7},{"not_picked":["Force Field","FTL"],"picked":"Capacitor","floor":10},{"not_picked":["Hologram","Consume"],"picked":"Cold Snap","floor":12},{"not_picked":["Rainbow","Machine Learning"],"picked":"Electrodynamics","floor":16},{"not_picked":["Static Discharge","Auto Shields","Lockon"],"picked":"SKIP","floor":18},{"not_picked":["Steam","Sweeping Beam"],"picked":"Ball Lightning","floor":19},{"not_picked":["Steam","Beam Cell","Cold Snap+1"],"picked":"SKIP","floor":27},{"not_picked":["Cold Snap","Steam"],"picked":"Tempest+1","floor":28},{"not_picked":["Storm","Heatsinks","Rebound+1"],"picked":"SKIP","floor":31},{"not_picked":["Thunder Strike","Biased Cognition"],"picked":"Echo Form","floor":33},{"not_picked":["Conserve Battery+1","Hologram"],"picked":"Seek","floor":34},{"not_picked":["Beam Cell","Rip and Tear"],"picked":"Capacitor","floor":34},{"not_picked":["Cold Snap+1","Go for the Eyes","Steam+1"],"picked":"SKIP","floor":35},{"not_picked":["Gash+1","Streamline","Cold Snap+1"],"picked":"SKIP","floor":38},{"not_picked":["Rip and Tear","Doom and Gloom","Gash"],"picked":"SKIP","floor":39},{"not_picked":["Rebound","Leap","Gash"],"picked":"SKIP","floor":41}],"player_experience":795501,"relics_obtained":[{"floor":9,"key":"Bronze Scales"},{"floor":12,"key":"Pen Nib"},{"floor":14,"key":"Pear"},{"floor":26,"key":"Ornamental Fan"},{"floor":28,"key":"Art of War"},{"floor":29,"key":"War Paint"},{"floor":43,"key":"Singing Bowl"}],"event_choices":[{"cards_removed":["Ball Lightning"],"damage_healed":0,"gold_gain":0,"player_choice":"Gave Card","damage_taken":0,"relics_obtained":["WingedGreaves"],"max_hp_gain":0,"max_hp_loss":0,"event_name":"WeMeetAgain","floor":2,"gold_loss":0},{"damage_healed":0,"gold_gain":0,"player_choice":"Success","damage_taken":5,"relics_obtained":["DataDisk"],"max_hp_gain":0,"max_hp_loss":0,"event_name":"Scrap Ooze","floor":5,"gold_loss":0},{"damage_healed":0,"gold_gain":0,"player_choice":"Ignored","damage_taken":0,"max_hp_gain":0,"max_hp_loss":0,"event_name":"The Mausoleum","floor":20,"gold_loss":0},{"damage_healed":0,"gold_gain":0,"player_choice":"Ignored","damage_taken":0,"max_hp_gain":0,"max_hp_loss":0,"event_name":"Cursed Tome","floor":21,"gold_loss":0},{"cards_removed":["Strike_B"],"damage_healed":0,"gold_gain":0,"player_choice":"Removed Attack","damage_taken":0,"max_hp_gain":0,"max_hp_loss":0,"event_name":"Falling","floor":36,"gold_loss":0},{"damage_healed":0,"gold_gain":0,"player_choice":"Ignored","damage_taken":0,"max_hp_gain":0,"max_hp_loss":0,"event_name":"Mysterious Sphere","floor":37,"gold_loss":0}],"is_beta":false,"boss_relics":[{"not_picked":["Fusion Hammer","Snecko Eye"],"picked":"Lizard Tail"},{"not_picked":["Coffee Dripper","White Beast Statue"],"picked":"Orrery"}],"items_purged_floors":[3,30],"is_endless":false,"potions_floor_spawned":[4,7,16,18,38],"killed_by":"Transient","ascension_level":20}