{"gold_per_floor":[117,8,8,22,22,22,57,70,94,113,128,152,8,23,23,151,151,175,196,471,496,34,34,77,77,100,114,20,44,69,85,85,206,206,222,247,66,66],"floor_reached":38,"playtime":4022,"items_purged":["Defend_G","Regret"],"score":452,"play_id":"9fac937c-4d2f-4e6e-8c1d-d0033d3d8b03","local_time":"20181209001429","is_ascension_mode":false,"campfire_choices":[{"data":"Leg Sweep","floor":6,"key":"SMITH"},{"data":"Infinite Blades","floor":15,"key":"SMITH"},{"data":"Adrenaline","floor":23,"key":"SMITH"},{"floor":25,"key":"REST"},{"floor":32,"key":"REST"}],"neow_cost":"NONE","seed_source_timestamp":19853142532458,"circlet_count":0,"master_deck":["Defend_G","Defend_G","Defend_G","Strike_G","Strike_G","Strike_G","Survivor","Neutralize","Choke","Leg Sweep+1","Slice","Accuracy","Expertise","Riddle With Holes","Corpse Explosion+1","Backflip+1","Infinite Blades+1","Corpse Explosion","Acrobatics+1","Die Die Die+1","Calculated Gamble+1","Poisoned Stab","Outmaneuver","Adrenaline+1","Venomology","Caltrops","Blur","Predator+1","Blade Dance","Enlightenment","Blade Dance","Choke","Flechettes","Phantasmal Killer","Noxious Fumes+1","Deflect+1","Panache"],"relics":["Ring of the Snake","NeowsBlessing","Golden Idol","Orichalcum","Bag of Preparation","War Paint","Astrolabe","Ancient Tea Set","Strawberry","Bronze Scales","WristBlade"],"potions_floor_usage":[16,16,18,24,29,33,33,33,35,36,38],"damage_taken":[{"damage":0,"enemies":"2 Louse","floor":1,"turns":1},{"damage":0,"enemies":"Jaw Worm","floor":4,"turns":1},{"damage":0,"enemies":"Gremlin Nob","floor":7,"turns":1},{"damage":0,"enemies":"Cultist","floor":8,"turns":4},{"damage":9,"enemies":"Gremlin Gang","floor":10,"turns":9},{"damage":4,"enemies":"Exordium Wildlife","floor":11,"turns":3},{"damage":6,"enemies":"Exordium Thugs","floor":12,"turns":5},{"damage":0,"enemies":"Large Slime","floor":14,"turns":5},{"damage":16,"enemies":"Slime Boss","floor":16,"turns":9},{"damage":14,"enemies":"Spheric Guardian","floor":18,"turns":5},{"damage":4,"enemies":"Shell Parasite","floor":19,"turns":6},{"damage":12,"enemies":"3 Cultists","floor":21,"turns":3},{"damage":20,"enemies":"Book of Stabbing","floor":24,"turns":7},{"damage":0,"enemies":"Chosen and Byrds","floor":27,"turns":4},{"damage":16,"enemies":"Sentry and Sphere","floor":29,"turns":4},{"damage":3,"enemies":"Snecko","floor":30,"turns":3},{"damage":0,"enemies":"3 Cultists","floor":31,"turns":2},{"damage":56,"enemies":"Champ","floor":33,"turns":11},{"damage":44,"enemies":"3 Shapes","floor":35,"turns":5},{"damage":8,"enemies":"Orb Walker","floor":36,"turns":3},{"damage":31,"enemies":"Spire Growth","floor":38,"turns":4}],"seed_played":"6390582928272392568","potions_obtained":[{"floor":1,"key":"Weak Potion"},{"floor":10,"key":"SteroidPotion"},{"floor":11,"key":"Explosive Potion"},{"floor":16,"key":"SteroidPotion"},{"floor":18,"key":"SteroidPotion"},{"floor":21,"key":"Swift Potion"},{"floor":27,"key":"FairyPotion"},{"floor":33,"key":"SneckoOil"},{"floor":35,"key":"Regen Potion"}],"is_trial":false,"path_per_floor":["M","$","?","M","?","R","E","M","T","M","M","M","$","M","R","B",null,"M","M","?","M","$","R","E","R","T","M","$","M","M","M","R","B",null,"M","M","$","M"],"character_chosen":"THE_SILENT","items_purchased":["Leg Sweep","War Paint","Venomology","Ancient Tea Set","Caltrops","Blur","Enlightenment","Panache"],"campfire_rested":2,"item_purchase_floors":[2,13,22,22,22,22,28,37],"current_hp_per_floor":[70,70,70,70,70,70,70,70,70,61,57,51,51,51,51,35,70,56,52,52,40,40,40,27,50,50,50,50,34,31,31,54,7,77,33,30,30,0],"gold":66,"neow_bonus":"THREE_ENEMY_KILL","is_prod":false,"is_daily":false,"chose_seed":false,"campfire_upgraded":3,"win_rate":0.0,"timestamp":1544267669,"path_taken":["M","$","?","M","?","R","E","?","T","M","M","M","$","M","R","BOSS","M","?","?","M","$","R","E","R","T","?","?","M","M","M","R","BOSS","M","M","$","M"],"build_version":"2018-12-06","purchased_purges":2,"victory":false,"max_hp_per_floor":[70,70,70,70,70,70,70,70,70,70,70,70,70,70,70,70,70,70,70,70,70,70,70,77,77,77,77,77,77,77,77,77,77,77,77,77,77,77],"card_choices":[{"not_picked":["Leg Sweep","Poisoned Stab"],"picked":"Choke","floor":1},{"not_picked":["Finisher","Well Laid Plans"],"picked":"Slice","floor":4},{"not_picked":["Flying Knee","Concentrate"],"picked":"Accuracy","floor":7},{"not_picked":["Catalyst","Setup"],"picked":"Expertise","floor":8},{"not_picked":["Underhanded Strike","Bane"],"picked":"Riddle With Holes","floor":10},{"not_picked":["Footwork","Poisoned Stab"],"picked":"Corpse Explosion","floor":11},{"not_picked":["Masterful Stab","PiercingWail"],"picked":"Backflip","floor":12},{"not_picked":["Blade Dance","Acrobatics"],"picked":"Infinite Blades","floor":14},{"not_picked":["A Thousand Cuts","Adrenaline"],"picked":"Corpse Explosion","floor":16},{"not_picked":["Footwork","Dodge and Roll"],"picked":"Poisoned Stab","floor":18},{"not_picked":["Prepared","Setup"],"picked":"Outmaneuver","floor":19},{"not_picked":["Slice+1","Acrobatics"],"picked":"Adrenaline","floor":21},{"not_picked":["Bane+1","Deflect"],"picked":"Predator+1","floor":24},{"not_picked":["Bane","Bouncing Flask"],"picked":"Blade Dance","floor":27},{"not_picked":["PiercingWail","Footwork"],"picked":"Blade Dance","floor":29},{"not_picked":["Deadly Poison","PiercingWail+1"],"picked":"Choke","floor":30},{"not_picked":["Catalyst","Setup"],"picked":"Flechettes","floor":31},{"not_picked":["Adrenaline","A Thousand Cuts"],"picked":"Phantasmal Killer","floor":33},{"not_picked":["Dodge and Roll","Sucker Punch"],"picked":"Noxious Fumes+1","floor":35},{"not_picked":["Dash","Riddle With Holes+1"],"picked":"Deflect+1","floor":36}],"player_experience":449634,"relics_obtained":[{"floor":7,"key":"Orichalcum"},{"floor":9,"key":"Bag of Preparation"},{"floor":24,"key":"Strawberry"},{"floor":26,"key":"Bronze Scales"}],"event_choices":[{"damage_healed":0,"gold_gain":0,"player_choice":"Take Wound","damage_taken":0,"relics_obtained":["Golden Idol"],"max_hp_gain":0,"max_hp_loss":0,"event_name":"Golden Idol","floor":3,"gold_loss":0,"cards_obtained":["Injury"]},{"cards_removed":["Injury"],"damage_healed":0,"gold_gain":0,"player_choice":"Removed Curses","damage_taken":0,"max_hp_gain":0,"max_hp_loss":0,"event_name":"Fountain of Cleansing","floor":5,"gold_loss":0},{"damage_healed":0,"gold_gain":275,"player_choice":"Desecrate","damage_taken":0,"max_hp_gain":0,"max_hp_loss":0,"event_name":"Golden Shrine","floor":20,"gold_loss":0,"cards_obtained":["Regret"]}],"is_beta":false,"boss_relics":[{"not_picked":["Busted Crown","Tiny House"],"picked":"Astrolabe"},{"not_picked":["Black Star","Cursed Key"],"picked":"WristBlade"}],"items_purged_floors":[2,22],"is_endless":false,"potions_floor_spawned":[1,10,11,12,14,16,18,21,27,30,33,35],"killed_by":"Spire Growth","ascension_level":0}