{"gold_per_floor":[112,122,138,158,177,177,191,191,191,191,191,191,191,206,206,310,310,326,337,64,76,76,76,109,135,158,170,170,170,190,208,208,208],"floor_reached":33,"playtime":1892,"items_purged":[],"score":392,"play_id":"d9229a16-9b71-4452-ab37-a55ec1b46b97","local_time":"20190121133741","is_ascension_mode":true,"campfire_choices":[{"floor":6,"key":"REST"},{"data":"Doppelganger","floor":8,"key":"SMITH"},{"data":"Neutralize","floor":11,"key":"SMITH"},{"data":"Deadly Poison","floor":15,"key":"SMITH"},{"data":"Backflip","floor":23,"key":"SMITH"},{"data":"1","floor":28,"key":"LIFT"},{"floor":32,"key":"REST"}],"neow_cost":"TEN_PERCENT_HP_LOSS","seed_source_timestamp":82515808206222,"circlet_count":0,"master_deck":["AscendersBane","Defend_G","Defend_G","Defend_G","Defend_G","Defend_G","Strike_G","Strike_G","Strike_G","Survivor","Neutralize+1","The Bomb","Madness","Well Laid Plans","Deadly Poison+1","PiercingWail","Doppelganger+1","Deflect","Footwork","Backflip+1","Adrenaline","Flechettes+1","Riddle With Holes+1","Eviscerate+1","Burst","Flash of Steel+1","Choke+1"],"relics":["Ring of the Snake","Molten Egg 2","Snecko Eye","Lee\u0027s Waffle","Girya","Bag of Preparation","Bag of Marbles"],"potions_floor_usage":[14,33,33],"damage_taken":[{"damage":0,"enemies":"Cultist","floor":1,"turns":5},{"damage":1,"enemies":"Small Slimes","floor":2,"turns":5},{"damage":1,"enemies":"Jaw Worm","floor":3,"turns":3},{"damage":17,"enemies":"3 Louse","floor":4,"turns":3},{"damage":42,"enemies":"Gremlin Gang","floor":5,"turns":5},{"damage":11,"enemies":"Exordium Wildlife","floor":7,"turns":5},{"damage":0,"enemies":"2 Fungi Beasts","floor":14,"turns":3},{"damage":15,"enemies":"The Guardian","floor":16,"turns":12},{"damage":4,"enemies":"Chosen","floor":18,"turns":6},{"damage":4,"enemies":"2 Thieves","floor":19,"turns":4},{"damage":20,"enemies":"Shelled Parasite and Fungi","floor":21,"turns":5},{"damage":14,"enemies":"Gremlin Leader","floor":24,"turns":5},{"damage":2,"enemies":"Sentry and Sphere","floor":27,"turns":4},{"damage":0,"enemies":"Cultist and Chosen","floor":30,"turns":3},{"damage":27,"enemies":"Centurion and Healer","floor":31,"turns":5},{"damage":35,"enemies":"Automaton","floor":33,"turns":6}],"seed_played":"4204632277576420398","potions_obtained":[{"floor":5,"key":"Ancient Potion"},{"floor":7,"key":"Regen Potion"},{"floor":14,"key":"Fire Potion"},{"floor":16,"key":"FearPotion"}],"is_trial":false,"path_per_floor":["M","M","M","M","M","R","M","R","T","?","R","?","?","M","R","B",null,"M","M","$","M","?","R","E","T","T","M","R","?","M","M","R","B"],"character_chosen":"THE_SILENT","items_purchased":["Lee\u0027s Waffle","Riddle With Holes+1"],"campfire_rested":2,"item_purchase_floors":[20,20],"current_hp_per_floor":[63,62,61,44,2,20,9,9,9,9,9,9,9,21,21,6,49,45,41,70,50,70,70,56,56,56,54,54,40,40,13,34,0],"gold":208,"neow_bonus":"RANDOM_COLORLESS_2","is_prod":false,"is_daily":false,"chose_seed":false,"campfire_upgraded":4,"win_rate":0,"timestamp":1548074261,"path_taken":["M","M","M","?","M","R","M","R","T","?","R","?","?","M","R","BOSS","M","?","$","M","?","R","E","?","T","M","R","?","?","M","R","BOSS"],"build_version":"2019-01-17v2","purchased_purges":0,"victory":false,"max_hp_per_floor":[63,63,63,63,63,63,63,63,63,63,63,63,63,63,63,63,63,63,63,70,70,70,70,70,70,70,70,70,70,70,70,70,70],"card_choices":[{"not_picked":["All Out Attack","Blade Dance"],"picked":"Well Laid Plans","floor":1},{"not_picked":["Dagger Spray","Well Laid Plans"],"picked":"Deadly Poison","floor":2},{"not_picked":["Slice","Dodge and Roll"],"picked":"PiercingWail","floor":3},{"not_picked":["Blade Dance","Cloak And Dagger"],"picked":"Doppelganger","floor":4},{"not_picked":["Well Laid Plans","Choke"],"picked":"Deflect","floor":5},{"not_picked":["Prepared","Slice"],"picked":"Footwork","floor":7},{"not_picked":["PiercingWail","Flying Knee+1"],"picked":"Backflip","floor":14},{"not_picked":["Grand Finale+1","Glass Knife+1"],"picked":"Adrenaline","floor":16},{"not_picked":["PiercingWail","Prepared","Quick Slash+1"],"picked":"SKIP","floor":18},{"not_picked":["Flying Knee+1","Blade Dance+1"],"picked":"Flechettes+1","floor":19},{"not_picked":["Deflect","Slice+1","Blur"],"picked":"SKIP","floor":21},{"not_picked":["Crippling Poison","Endless Agony+1"],"picked":"Eviscerate+1","floor":24},{"not_picked":["Blade Dance","Bane+1"],"picked":"Burst","floor":27},{"not_picked":["Cloak And Dagger","Blade Dance"],"picked":"Choke+1","floor":30},{"not_picked":["Dodge and Roll","Deflect+1","Concentrate"],"picked":"SKIP","floor":31}],"player_experience":237259,"relics_obtained":[{"floor":9,"key":"Molten Egg 2"},{"floor":24,"key":"Girya"},{"floor":25,"key":"Bag of Preparation"},{"floor":26,"key":"Bag of Marbles"}],"event_choices":[{"damage_healed":0,"gold_gain":0,"player_choice":"Ignored","damage_taken":0,"max_hp_gain":0,"max_hp_loss":0,"event_name":"Shining Light","floor":10,"gold_loss":0},{"cards_removed":["Strike_G"],"damage_healed":0,"gold_gain":0,"player_choice":"Forget","damage_taken":0,"max_hp_gain":0,"max_hp_loss":0,"event_name":"Living Wall","floor":12,"gold_loss":0},{"cards_removed":["Strike_G"],"damage_healed":0,"gold_gain":0,"player_choice":"Purged","damage_taken":0,"max_hp_gain":0,"max_hp_loss":0,"event_name":"Purifier","floor":13,"gold_loss":0},{"damage_healed":23,"gold_gain":0,"player_choice":"Heal","damage_taken":0,"max_hp_gain":0,"max_hp_loss":0,"event_name":"The Library","floor":22,"gold_loss":0},{"damage_healed":0,"gold_gain":0,"player_choice":"CARD ","damage_taken":14,"max_hp_gain":0,"max_hp_loss":0,"event_name":"Knowing Skull","floor":29,"potions_obtained":[],"gold_loss":0,"cards_obtained":["Flash of Steel"]}],"is_beta":false,"boss_relics":[{"not_picked":["Orrery","Black Star"],"picked":"Snecko Eye"}],"items_purged_floors":[],"is_endless":false,"potions_floor_spawned":[5,7,14,16,19,27,30,31],"killed_by":"Automaton","ascension_level":10}