{"gold_per_floor":[118,118,118,118,137,137,154,154,181,181,199,5,23,23,23,126,126,109,209,86,86,98,162,162,180,207,236,249,274,274,274],"floor_reached":31,"playtime":1640,"items_purged":["Strike_G","Strike_G"],"score":355,"play_id":"24bea95a-a915-4764-b8d4-00d4bb518bfd","local_time":"20190118014013","is_ascension_mode":true,"campfire_choices":[{"data":"Setup","floor":6.0,"key":"SMITH"},{"data":"Infinite Blades","floor":8.0,"key":"SMITH"},{"data":"Neutralize","floor":10.0,"key":"SMITH"},{"data":"Backflip","floor":15.0,"key":"SMITH"},{"floor":24.0,"key":"REST"}],"neow_cost":"CURSE","seed_source_timestamp":0,"circlet_count":0,"master_deck":["Defend_G","Defend_G","Defend_G","Defend_G","Defend_G","Strike_G+1","Strike_G","Survivor","Neutralize+1","Infinite Blades+1","Setup+1","Backflip+1","Endless Agony","After Image","Dagger Spray+1","Infinite Blades","Bullet Time","Dagger Spray+1","After Image","Blade Dance+1","Dash","Leg Sweep","Choke"],"special_seed":0,"relics":["Ring of the Snake","Incense Burner","Omamori","Thread and Needle","Smiling Mask","Juzu Bracelet","Cursed Key","Tiny Chest","Whetstone","Red Mask","Girya"],"potions_floor_usage":[],"damage_taken":[{"damage":0.0,"enemies":"Jaw Worm","floor":1.0,"turns":4.0},{"damage":0.0,"enemies":"Small Slimes","floor":5.0,"turns":4.0},{"damage":0.0,"enemies":"Cultist","floor":7.0,"turns":4.0},{"damage":1.0,"enemies":"Red Slaver","floor":11.0,"turns":4.0},{"damage":0.0,"enemies":"2 Fungi Beasts","floor":13.0,"turns":4.0},{"damage":16.0,"enemies":"The Guardian","floor":16.0,"turns":16.0},{"damage":7.0,"enemies":"2 Thieves","floor":18.0,"turns":4.0},{"damage":8.0,"enemies":"Chosen","floor":22.0,"turns":8.0},{"damage":33.0,"enemies":"Slavers","floor":23.0,"turns":8.0},{"damage":4.0,"enemies":"Snake Plant","floor":25.0,"turns":9.0},{"damage":0.0,"enemies":"Masked Bandits","floor":27.0,"turns":3.0},{"damage":2.0,"enemies":"Snecko","floor":28.0,"turns":6.0},{"damage":16.0,"enemies":"Gremlin Leader","floor":29.0,"turns":7.0},{"damage":15,"enemies":"Slavers","floor":31,"turns":2}],"seed_played":"1195105098657596379","potions_obtained":[{"floor":1.0,"key":"FearPotion"},{"floor":5.0,"key":"AttackPotion"},{"floor":11.0,"key":"GamblersBrew"},{"floor":13.0,"key":"Fire Potion"},{"floor":18.0,"key":"SpeedPotion"},{"floor":23.0,"key":"Explosive Potion"},{"floor":27.0,"key":"Strength Potion"}],"is_trial":false,"path_per_floor":["M","?","?","?","M","R","M","R","T","R","M","$","M","?","R","B",null,"M","?","$","?","M","E","R","M","T","?","M","E","T","E"],"character_chosen":"THE_SILENT","items_purchased":["Juzu Bracelet","Infinite Blades"],"campfire_rested":1,"item_purchase_floors":[12,20],"current_hp_per_floor":[63,60,60,60,60,60,60,60,60,60,59,59,59,59,59,43,63,56,56,56,56,48,15,36,32,32,32,30,14,14,0],"gold":274,"neow_bonus":"ONE_RARE_RELIC","is_prod":false,"is_daily":false,"chose_seed":false,"campfire_upgraded":4,"win_rate":0,"timestamp":1547772013,"path_taken":["M","?","?","?","M","R","M","R","T","R","?","?","M","?","R","BOSS","M","?","$","?","M","E","R","M","T","?","M","E","?","E"],"build_version":"2019-01-10","purchased_purges":2,"victory":false,"max_hp_per_floor":[70,70,70,70,70,70,70,70,70,70,70,70,70,70,70,70,70,70,70,70,70,70,70,70,70,70,70,70,70,70,70],"card_choices":[{"not_picked":["Sucker Punch","Flechettes"],"picked":"Infinite Blades","floor":1.0},{"not_picked":["Distraction","Outmaneuver"],"picked":"Setup","floor":5.0},{"not_picked":["Poisoned Stab","Flying Knee"],"picked":"Backflip","floor":7.0},{"not_picked":["Prepared","Concentrate"],"picked":"Endless Agony","floor":11.0},{"not_picked":["Acrobatics","Dagger Spray","Outmaneuver"],"picked":"SKIP","floor":13.0},{"not_picked":["Phantasmal Killer","Burst"],"picked":"After Image","floor":16.0},{"not_picked":["Sucker Punch","Bouncing Flask+1"],"picked":"Dagger Spray+1","floor":18.0},{"not_picked":["Poisoned Stab","PiercingWail"],"picked":"Dagger Spray","floor":22.0},{"not_picked":["Heel Hook","Escape Plan"],"picked":"After Image","floor":23.0},{"not_picked":["Dagger Spray+1","Bouncing Flask"],"picked":"Blade Dance+1","floor":25.0},{"not_picked":["Footwork","Flying Knee"],"picked":"Dash","floor":27.0},{"not_picked":["Dagger Throw","Well Laid Plans"],"picked":"Leg Sweep","floor":28.0},{"not_picked":["Escape Plan+1","Outmaneuver+1"],"picked":"Choke","floor":29.0}],"player_experience":209589,"relics_obtained":[{"floor":9.0,"key":"Smiling Mask"},{"floor":23.0,"key":"Tiny Chest"},{"floor":26.0,"key":"Whetstone"},{"floor":27.0,"key":"Red Mask"},{"floor":29.0,"key":"Girya"}],"event_choices":[{"damage_healed":0.0,"max_hp_gain":0.0,"max_hp_loss":0.0,"gold_gain":0.0,"event_name":"Scrap Ooze","player_choice":"Success","floor":2.0,"gold_loss":0.0,"damage_taken":3.0,"relics_obtained":["Omamori"]},{"damage_healed":0.0,"max_hp_gain":0.0,"max_hp_loss":0.0,"gold_gain":0.0,"event_name":"Big Fish","player_choice":"Box","floor":3.0,"gold_loss":0.0,"damage_taken":0.0,"relics_obtained":["Thread and Needle"],"cards_obtained":["Regret"]},{"cards_removed":["Injury"],"damage_healed":0.0,"max_hp_gain":0.0,"max_hp_loss":0.0,"gold_gain":0.0,"event_name":"Purifier","player_choice":"Purged","floor":4.0,"gold_loss":0.0,"damage_taken":0.0},{"damage_healed":0.0,"max_hp_gain":0.0,"max_hp_loss":0.0,"gold_gain":0.0,"event_name":"The Cleric","player_choice":"Leave","floor":14.0,"gold_loss":0.0,"damage_taken":0.0},{"damage_healed":0.0,"max_hp_gain":0.0,"max_hp_loss":0.0,"gold_gain":100.0,"event_name":"Golden Shrine","player_choice":"Pray","floor":19.0,"gold_loss":0.0,"damage_taken":0.0},{"damage_healed":0.0,"max_hp_gain":0.0,"max_hp_loss":0.0,"gold_gain":0.0,"cards_transformed":["Strike_G"],"event_name":"Transmorgrifier","player_choice":"Transformed","floor":21.0,"gold_loss":0.0,"damage_taken":0.0,"cards_obtained":["Bullet Time"]},{"damage_healed":0.0,"max_hp_gain":0.0,"max_hp_loss":0.0,"gold_gain":0.0,"event_name":"Masked Bandits","player_choice":"Fought Bandits","floor":27.0,"gold_loss":0.0,"damage_taken":0.0}],"is_beta":false,"boss_relics":[{"not_picked":["Calling Bell","Philosopher\u0027s Stone"],"picked":"Cursed Key"}],"items_purged_floors":[12,20],"is_endless":false,"potions_floor_spawned":[1,5,11,13,18,23,27],"killed_by":"Slavers","ascension_level":7}