{"path_per_floor":["M","M","?","?","?","R","E","R","T","R","M","M","M","?","R","B",null,"M","M","?","M","$","R","M","M","T","M","E","R","$","M","R","B",null,"M","M","M","?","M","R","E","M","T","M","$","E","R","M","R","B"],"character_chosen":"THE_SILENT","items_purchased":["Singing Bowl","Pen Nib","Letter Opener"],"gold_per_floor":[114,129,129,129,129,129,159,159,159,159,174,189,204,204,204,304,304,319,334,259,274,94,94,109,124,174,189,219,219,139,154,154,254,254,269,284,299,299,314,314,344,359,359,374,54,84,84,99,99,99],"floor_reached":51,"campfire_rested":6,"playtime":2231,"current_hp_per_floor":[59,49,35,35,35,56,26,47,47,68,68,58,58,58,58,30,70,64,36,36,31,31,67,58,44,44,44,39,39,39,46,79,7,79,79,70,64,54,27,65,60,50,50,50,50,52,52,52,52,52],"items_purged":["Doppelganger","Dodge and Roll"],"gold":99,"score":883,"play_id":"602d112a-ea4e-4ac8-b8f7-fee033c5ef2a","local_time":"20180408134351","daily_mods":["Insanity","Elite Swarm","Vintage"],"is_prod":false,"is_daily":true,"is_ascension_mode":false,"campfire_upgraded":2,"timestamp":1523187831,"path_taken":["M","M","?","?","?","R","E","R","T","R","?","M","M","?","R","BOSS","M","M","?","M","$","R","M","M","T","M","E","R","$","M","R","BOSS","M","M","M","?","M","R","E","M","T","M","$","E","R","M","R","BOSS"],"build_version":"2018-04-05v2","purchased_purges":2,"victory":true,"master_deck":["Setup","Bouncing Flask","Backstab","Terror+1","Quick Slash","Corpse Explosion","Dash","Burst+1","Crippling Poison","Neutralize","Wraith Form","Finisher","Masterful Stab","Dash","Acrobatics","Blade Dance","Accuracy","Skewer","Malaise","Bane","Adrenaline+1","Bouncing Flask","Cloak And Dagger","Outmaneuver+1","Deadly Poison","Noxious Fumes","Dagger Spray+1","Night Terror","Unload","Noxious Fumes","Blade Dance","Poisoned Stab+1","Outmaneuver","Doppelganger+1","Flechettes","Accuracy","Accuracy","Poisoned Stab","Bouncing Flask","Storm of Steel+1","Eviscerate","Setup","Noxious Fumes","Adrenaline+1","Expertise+1","Riddle With Holes+1","Bane+1","Venomology","Madness","Madness"],"max_hp_per_floor":[70,70,70,70,70,70,70,70,70,70,70,70,70,70,70,70,70,70,70,70,70,70,70,70,70,70,70,72,72,72,79,79,79,79,79,79,79,79,79,79,81,81,81,81,81,83,83,83,83,83],"relics":["Ring of the Snake","Blue Candle","Snake Skull","Anchor","Darkstone Periapt","Ornamental Fan","Pantograph","The Courier","Mummified Hand","Astrolabe","Frozen Egg 2","Regal Pillow","Bag of Marbles","Singing Bowl","Dodecahedron","Whetstone","Vajra","Lantern","Bottled Flame","Strawberry","War Paint","Lizard Tail","Kunai","Meat on the Bone","Shuriken","Happy Flower","Shovel","Bag of Preparation","Gambling Chip","Ninja Scroll","Pen Nib","Letter Opener","Ancient Tea Set","Bronze Scales","Ice Cream","Paper Crane"],"card_choices":[{"not_picked":["Grand Finale","Die Die Die"],"picked":"Adrenaline","floor":16},{"not_picked":["Phantasmal Killer","Tools of the Trade"],"picked":"Venomology","floor":33}],"player_experience":183742,"potions_floor_usage":[7,33,35,37,39,39,41,44,48,50,50,50],"damage_taken":[{"damage":11,"enemies":"Jaw Worm","floor":1,"turns":2},{"damage":10,"enemies":"Small Slimes","floor":2,"turns":2},{"damage":30,"enemies":"Gremlin Nob","floor":7,"turns":4},{"damage":0,"enemies":"Cultist","floor":11,"turns":3},{"damage":10,"enemies":"Looter","floor":12,"turns":3},{"damage":0,"enemies":"2 Fungi Beasts","floor":13,"turns":2},{"damage":40,"enemies":"The Guardian","floor":16,"turns":8},{"damage":6,"enemies":"Spheric Guardian","floor":18,"turns":3},{"damage":28,"enemies":"3 Byrds","floor":19,"turns":5},{"damage":5,"enemies":"Centurion and Healer","floor":21,"turns":4},{"damage":9,"enemies":"3 Cultists","floor":24,"turns":4},{"damage":14,"enemies":"Snake Plant","floor":25,"turns":3},{"damage":0,"enemies":"Centurion and Healer","floor":27,"turns":4},{"damage":7,"enemies":"Slavers","floor":28,"turns":3},{"damage":0,"enemies":"Cultist and Chosen","floor":31,"turns":3},{"damage":72,"enemies":"Champ","floor":33,"turns":8},{"damage":0,"enemies":"3 Shapes","floor":35,"turns":2},{"damage":9,"enemies":"Orb Walker","floor":36,"turns":3},{"damage":6,"enemies":"3 Darklings","floor":37,"turns":3},{"damage":39,"enemies":"Maw","floor":39,"turns":7},{"damage":7,"enemies":"Nemesis","floor":41,"turns":3},{"damage":22,"enemies":"Sphere and 2 Shapes","floor":42,"turns":4},{"damage":0,"enemies":"3 Darklings","floor":44,"turns":3},{"damage":0,"enemies":"2 Orb Walkers","floor":46,"turns":1},{"damage":0,"enemies":"Maw","floor":48,"turns":2},{"damage":37,"enemies":"Donu and Deca","floor":50,"turns":7}],"event_choices":[{"event_name":"Shining Light","player_choice":"Entered Light","floor":3,"damage_taken":0},{"event_name":"Purifier","player_choice":"One Purge","floor":4,"damage_taken":0},{"event_name":"Scrap Ooze","player_choice":"unsuccessful","floor":5,"damage_taken":0},{"event_name":"Accursed Blacksmith","player_choice":"Forge","floor":14,"damage_taken":0},{"event_name":"Beggar","player_choice":"Gave Gold","floor":20,"damage_taken":0},{"event_name":"Winding Halls","player_choice":"Embrace Madness","floor":38,"damage_taken":0}],"boss_relics":[{"not_picked":["Velvet Choker","Philosopher\u0027s Stone"],"picked":"Astrolabe"},{"not_picked":["Runic Dome","Orrery"],"picked":"Lizard Tail"}],"potions_floor_spawned":[2,7,12,24,25,27,31,33,37,42,44,46,48],"seed_played":"751993229486629799","ascension_level":0,"is_trial":false}