{"gold_per_floor":[361,281,298,96,96,108,123,123,123,123,133,150,150,165,165,262,262,282,282,292,302,314,314,324,324,324,324,12,37,57,74,74,179,179,189,201,218,218,265,280,280,5,31,48,0,16,16,28,28,28],"floor_reached":50,"playtime":1803,"items_purged":[],"score":537,"play_id":"04775c9f-6910-47f0-a123-aa9c5a630d0c","local_time":"20190131235227","is_ascension_mode":false,"campfire_choices":[{"data":"Zap","floor":8.0,"key":"SMITH"},{"data":"Dualcast","floor":10.0,"key":"SMITH"},{"data":"Storm","floor":13.0,"key":"SMITH"},{"floor":15.0,"key":"REST"},{"data":"Defragment","floor":23.0,"key":"SMITH"},{"data":"Capacitor","floor":25.0,"key":"SMITH"},{"data":"Capacitor","floor":27.0,"key":"SMITH"},{"data":"Glacier","floor":32.0,"key":"SMITH"},{"floor":41.0,"key":"RECALL"}],"neow_cost":"PERCENT_DAMAGE","seed_source_timestamp":8328903732705,"circlet_count":0,"master_deck":["Strike_B","Strike_B","Defend_B","Defend_B","Defend_B","Defend_B","Zap+1","Dualcast+1","Ball Lightning","Capacitor+1","Capacitor+1","Coolheaded","Cold Snap","Storm+1","Glacier+1","Meteor Strike","Echo Form","Ball Lightning","Hello World","Defragment+1","Undo","Defragment+1","Storm+1","Loop+1","Storm+1","Loop+1","Echo Form+1","Auto Shields+1","Self Repair+1","Amplify","Conserve Battery+1","Storm+1","Static Discharge+1","Master of Strategy","Consume+1"],"special_seed":0,"relics":["Cracked Core","Bronze Scales","Question Card","Coffee Dripper","PreservedInsect","Frozen Egg 2","Letter Opener","Fusion Hammer","Torii","Lee\u0027s Waffle","Juzu Bracelet","Red Mask"],"potions_floor_usage":[],"damage_taken":[{"damage":0.0,"enemies":"Small Slimes","floor":1.0,"turns":2.0},{"damage":0.0,"enemies":"Cultist","floor":3.0,"turns":3.0},{"damage":0.0,"enemies":"2 Louse","floor":6.0,"turns":2.0},{"damage":7.0,"enemies":"Red Slaver","floor":7.0,"turns":3.0},{"damage":6.0,"enemies":"2 Fungi Beasts","floor":11.0,"turns":3.0},{"damage":8.0,"enemies":"3 Louse","floor":12.0,"turns":2.0},{"damage":5.0,"enemies":"Blue Slaver","floor":14.0,"turns":2.0},{"damage":24.0,"enemies":"Slime Boss","floor":16.0,"turns":13.0},{"damage":0.0,"enemies":"Chosen","floor":18.0,"turns":4.0},{"damage":10.0,"enemies":"Shell Parasite","floor":20.0,"turns":5.0},{"damage":17.0,"enemies":"Sentry and Sphere","floor":21.0,"turns":6.0},{"damage":21.0,"enemies":"3 Cultists","floor":22.0,"turns":5.0},{"damage":6.0,"enemies":"Centurion and Healer","floor":24.0,"turns":6.0},{"damage":0.0,"enemies":"Gremlin Leader","floor":29.0,"turns":3.0},{"damage":15.0,"enemies":"Shelled Parasite and Fungi","floor":30.0,"turns":3.0},{"damage":0.0,"enemies":"Snecko","floor":31.0,"turns":2.0},{"damage":9.0,"enemies":"Automaton","floor":33.0,"turns":7.0},{"damage":9.0,"enemies":"3 Shapes","floor":35.0,"turns":3.0},{"damage":0.0,"enemies":"Orb Walker","floor":36.0,"turns":3.0},{"damage":11.0,"enemies":"Maw","floor":37.0,"turns":4.0},{"damage":17.0,"enemies":"2 Orb Walkers","floor":39.0,"turns":3.0},{"damage":11.0,"enemies":"Writhing Mass","floor":40.0,"turns":3.0},{"damage":30.0,"enemies":"3 Darklings","floor":44.0,"turns":2.0},{"damage":13.0,"enemies":"Spire Growth","floor":46.0,"turns":4.0},{"damage":0.0,"enemies":"Transient","floor":48.0,"turns":5.0},{"damage":74,"enemies":"Awakened One","floor":50,"turns":3}],"seed_played":"-2228699732055220032","potions_obtained":[{"floor":1.0,"key":"Regen Potion"},{"floor":6.0,"key":"FearPotion"},{"floor":11.0,"key":"Ancient Potion"},{"floor":12.0,"key":"GamblersBrew"},{"floor":22.0,"key":"Poison Potion"},{"floor":30.0,"key":"Weak Potion"},{"floor":33.0,"key":"FearPotion"},{"floor":36.0,"key":"SkillPotion"},{"floor":44.0,"key":"SteroidPotion"},{"floor":46.0,"key":"Poison Potion"}],"is_trial":false,"path_per_floor":["M","$","M","$","?","M","M","R","T","R","M","M","R","M","R","B",null,"M","?","M","M","M","R","M","R","T","R","$","E","M","M","R","B",null,"M","M","M","?","?","M","R","$","T","M","?","M","?","M","R","B"],"character_chosen":"DEFECT","items_purchased":["Capacitor","Coolheaded","Bronze Scales","Frozen Egg 2","Storm+1","Lee\u0027s Waffle","Storm+1"],"campfire_rested":1,"item_purchase_floors":[2,4,4,28,28,42,42],"current_hp_per_floor":[54,54,54,54,54,54,47,47,47,47,41,33,33,28,50,26,75,75,75,65,48,41,41,35,35,35,35,35,35,20,20,20,11,75,66,66,55,55,38,27,27,82,82,62,62,59,59,69,69,0],"gold":28,"neow_bonus":"TWO_FIFTY_GOLD","is_prod":false,"is_daily":false,"chose_seed":false,"campfire_upgraded":7,"win_rate":0,"timestamp":1549000347,"path_taken":["M","$","M","$","?","?","M","R","T","R","M","M","R","M","R","BOSS","M","?","M","M","M","R","M","R","T","R","$","E","?","M","R","BOSS","M","M","M","?","?","M","R","$","T","M","?","M","?","M","R","BOSS"],"build_version":"2019-01-23","purchased_purges":0,"victory":false,"max_hp_per_floor":[75,75,75,75,75,75,75,75,75,75,75,75,75,75,75,75,75,75,75,75,75,75,75,75,75,75,75,75,75,75,75,75,75,75,75,75,75,75,75,75,75,82,82,82,82,82,82,82,82,82],"card_choices":[{"not_picked":["Chill","Stack"],"picked":"Ball Lightning","floor":1.0},{"not_picked":["Auto Shields","Chill"],"picked":"Capacitor","floor":3.0},{"not_picked":["Beam Cell","Coolheaded"],"picked":"Cold Snap","floor":6.0},{"not_picked":["Rebound","Turbo","Force Field"],"picked":"SKIP","floor":7.0},{"not_picked":["Force Field","Blizzard","Streamline"],"picked":"Storm","floor":11.0},{"not_picked":["Reinforced Body","Go for the Eyes","Leap"],"picked":"Glacier","floor":12.0},{"not_picked":["Aggregate","Sweeping Beam","Streamline"],"picked":"Meteor Strike","floor":14.0},{"not_picked":["All For One","Thunder Strike","Creative AI"],"picked":"Echo Form","floor":16.0},{"not_picked":["Coolheaded","Conserve Battery","Rebound"],"picked":"Ball Lightning","floor":18.0},{"not_picked":["Streamline","Rebound+1","Redo","Sweeping Beam"],"picked":"SKIP","floor":20.0},{"not_picked":["Recycle","Redo+1","Barrage+1"],"picked":"Defragment","floor":21.0},{"not_picked":["Redo","Static Discharge","Scrape"],"picked":"Undo","floor":22.0},{"not_picked":["Rebound","Sweeping Beam","Conserve Battery+1"],"picked":"Defragment+1","floor":24.0},{"not_picked":["Creative AI+1","Chaos","Leap"],"picked":"Loop+1","floor":29.0},{"not_picked":["Streamline","Sunder","Coolheaded"],"picked":"Storm+1","floor":30.0},{"not_picked":["Beam Cell","Hologram+1","Go for the Eyes"],"picked":"Loop+1","floor":31.0},{"not_picked":["Reboot","Thunder Strike","Rainbow"],"picked":"Echo Form+1","floor":33.0},{"not_picked":["Redo","Beam Cell+1","Scrape+1"],"picked":"Auto Shields+1","floor":35.0},{"not_picked":["Sweeping Beam+1","Rebound","Cold Snap+1","Lockon"],"picked":"SKIP","floor":36.0},{"not_picked":["Coolheaded","Chaos","Melter"],"picked":"Self Repair+1","floor":37.0},{"not_picked":["Steam","Static Discharge+1","Cold Snap+1"],"picked":"Amplify","floor":39.0},{"not_picked":["Turbo+1","Rebound+1","Barrage"],"picked":"Conserve Battery+1","floor":40.0},{"not_picked":["Stack+1","Steam Power","Streamline+1","Redo+1"],"picked":"SKIP","floor":44.0},{"not_picked":["Ball Lightning+1","Leap","Double Energy"],"picked":"Static Discharge+1","floor":46.0},{"not_picked":["Impatience","Dark Shackles","Trip"],"picked":"Master of Strategy","floor":47.0},{"not_picked":["Steam","Hologram","Beam Cell"],"picked":"Consume+1","floor":48.0}],"player_experience":685941,"relics_obtained":[{"floor":9.0,"key":"Question Card"},{"floor":26.0,"key":"PreservedInsect"},{"floor":29.0,"key":"Letter Opener"},{"floor":39.0,"key":"Torii"},{"floor":43.0,"key":"Juzu Bracelet"}],"event_choices":[{"damage_healed":0.0,"max_hp_gain":0.0,"max_hp_loss":0.0,"gold_gain":0.0,"event_name":"NoteForYourself","player_choice":"Ignored","floor":5.0,"gold_loss":0.0,"damage_taken":0.0},{"damage_healed":0.0,"max_hp_gain":0.0,"max_hp_loss":0.0,"gold_gain":0.0,"cards_transformed":["Strike_B"],"event_name":"Transmorgrifier","player_choice":"Transformed","floor":19.0,"gold_loss":0.0,"damage_taken":0.0,"cards_obtained":["Hello World"]},{"cards_removed":["Strike_B"],"damage_healed":0.0,"max_hp_gain":0.0,"max_hp_loss":0.0,"gold_gain":0.0,"event_name":"Falling","player_choice":"Removed Attack","floor":38.0,"gold_loss":0.0,"damage_taken":0.0},{"damage_healed":0.0,"max_hp_gain":0.0,"max_hp_loss":0.0,"gold_gain":0.0,"event_name":"Mysterious Sphere","player_choice":"Fight","floor":39.0,"gold_loss":0.0,"damage_taken":0.0},{"damage_healed":0.0,"max_hp_gain":0.0,"max_hp_loss":0.0,"gold_gain":0.0,"event_name":"Tomb of Lord Red Mask","player_choice":"Paid","floor":45.0,"gold_loss":48.0,"damage_taken":0.0,"relics_obtained":["Red Mask"]},{"damage_healed":0.0,"max_hp_gain":0.0,"max_hp_loss":0.0,"gold_gain":0.0,"event_name":"SensoryStone","player_choice":"Memory 1","floor":47.0,"gold_loss":0.0,"damage_taken":0.0}],"is_beta":false,"boss_relics":[{"not_picked":["Pandora\u0027s Box","Lizard Tail"],"picked":"Coffee Dripper"},{"not_picked":["White Beast Statue","Runic Pyramid"],"picked":"Fusion Hammer"}],"items_purged_floors":[],"is_endless":false,"potions_floor_spawned":[1,6,11,12,16,20,22,30,33,36,44,46],"killed_by":"Awakened One","ascension_level":0}