{"gold_per_floor":[114,114,129,7,7,32,32,67,116,116,116,126,136,150,150,255,255,269,269,252,270,283,314,314,330,382,382,397,397,23,42,42,145,145,165,18,35,54,154,154,173,173,244,244,257,267,292,98,98,98],"floor_reached":51,"playtime":11007,"items_purged":["Strike_G"],"score":711,"play_id":"4714e37a-d5a4-4f83-9502-aa96050e2960","local_time":"20190131013234","is_ascension_mode":false,"campfire_choices":[{"floor":7.0,"key":"REST"},{"floor":10.0,"key":"REST"},{"data":"Neutralize","floor":15.0,"key":"SMITH"},{"floor":27,"key":"REST"},{"floor":29,"key":"REST"},{"floor":32,"key":"REST"},{"floor":40,"key":"REST"},{"data":"Well Laid Plans","floor":42,"key":"SMITH"},{"floor":49,"key":"REST"}],"neow_cost":"NONE","seed_source_timestamp":0,"circlet_count":0,"master_deck":["Survivor+1","Neutralize+1","Deflect","Dagger Throw","Well Laid Plans+1","Cloak And Dagger","Flying Knee","Dagger Spray+1","Dash","PiercingWail","Leg Sweep","Blade Dance","Blade Dance+1","Footwork","Dodge and Roll","Caltrops","Burst","Grand Finale","Leg Sweep","Bullet Time","Dagger Spray","Phantasmal Killer","Choke","Storm of Steel","Heel Hook","Prepared","Footwork","Dodge and Roll","Accuracy+1","Backflip+1","Noxious Fumes+1","Backflip","Acrobatics"],"special_seed":0,"relics":["Ring of the Snake","Blood Vial","Peace Pipe","Singing Bowl","Whetstone","WristBlade","Lantern","Bag of Preparation","Mango","Pandora\u0027s Box","Oddly Smooth Stone","StoneCalendar","Blue Candle","Orichalcum","TwistedFunnel"],"potions_floor_usage":[16,16,22,23,25,33,35,45,47,47],"damage_taken":[{"damage":0.0,"enemies":"Jaw Worm","floor":1.0,"turns":4.0},{"damage":0.0,"enemies":"Small Slimes","floor":3.0,"turns":3.0},{"damage":33.0,"enemies":"Gremlin Nob","floor":6.0,"turns":6.0},{"damage":32.0,"enemies":"Lagavulin","floor":8.0,"turns":7.0},{"damage":0.0,"enemies":"Cultist","floor":12.0,"turns":2.0},{"damage":1.0,"enemies":"Exordium Thugs","floor":13.0,"turns":3.0},{"damage":0.0,"enemies":"Blue Slaver","floor":14.0,"turns":3.0},{"damage":34,"enemies":"The Guardian","floor":16,"turns":12},{"damage":17,"enemies":"3 Byrds","floor":18,"turns":7},{"damage":3,"enemies":"2 Thieves","floor":20,"turns":4},{"damage":23,"enemies":"3 Cultists","floor":21,"turns":6},{"damage":14,"enemies":"Snake Plant","floor":22,"turns":7},{"damage":40,"enemies":"Book of Stabbing","floor":23,"turns":9},{"damage":2,"enemies":"Snecko","floor":25,"turns":5},{"damage":11,"enemies":"Centurion and Healer","floor":28,"turns":6},{"damage":28,"enemies":"Cultist and Chosen","floor":31,"turns":9},{"damage":63,"enemies":"Collector","floor":33,"turns":16},{"damage":28,"enemies":"3 Darklings","floor":35,"turns":4},{"damage":1,"enemies":"3 Shapes","floor":37,"turns":7},{"damage":35,"enemies":"Maw","floor":38,"turns":11},{"damage":0,"enemies":"Mind Bloom Boss Battle","floor":39,"turns":6},{"damage":4,"enemies":"Writhing Mass","floor":41,"turns":7},{"damage":4,"enemies":"3 Darklings","floor":45,"turns":7},{"damage":12,"enemies":"4 Shapes","floor":46,"turns":4},{"damage":25,"enemies":"Giant Head","floor":47,"turns":9},{"damage":77,"enemies":"Donu and Deca","floor":50,"turns":10}],"seed_played":"-6252780721673113279","potions_obtained":[{"floor":3.0,"key":"Weak Potion"},{"floor":12.0,"key":"AttackPotion"},{"floor":13.0,"key":"SteroidPotion"},{"floor":16,"key":"Strength Potion"},{"floor":21,"key":"EssenceOfSteel"},{"floor":23,"key":"Weak Potion"},{"floor":31,"key":"SpeedPotion"},{"floor":33,"key":"Explosive Potion"},{"floor":39,"key":"EssenceOfSteel"},{"floor":45,"key":"PowerPotion"},{"floor":46,"key":"GamblersBrew"}],"is_trial":false,"path_per_floor":["M","?","M","$","?","E","R","E","T","R","?","M","M","M","R","B",null,"M","?","M","M","M","E","?","M","T","R","M","R","$","M","R","B",null,"M","$","M","M","?","R","M","R","T","?","M","M","E","$","R","B",null],"character_chosen":"THE_SILENT","items_purchased":["Well Laid Plans","Cloak And Dagger","Mango","Oddly Smooth Stone","TwistedFunnel"],"campfire_rested":7,"item_purchase_floors":[4,4,30,36,48],"current_hp_per_floor":[77,62,62,62,50,19,42,12,12,35,60,62,63,65,65,33,77,60,87,86,67,57,19,19,19,19,46,37,64,78,54,86,25,109,81,81,82,51,53,86,84,84,84,84,82,72,49,49,80,5],"gold":98,"neow_bonus":"TEN_PERCENT_HP_BONUS","is_prod":false,"is_daily":false,"chose_seed":false,"campfire_upgraded":2,"win_rate":0.0,"timestamp":1548916354,"path_taken":["M","?","M","$","?","E","R","E","T","R","?","M","M","M","R","BOSS","M","?","M","?","M","E","?","M","T","R","M","R","$","M","R","BOSS","M","$","M","M","?","R","M","R","T","?","M","M","E","$","R","BOSS"],"build_version":"2019-01-23","purchased_purges":1,"victory":true,"max_hp_per_floor":[77,77,77,77,77,77,77,77,77,77,77,77,77,77,77,77,77,77,87,89,91,93,93,93,93,93,93,93,93,107,109,109,109,109,109,109,109,111,111,111,111,111,111,105,105,105,105,105,105,105],"card_choices":[{"not_picked":["Predator","Quick Slash"],"picked":"Deflect","floor":1.0},{"not_picked":["Blade Dance","Heel Hook"],"picked":"Dagger Throw","floor":3.0},{"not_picked":["Slice","Deadly Poison"],"picked":"Flying Knee","floor":6.0},{"not_picked":["Sucker Punch","Bouncing Flask"],"picked":"Dagger Spray","floor":8.0},{"not_picked":["Terror","Deflect"],"picked":"Dash","floor":12.0},{"not_picked":["Sucker Punch","Backstab"],"picked":"PiercingWail","floor":13.0},{"not_picked":["Glass Knife","Choke"],"picked":"Leg Sweep","floor":14.0},{"not_picked":["Bullet Time","A Thousand Cuts"],"picked":"Doppelganger","floor":16},{"not_picked":["Dagger Throw+1","Sucker Punch"],"picked":"Blade Dance","floor":18},{"not_picked":["Acrobatics+1","Underhanded Strike+1","Wraith Form v2"],"picked":"Singing Bowl","floor":20},{"not_picked":["Blade Dance","Sucker Punch","Predator"],"picked":"Singing Bowl","floor":21},{"not_picked":["Deflect","Bane","Reflex"],"picked":"Singing Bowl","floor":22},{"not_picked":["Acrobatics","Slice"],"picked":"Blade Dance+1","floor":23},{"not_picked":["Poisoned Stab","Escape Plan+1"],"picked":"Dodge and Roll","floor":25},{"not_picked":["Bouncing Flask","Backstab"],"picked":"Caltrops","floor":28},{"not_picked":["Deflect","Flying Knee+1","Reflex"],"picked":"Singing Bowl","floor":31},{"not_picked":["Grand Finale","Doppelganger"],"picked":"Burst","floor":33},{"not_picked":["Deflect","Sucker Punch+1"],"picked":"Footwork","floor":35},{"not_picked":["Poisoned Stab+1","Acrobatics+1"],"picked":"Dodge and Roll","floor":37},{"not_picked":["Prepared","Concentrate+1","Poisoned Stab"],"picked":"Singing Bowl","floor":38},{"not_picked":["PiercingWail","Distraction"],"picked":"Accuracy+1","floor":39},{"not_picked":["Skewer+1","Acrobatics+1"],"picked":"Backflip+1","floor":41},{"not_picked":["Setup","Wraith Form v2"],"picked":"Noxious Fumes+1","floor":45},{"not_picked":["Choke","Blade Dance+1"],"picked":"Backflip","floor":46},{"not_picked":["All Out Attack","Noxious Fumes"],"picked":"Acrobatics","floor":47}],"player_experience":182395,"relics_obtained":[{"floor":6.0,"key":"Peace Pipe"},{"floor":8.0,"key":"Singing Bowl"},{"floor":9.0,"key":"Whetstone"},{"floor":23,"key":"Lantern"},{"floor":26,"key":"Bag of Preparation"},{"floor":39,"key":"StoneCalendar"},{"floor":43,"key":"Blue Candle"},{"floor":47,"key":"Orichalcum"}],"event_choices":[{"damage_healed":0.0,"max_hp_gain":0.0,"max_hp_loss":0.0,"gold_gain":0.0,"event_name":"Shining Light","player_choice":"Entered Light","floor":2.0,"gold_loss":0.0,"damage_taken":15.0,"cards_upgraded":["Survivor","Strike_G"]},{"damage_healed":0.0,"max_hp_gain":0.0,"max_hp_loss":0.0,"gold_gain":0.0,"event_name":"Scrap Ooze","player_choice":"Success","floor":5.0,"gold_loss":0.0,"damage_taken":12.0,"relics_obtained":["Blood Vial"]},{"damage_healed":25.0,"max_hp_gain":0.0,"max_hp_loss":0.0,"gold_gain":0.0,"event_name":"Big Fish","player_choice":"Banana","floor":11.0,"gold_loss":0.0,"damage_taken":0.0},{"cards_removed":["Doppelganger"],"damage_healed":17,"gold_gain":0,"player_choice":"Offered Rare","damage_taken":0,"max_hp_gain":10,"max_hp_loss":0,"event_name":"Bonfire Elementals","floor":19,"gold_loss":0},{"damage_healed":0,"gold_gain":0,"player_choice":"Read","damage_taken":0,"max_hp_gain":0,"max_hp_loss":0,"event_name":"The Library","floor":24,"gold_loss":0,"cards_obtained":["Footwork"]},{"damage_healed":0,"gold_gain":0,"player_choice":"Fight","damage_taken":0,"max_hp_gain":0,"max_hp_loss":0,"event_name":"MindBloom","floor":39,"gold_loss":0},{"damage_healed":0,"gold_gain":0,"player_choice":"Max HP","damage_taken":0,"max_hp_gain":0,"max_hp_loss":6,"event_name":"Winding Halls","floor":44,"gold_loss":0}],"is_beta":false,"boss_relics":[{"not_picked":["Calling Bell","Astrolabe"],"picked":"WristBlade"},{"not_picked":["Ring of the Serpent","Eternal Feather"],"picked":"Pandora\u0027s Box"}],"items_purged_floors":[30],"is_endless":false,"potions_floor_spawned":[3,12,13,16,21,23,31,33,39,45,46],"ascension_level":0}