{"gold_per_floor":[114,39,39,214,214,214,225,253,307,323,323,339,350,366,366,469,469,469,469,481,500,518,518,530,530,530,547,547,557,587,5,5,5],"floor_reached":33,"playtime":1497,"items_purged":["Defend_R","Strike_R"],"score":241,"play_id":"e0f82530-3849-4d98-b749-f0e1f76b5fc9","local_time":"20181029164632","is_ascension_mode":false,"campfire_choices":[{"data":"Discovery","floor":6,"key":"SMITH"},{"floor":11,"key":"REST"},{"data":"Armaments","floor":15,"key":"SMITH"},{"floor":23,"key":"REST"},{"data":"Feed","floor":28,"key":"SMITH"},{"floor":32,"key":"REST"}],"neow_cost":"NONE","seed_source_timestamp":1551490748972051,"circlet_count":0,"master_deck":["Strike_R","Strike_R","Strike_R","Strike_R","Defend_R","Defend_R","Defend_R+1","Bash","Heavy Blade","Armaments+1","Doubt","Discovery+1","Inflame","Bash","Heavy Blade","Flex+1","Twin Strike","Whirlwind","Flex","Flame Barrier","Feed+1","Flex","Spot Weakness","Metallicize","Shrug It Off+1","Armaments+1","Armaments"],"relics":["Burning Blood","Odd Mushroom","War Paint","Mark of Pain","Gremlin Horn","Meat on the Bone","Red Mask","Ornamental Fan","Chemical X"],"potions_floor_usage":[7,16,18,20,27,30,33],"damage_taken":[{"damage":0,"enemies":"Small Slimes","floor":1,"turns":4},{"damage":20,"enemies":"Jaw Worm","floor":7,"turns":3},{"damage":43,"enemies":"The Mushroom Lair","floor":8,"turns":5},{"damage":0,"enemies":"Cultist","floor":10,"turns":2},{"damage":11,"enemies":"Red Slaver","floor":12,"turns":3},{"damage":1,"enemies":"2 Fungi Beasts","floor":13,"turns":4},{"damage":0,"enemies":"3 Louse","floor":14,"turns":1},{"damage":61,"enemies":"The Guardian","floor":16,"turns":10},{"damage":0,"enemies":"Shell Parasite","floor":18,"turns":1},{"damage":0,"enemies":"3 Byrds","floor":20,"turns":2},{"damage":12,"enemies":"3 Cultists","floor":21,"turns":3},{"damage":37,"enemies":"Centurion and Healer","floor":22,"turns":5},{"damage":25,"enemies":"Snake Plant","floor":24,"turns":3},{"damage":18,"enemies":"Cultist and Chosen","floor":27,"turns":7},{"damage":9,"enemies":"3 Cultists","floor":29,"turns":3},{"damage":28,"enemies":"Masked Bandits","floor":30,"turns":4},{"damage":71,"enemies":"Automaton","floor":33,"turns":6}],"seed_played":"-4295985823987178271","potions_obtained":[{"floor":1,"key":"PowerPotion"},{"floor":7,"key":"Ancient Potion"},{"floor":13,"key":"FearPotion"},{"floor":14,"key":"SmokeBomb"},{"floor":16,"key":"Strength Potion"},{"floor":27,"key":"LiquidBronze"},{"floor":30,"key":"FearPotion"}],"is_trial":false,"path_per_floor":["M","$","?","?","?","R","M","?","T","M","R","M","M","M","R","B",null,"M","?","M","M","M","R","M","?","T","M","R","M","?","$","R"],"character_chosen":"IRONCLAD","items_purchased":["Ornamental Fan","Chemical X","Armaments"],"campfire_rested":3,"item_purchase_floors":[31,31,31],"current_hp_per_floor":[80,80,80,80,80,80,66,29,29,35,59,54,59,65,65,10,80,80,80,80,74,43,67,48,48,48,51,51,48,38,38,62,0],"gold":5,"neow_bonus":"THREE_CARDS","is_prod":false,"is_daily":false,"chose_seed":false,"campfire_upgraded":3,"win_rate":0.0,"timestamp":1540784792,"path_taken":["M","$","?","?","?","R","M","?","T","M","R","M","M","?","R","BOSS","M","?","M","M","?","R","?","?","T","M","R","M","?","$","R","BOSS"],"build_version":"2018-10-25v2","purchased_purges":2,"victory":false,"max_hp_per_floor":[80,80,80,80,80,80,80,80,80,80,80,80,80,80,80,80,80,80,80,80,80,80,80,80,80,80,83,83,83,83,83,83,83],"card_choices":[{"not_picked":["Body Slam","Reckless Charge"],"picked":"Heavy Blade","floor":0},{"not_picked":["Iron Wave","Heavy Blade"],"picked":"Armaments","floor":1},{"not_picked":["Thunderclap","Iron Wave"],"picked":"Heavy Blade","floor":7},{"not_picked":["Clothesline","Thunderclap"],"picked":"Flex","floor":8},{"not_picked":["Rupture","Reckless Charge"],"picked":"Twin Strike","floor":10},{"not_picked":["Battle Trance","Wild Strike"],"picked":"Whirlwind","floor":12},{"not_picked":["Sever Soul","Anger"],"picked":"Flex","floor":13},{"not_picked":["Anger","Sentinel"],"picked":"Flame Barrier","floor":14},{"not_picked":["Limit Break","Berserk"],"picked":"Feed","floor":16},{"not_picked":["Wild Strike","Bloodletting+1","Clash"],"picked":"SKIP","floor":20},{"not_picked":["Perfected Strike","Thunderclap"],"picked":"Flex","floor":21},{"not_picked":["Headbutt","Wild Strike"],"picked":"Spot Weakness","floor":22},{"not_picked":["Intimidate","Bloodletting"],"picked":"Metallicize","floor":24},{"not_picked":["Sever Soul+1","Clash"],"picked":"Shrug It Off+1","floor":27},{"not_picked":["Hemokinesis","Flex","Feel No Pain"],"picked":"SKIP","floor":29},{"not_picked":["Hemokinesis+1","Iron Wave"],"picked":"Armaments+1","floor":30}],"player_experience":284231,"relics_obtained":[{"floor":8,"key":"Odd Mushroom"},{"floor":9,"key":"War Paint"},{"floor":26,"key":"Meat on the Bone"},{"floor":30,"key":"Red Mask"}],"event_choices":[{"damage_healed":0,"gold_gain":0,"player_choice":"Ignored","damage_taken":0,"max_hp_gain":0,"max_hp_loss":0,"event_name":"Shining Light","floor":3,"gold_loss":0},{"damage_healed":0,"gold_gain":175,"player_choice":"AGREE","damage_taken":0,"max_hp_gain":0,"max_hp_loss":0,"event_name":"Liars Game","floor":4,"gold_loss":0,"cards_obtained":["Doubt"]},{"damage_healed":0,"gold_gain":0,"player_choice":"3 cards matched","damage_taken":0,"max_hp_gain":0,"max_hp_loss":0,"event_name":"Match and Keep!","floor":5,"gold_loss":0,"cards_obtained":["Discovery","Inflame","Bash"]},{"damage_healed":0,"gold_gain":0,"player_choice":"Fought Mushrooms","damage_taken":0,"max_hp_gain":0,"max_hp_loss":0,"event_name":"Mushrooms","floor":8,"gold_loss":0},{"damage_healed":0,"gold_gain":0,"player_choice":"Ignored","damage_taken":0,"max_hp_gain":0,"max_hp_loss":0,"event_name":"Ghosts","floor":19,"gold_loss":0},{"damage_healed":0,"gold_gain":0,"player_choice":"Opened","damage_taken":0,"relics_obtained":["Gremlin Horn"],"max_hp_gain":0,"max_hp_loss":0,"event_name":"The Mausoleum","floor":25,"gold_loss":0},{"damage_healed":0,"gold_gain":0,"player_choice":"Fought Bandits","damage_taken":0,"max_hp_gain":0,"max_hp_loss":0,"event_name":"Masked Bandits","floor":30,"gold_loss":0}],"is_beta":false,"boss_relics":[{"not_picked":["White Beast Statue","Coffee Dripper"],"picked":"Mark of Pain"}],"items_purged_floors":[2,31],"is_endless":false,"potions_floor_spawned":[1,7,13,14,16,27,30],"killed_by":"Automaton","ascension_level":0}