{"gold_per_floor":[109,109,127,127,141,141,66,23,73,73,106,126,126,136,136,214,214,227,227,227,227,48,78,78,130,130,148,161,172,172,185,185,257,257,268,268,268,288,288,288,314,314,314,329,309,2,20,31,31,31],"floor_reached":50,"playtime":2242,"items_purged":["Decay"],"score":932,"play_id":"32130b63-e35c-4aa2-9fc8-54bc916158b2","local_time":"20190129231301","is_ascension_mode":true,"campfire_choices":[{"data":"Neutralize","floor":6.0,"key":"SMITH"},{"data":"Noxious Fumes","floor":10.0,"key":"SMITH"},{"floor":15.0,"key":"REST"},{"floor":24.0,"key":"REST"},{"data":"Footwork","floor":30.0,"key":"SMITH"},{"floor":32.0,"key":"REST"},{"data":"Cloak And Dagger","floor":40,"key":"SMITH"},{"data":"Malaise","floor":42,"key":"SMITH"},{"floor":49,"key":"REST"}],"neow_cost":"NONE","seed_source_timestamp":429808893942261,"circlet_count":0,"master_deck":["AscendersBane","Defend_G","Defend_G","Defend_G","Defend_G","Defend_G","Strike_G","Strike_G+1","Strike_G","Strike_G+1","Survivor+1","Neutralize+1","Predator+1","Slice","Flying Knee+1","Noxious Fumes+1","Leg Sweep","Tools of the Trade","Dagger Spray","Bane","Malaise+1","Cloak And Dagger+1","Dodge and Roll","Deflect","Footwork+1","Catalyst+1","Caltrops","Dodge and Roll","Calculated Gamble","After Image","Cloak And Dagger","Infinite Blades+1","Escape Plan","Deadly Poison","Accuracy","Prepared+1","Skewer+1"],"special_seed":0,"relics":["Ring of the Snake","Regal Pillow","Whetstone","Mango","Sozu","MutagenicStrength","Matryoshka","Blood Vial","PreservedInsect","Potion Belt","Pen Nib","Busted Crown","Gremlin Horn","Paper Crane","Mummified Hand"],"potions_floor_usage":[],"damage_taken":[{"damage":3.0,"enemies":"Jaw Worm","floor":1.0,"turns":5.0},{"damage":1.0,"enemies":"2 Louse","floor":3.0,"turns":3.0},{"damage":0.0,"enemies":"Cultist","floor":5.0,"turns":3.0},{"damage":15.0,"enemies":"3 Sentries","floor":11.0,"turns":5.0},{"damage":6.0,"enemies":"Looter","floor":12.0,"turns":2.0},{"damage":1.0,"enemies":"3 Louse","floor":14.0,"turns":3.0},{"damage":16.0,"enemies":"Hexaghost","floor":16.0,"turns":10.0},{"damage":16.0,"enemies":"Spheric Guardian","floor":18.0,"turns":4.0},{"damage":6.0,"enemies":"Colosseum Slavers","floor":21.0,"turns":4.0},{"damage":31.0,"enemies":"Gremlin Leader","floor":23.0,"turns":11.0},{"damage":1.0,"enemies":"Shell Parasite","floor":27.0,"turns":7.0},{"damage":10.0,"enemies":"Shelled Parasite and Fungi","floor":28.0,"turns":5.0},{"damage":25.0,"enemies":"Sentry and Sphere","floor":29.0,"turns":6.0},{"damage":10.0,"enemies":"Snake Plant","floor":31.0,"turns":6.0},{"damage":38,"enemies":"Collector","floor":33,"turns":10},{"damage":38,"enemies":"3 Darklings","floor":35,"turns":7},{"damage":4,"enemies":"Orb Walker","floor":38,"turns":4},{"damage":9,"enemies":"Giant Head","floor":41,"turns":8},{"damage":7,"enemies":"Spire Growth","floor":44,"turns":8},{"damage":43,"enemies":"Transient","floor":47,"turns":5},{"damage":8,"enemies":"3 Darklings","floor":48,"turns":6},{"damage":39,"enemies":"Time Eater","floor":50,"turns":9}],"seed_played":"6431822834914710762","potions_obtained":[{"floor":3.0,"key":"LiquidBronze"},{"floor":11.0,"key":"Energy Potion"}],"is_trial":false,"path_per_floor":["M","?","M","?","M","R","$","$","T","R","E","M","?","M","R","B",null,"M","?","?","?","$","E","R","T","T","M","M","M","R","M","R","B",null,"M","?","?","M","?","R","E","R","T","M","?","$","M","M","R","B"],"character_chosen":"THE_SILENT","items_purchased":["Noxious Fumes","Leg Sweep","Dodge and Roll","Deflect","Mummified Hand","Accuracy"],"campfire_rested":4,"item_purchase_floors":[7,8,22,22,46,46],"current_hp_per_floor":[56,56,55,35,35,35,35,35,35,35,34,28,28,27,66,50,73,57,57,57,51,51,20,59,59,59,60,52,29,29,21,60,24,66,30,30,66,62,62,62,55,55,55,50,50,50,9,3,37,0],"gold":31,"neow_bonus":"RANDOM_COMMON_RELIC","is_prod":false,"is_daily":false,"chose_seed":false,"campfire_upgraded":5,"win_rate":0,"timestamp":1548799981,"path_taken":["M","?","M","?","M","R","?","$","T","R","E","M","?","?","R","BOSS","M","?","?","?","$","E","R","?","T","?","M","M","R","M","R","BOSS","M","?","?","M","?","R","E","R","T","M","?","$","?","M","R","BOSS"],"build_version":"2019-01-23","purchased_purges":1,"victory":false,"max_hp_per_floor":[66,66,66,66,66,66,66,66,66,66,80,80,80,80,80,80,80,80,80,80,80,80,80,80,80,80,80,80,80,80,80,80,80,80,80,80,66,66,66,66,66,66,66,66,66,66,66,66,66,66],"card_choices":[{"not_picked":["Cloak And Dagger","Prepared"],"picked":"Predator","floor":1.0},{"not_picked":["Poisoned Stab","Deflect"],"picked":"Slice","floor":3.0},{"not_picked":["Poisoned Stab","Finisher"],"picked":"Flying Knee","floor":5.0},{"not_picked":["Calculated Gamble","Catalyst"],"picked":"Tools of the Trade","floor":11.0},{"not_picked":["Prepared","Finisher"],"picked":"Dagger Spray","floor":12.0},{"not_picked":["Sucker Punch","Bouncing Flask","Blade Dance"],"picked":"SKIP","floor":14.0},{"not_picked":["Envenom","Burst"],"picked":"Malaise","floor":16.0},{"not_picked":["Flying Knee","Quick Slash+1"],"picked":"Cloak And Dagger","floor":18.0},{"not_picked":["Quick Slash","Catalyst"],"picked":"Footwork","floor":23.0},{"not_picked":["All Out Attack","Outmaneuver"],"picked":"Catalyst+1","floor":27.0},{"not_picked":["Dagger Spray+1","Deadly Poison"],"picked":"Caltrops","floor":28.0},{"not_picked":["Prepared","Blade Dance"],"picked":"Dodge and Roll","floor":29.0},{"not_picked":["Tactician+1","Masterful Stab"],"picked":"Calculated Gamble","floor":31.0},{"not_picked":["Unload","Night Terror"],"picked":"After Image","floor":33},{"not_picked":[],"picked":"Cloak And Dagger","floor":35},{"not_picked":[],"picked":"Infinite Blades+1","floor":38},{"not_picked":[],"picked":"Escape Plan","floor":41},{"not_picked":[],"picked":"Deadly Poison","floor":44},{"not_picked":[],"picked":"Prepared+1","floor":47},{"not_picked":[],"picked":"Skewer+1","floor":48}],"player_experience":1133070,"relics_obtained":[{"floor":9.0,"key":"Whetstone"},{"floor":11.0,"key":"Mango"},{"floor":23.0,"key":"Matryoshka"},{"floor":25.0,"key":"Blood Vial"},{"floor":25.0,"key":"PreservedInsect"},{"floor":26.0,"key":"Potion Belt"},{"floor":26.0,"key":"Pen Nib"},{"floor":41,"key":"Gremlin Horn"},{"floor":43,"key":"Paper Crane"}],"event_choices":[{"damage_healed":0.0,"max_hp_gain":0.0,"max_hp_loss":0.0,"gold_gain":0.0,"event_name":"Living Wall","player_choice":"Grow","floor":2.0,"gold_loss":0.0,"damage_taken":0.0,"cards_upgraded":["Predator"]},{"damage_healed":0.0,"max_hp_gain":0.0,"max_hp_loss":0.0,"gold_gain":0.0,"event_name":"Shining Light","player_choice":"Entered Light","floor":4.0,"gold_loss":0.0,"damage_taken":20.0,"cards_upgraded":["Strike_G","Survivor"]},{"damage_healed":0.0,"max_hp_gain":0.0,"max_hp_loss":0.0,"gold_gain":0.0,"cards_transformed":["Strike_G"],"event_name":"Transmorgrifier","player_choice":"Transformed","floor":13.0,"gold_loss":0.0,"damage_taken":0.0,"cards_obtained":["Bane"]},{"damage_healed":0.0,"max_hp_gain":0.0,"max_hp_loss":0.0,"gold_gain":0.0,"event_name":"Drug Dealer","player_choice":"Inject Mutagens","floor":19.0,"gold_loss":0.0,"damage_taken":0.0,"relics_obtained":["MutagenicStrength"]},{"damage_healed":0.0,"max_hp_gain":0.0,"max_hp_loss":0.0,"gold_gain":0.0,"event_name":"Forgotten Altar","player_choice":"Smashed Altar","floor":20.0,"gold_loss":0.0,"damage_taken":0.0,"cards_obtained":["Decay"]},{"damage_healed":0.0,"max_hp_gain":0.0,"max_hp_loss":0.0,"gold_gain":0.0,"event_name":"Colosseum","player_choice":"Fight","floor":21.0,"gold_loss":0.0,"damage_taken":0.0},{"damage_healed":0.0,"max_hp_gain":0.0,"max_hp_loss":0.0,"gold_gain":0.0,"event_name":"Colosseum","player_choice":"Fled From Nobs","floor":21.0,"gold_loss":0.0,"damage_taken":0.0},{"damage_healed":0,"gold_gain":0,"player_choice":"Memory 1","damage_taken":0,"max_hp_gain":0,"max_hp_loss":0,"event_name":"SensoryStone","floor":36,"gold_loss":0},{"damage_healed":66,"gold_gain":0,"player_choice":"Heal","damage_taken":0,"max_hp_gain":0,"max_hp_loss":14,"event_name":"The Moai Head","floor":37,"gold_loss":0},{"damage_healed":0,"gold_gain":0,"player_choice":"Ignored","damage_taken":0,"max_hp_gain":0,"max_hp_loss":0,"event_name":"Tomb of Lord Red Mask","floor":39,"gold_loss":0},{"damage_healed":0,"gold_gain":0,"player_choice":"Bought 1 Potion","damage_taken":0,"max_hp_gain":0,"max_hp_loss":0,"event_name":"The Woman in Blue","floor":45,"gold_loss":0}],"is_beta":false,"boss_relics":[{"not_picked":["Cursed Key","WristBlade"],"picked":"Sozu"},{"not_picked":["Runic Pyramid","Black Star"],"picked":"Busted Crown"}],"items_purged_floors":[22],"is_endless":false,"potions_floor_spawned":[3,11,29,31,33,35,38,47],"killed_by":"Time Eater","ascension_level":16}