{"gold_per_floor":[109,109,127,147,117,117,117,130,130,154,170,197,197],"floor_reached":13,"playtime":483,"items_purged":[],"score":77,"play_id":"61dfc3d3-5474-4138-9897-9213f8946360","local_time":"20181019234426","is_ascension_mode":false,"campfire_choices":[{"data":"Distraction","floor":7,"key":"SMITH"},{"data":"Strike_G","floor":13,"key":"SMITH"}],"neow_cost":"NONE","seed_source_timestamp":713539179776364,"circlet_count":0,"master_deck":["Defend_G","Defend_G","Defend_G","Defend_G","Defend_G","Strike_G","Strike_G","Strike_G","Strike_G","Strike_G+1","Survivor","Neutralize","Distraction+1","Dagger Throw","Choke","Slice","Slice"],"relics":["Ring of the Snake","NeowsBlessing","Golden Idol","Omamori","Snake Skull"],"potions_floor_usage":[11],"damage_taken":[{"damage":0,"enemies":"Jaw Worm","floor":1,"turns":1},{"damage":0,"enemies":"Small Slimes","floor":3,"turns":1},{"damage":0,"enemies":"2 Louse","floor":4,"turns":1},{"damage":1,"enemies":"Red Slaver","floor":8,"turns":3},{"damage":3,"enemies":"2 Fungi Beasts","floor":10,"turns":3},{"damage":2,"enemies":"Large Slime","floor":11,"turns":4}],"seed_played":"-4841087945435298883","potions_obtained":[{"floor":4,"key":"Weak Potion"},{"floor":5,"key":"Poison Potion"},{"floor":5,"key":"Ancient Potion"}],"is_trial":false,"path_per_floor":["M","?","M","M","?","?","R","M","T","M","M","T"],"character_chosen":"THE_SILENT","items_purchased":[],"campfire_rested":0,"item_purchase_floors":[],"current_hp_per_floor":[70,65,65,65,65,70,70,69,69,66,64,64,64],"gold":197,"neow_bonus":"THREE_ENEMY_KILL","is_prod":false,"is_daily":false,"chose_seed":false,"campfire_upgraded":2,"win_rate":0.0,"timestamp":1539945866,"path_taken":["M","?","M","M","?","?","R","M","T","M","M","?","R"],"build_version":"2018-10-18","purchased_purges":0,"victory":false,"max_hp_per_floor":[70,65,65,65,65,70,70,70,70,70,70,70,70],"card_choices":[{"not_picked":["Dodge and Roll","PiercingWail","Reflex"],"picked":"SKIP","floor":1},{"not_picked":["Reflex","Prepared"],"picked":"Distraction","floor":3},{"not_picked":["Flying Knee","Dodge and Roll"],"picked":"Dagger Throw","floor":4},{"not_picked":["Phantasmal Killer","Blade Dance"],"picked":"Choke","floor":8},{"not_picked":["Dagger Spray","Cloak And Dagger"],"picked":"Slice","floor":10},{"not_picked":["Noxious Fumes","Underhanded Strike"],"picked":"Slice","floor":11}],"player_experience":109815,"relics_obtained":[{"floor":9,"key":"Omamori"},{"floor":12,"key":"Snake Skull"}],"event_choices":[{"damage_healed":0,"gold_gain":0,"player_choice":"Lose Max HP","damage_taken":0,"relics_obtained":["Golden Idol"],"max_hp_gain":0,"max_hp_loss":5,"event_name":"Golden Idol","floor":2,"gold_loss":0},{"damage_healed":0,"gold_gain":0,"player_choice":"Bought 2 Potions","damage_taken":0,"max_hp_gain":0,"max_hp_loss":0,"event_name":"The Woman in Blue","floor":5,"gold_loss":0},{"damage_healed":0,"gold_gain":0,"player_choice":"Donut","damage_taken":0,"max_hp_gain":5,"max_hp_loss":0,"event_name":"Big Fish","floor":6,"gold_loss":0}],"is_beta":false,"boss_relics":[],"items_purged_floors":[],"is_endless":false,"potions_floor_spawned":[4,8],"ascension_level":0}