{"path_per_floor":["M","M","M","M","?","R","M","E","T","R","E","R","M","M","R","B",null,"M","?","$","?","M"],"character_chosen":"THE_SILENT","items_purchased":["Malaise","Mummified Hand","Happy Flower"],"gold_per_floor":[211,227,247,267,267,267,280,305,378,378,412,412,428,438,438,540,540,558,473,38,38,38,38],"floor_reached":23,"campfire_rested":1,"playtime":2158,"current_hp_per_floor":[68,68,67,65,75,75,72,44,44,44,33,33,34,16,40,25,66,50,50,50,50,41,0],"items_purged":[],"gold":38,"score":254,"play_id":"0da994ac-9e7d-4451-8cd6-afb559846294","local_time":"20180415213241","is_prod":false,"is_daily":false,"chose_seed":false,"is_ascension_mode":true,"campfire_upgraded":3,"timestamp":1523820761,"path_taken":["M","M","M","M","?","R","M","E","T","R","E","R","M","M","R","BOSS","M","?","$","?","M","E"],"build_version":"2018-04-12","seed_source_timestamp":21235435585037,"purchased_purges":0,"victory":false,"master_deck":["Defend_G","Defend_G","Defend_G","Defend_G","Defend_G","Strike_G","Strike_G","Strike_G","Strike_G","Strike_G","Survivor","Neutralize+1","Underhanded Strike","Cloak And Dagger+1","Cloak And Dagger","Regret","Noxious Fumes+1","Heel Hook","Dodge and Roll","Noxious Fumes","Burst","Venomology","Decay","Regret","Regret","Distraction+1","Malaise"],"max_hp_per_floor":[70,70,70,70,80,80,80,80,80,80,80,80,80,80,80,80,80,80,80,80,80,80,80],"relics":["Ring of the Snake","Pear","Sundial","Meat on the Bone","Du-Vu Doll","Calling Bell","Regal Pillow","Oddly Smooth Stone","Mercury Hourglass","Centennial Puzzle","Mummified Hand","Happy Flower"],"card_choices":[{"not_picked":["Outmaneuver","Prepared"],"picked":"Underhanded Strike","floor":1.0},{"not_picked":["Acrobatics","Setup"],"picked":"Cloak And Dagger","floor":2.0},{"not_picked":["Underhanded Strike","Concentrate"],"picked":"Cloak And Dagger","floor":3.0},{"not_picked":["Poisoned Stab","Flying Knee"],"picked":"Noxious Fumes","floor":7.0},{"not_picked":["Expertise","Crippling Poison"],"picked":"Heel Hook","floor":8},{"not_picked":["Concentrate","Poisoned Stab"],"picked":"Dodge and Roll","floor":11},{"not_picked":["Riddle With Holes","Predator"],"picked":"Noxious Fumes","floor":13},{"not_picked":["Choke","Deflect"],"picked":"Burst","floor":14},{"not_picked":["Night Terror","Tools of the Trade"],"picked":"Venomology","floor":16},{"not_picked":["Prepared","PiercingWail"],"picked":"Distraction","floor":18}],"player_experience":536495,"potions_floor_usage":[8,16,22,22,22,23],"damage_taken":[{"damage":2.0,"enemies":"2 Louse","floor":1.0,"turns":4.0},{"damage":0.0,"enemies":"Jaw Worm","floor":2.0,"turns":3.0},{"damage":1.0,"enemies":"Cultist","floor":3.0,"turns":4.0},{"damage":2.0,"enemies":"3 Louse","floor":4.0,"turns":3.0},{"damage":3.0,"enemies":"2 Fungi Beasts","floor":7.0,"turns":4.0},{"damage":28,"enemies":"Gremlin Nob","floor":8,"turns":4},{"damage":23,"enemies":"3 Sentries","floor":11,"turns":8},{"damage":11,"enemies":"Blue Slaver","floor":13,"turns":3},{"damage":30,"enemies":"Large Slime","floor":14,"turns":5},{"damage":27,"enemies":"The Guardian","floor":16,"turns":10},{"damage":28,"enemies":"Spheric Guardian","floor":18,"turns":6},{"damage":9,"enemies":"2 Thieves","floor":22,"turns":4},{"damage":46,"enemies":"Gremlin Leader","floor":23,"turns":5}],"event_choices":[{"event_name":"Big Fish","player_choice":"Box","floor":5.0,"damage_taken":0.0},{"event_name":"Addict","player_choice":"Obtained Relic","floor":19,"damage_taken":0},{"event_name":"Drug Dealer","player_choice":"Ignored","floor":21,"damage_taken":0}],"boss_relics":[{"not_picked":["Astrolabe","Philosopher\u0027s Stone"],"picked":"Calling Bell"}],"potions_floor_spawned":[2,13,14,18],"seed_played":"-1207157500035533682","killed_by":"Gremlin Leader","ascension_level":5,"is_trial":false}