{"gold_per_floor":[111,186,66,66,82,82,93,107,131,131,149,149,119,144,144,240,240,259,259,259,273,273,273],"floor_reached":23,"playtime":1512,"items_purged":[],"score":233,"play_id":"2747d51e-ded6-4ecc-ad2c-cfa189468b42","local_time":"20190129021035","is_ascension_mode":true,"campfire_choices":[{"data":"Hologram","floor":6,"key":"SMITH"},{"data":"Loop","floor":10,"key":"SMITH"},{"data":"Coolheaded","floor":12,"key":"SMITH"},{"floor":15,"key":"REST"}],"neow_cost":"NONE","seed_source_timestamp":974736906277799,"circlet_count":0,"master_deck":["Strike_B","Strike_B","Strike_B","Strike_B","Defend_B","Defend_B","Defend_B","Defend_B","Zap","Dualcast","Darkness+1","Loop+1","Steam","Hologram+1","Coolheaded+1","Redo","Redo","Electrodynamics","Normality","Regret","Doubt","Chill","Ghostly","Ghostly","Ghostly","Ghostly","Ghostly"],"relics":["Sozu","Centennial Puzzle","Calling Bell","Orichalcum","Question Card","Nunchaku","CultistMask","MutagenicStrength"],"potions_floor_usage":[],"damage_taken":[{"damage":6,"enemies":"Small Slimes","floor":1,"turns":4},{"damage":1,"enemies":"2 Louse","floor":5,"turns":3},{"damage":1,"enemies":"Cultist","floor":7,"turns":3},{"damage":3,"enemies":"Large Slime","floor":8,"turns":6},{"damage":13,"enemies":"Exordium Thugs","floor":11,"turns":4},{"damage":0,"enemies":"Looter","floor":13,"turns":4},{"damage":8,"enemies":"Lagavulin","floor":14,"turns":4},{"damage":22,"enemies":"The Guardian","floor":16,"turns":5},{"damage":33,"enemies":"2 Thieves","floor":18,"turns":3},{"damage":3,"enemies":"3 Byrds","floor":21,"turns":5},{"damage":50,"enemies":"Gremlin Leader","floor":23,"turns":12}],"seed_played":"-5816370772312129952","potions_obtained":[],"is_trial":false,"path_per_floor":["M","?","$","?","M","R","M","M","T","R","M","R","M","E","R","B",null,"M","?","?","M","?","E"],"character_chosen":"DEFECT","items_purchased":["Loop","Steam"],"campfire_rested":1,"item_purchase_floors":[3,3],"current_hp_per_floor":[69,58,58,58,57,57,56,53,53,53,40,40,40,32,54,32,75,42,37,37,34,34,0],"gold":273,"neow_bonus":"BOSS_RELIC","is_prod":false,"is_daily":false,"chose_seed":false,"campfire_upgraded":3,"win_rate":0,"timestamp":1548724235,"path_taken":["M","?","$","?","M","R","M","M","T","R","M","R","M","E","R","BOSS","M","?","?","?","?","E"],"build_version":"2019-01-23","purchased_purges":0,"victory":false,"max_hp_per_floor":[75,75,75,75,75,75,75,75,75,75,75,75,75,75,75,75,75,75,37,37,37,37,37],"card_choices":[{"not_picked":["Conserve Battery","Double Energy"],"picked":"Darkness","floor":1},{"not_picked":["Rebound","Streamline"],"picked":"Hologram","floor":5},{"not_picked":["Rip and Tear","Hello World"],"picked":"Coolheaded","floor":7},{"not_picked":["Recycle","Beam Cell","Sweeping Beam"],"picked":"SKIP","floor":8},{"not_picked":["Gash","Double Energy","Thunder Strike"],"picked":"SKIP","floor":11},{"not_picked":["Steam","Leap"],"picked":"Redo","floor":13},{"not_picked":["Gash","Chill"],"picked":"Redo","floor":14},{"not_picked":["All For One","Amplify"],"picked":"Electrodynamics","floor":16},{"not_picked":["Coolheaded","Ball Lightning","Rebound+1"],"picked":"Chill","floor":18},{"not_picked":["Gash","Heatsinks","Steam Power","Recycle"],"picked":"SKIP","floor":21}],"player_experience":429912,"relics_obtained":[{"floor":14,"key":"Centennial Puzzle"},{"floor":17,"key":"Orichalcum"},{"floor":17,"key":"Question Card"},{"floor":17,"key":"Nunchaku"}],"event_choices":[{"damage_healed":0,"gold_gain":75,"player_choice":"Gather Gold","damage_taken":11,"max_hp_gain":0,"max_hp_loss":0,"event_name":"World of Goop","floor":2,"gold_loss":0},{"damage_healed":0,"gold_gain":0,"player_choice":"Grow","damage_taken":0,"max_hp_gain":0,"max_hp_loss":0,"event_name":"Living Wall","floor":4,"gold_loss":0,"cards_upgraded":["Darkness"]},{"damage_healed":0,"gold_gain":0,"player_choice":"Became a Ghost","damage_taken":0,"max_hp_gain":0,"max_hp_loss":38,"event_name":"Ghosts","floor":19,"gold_loss":0,"cards_obtained":["Ghostly","Ghostly","Ghostly","Ghostly","Ghostly"]},{"damage_healed":0,"gold_gain":0,"player_choice":"Trade","damage_taken":0,"relics_obtained":["CultistMask"],"max_hp_gain":0,"max_hp_loss":0,"event_name":"FaceTrader","floor":20,"gold_loss":0},{"damage_healed":0,"gold_gain":0,"player_choice":"Inject Mutagens","damage_taken":0,"relics_obtained":["MutagenicStrength"],"max_hp_gain":0,"max_hp_loss":0,"event_name":"Drug Dealer","floor":22,"gold_loss":0}],"is_beta":false,"boss_relics":[{"not_picked":["Inserter","Empty Cage"],"picked":"Calling Bell"}],"items_purged_floors":[],"is_endless":false,"potions_floor_spawned":[5,14,16],"killed_by":"Gremlin Leader","ascension_level":2}