{"gold_per_floor":[114,264,55,70,85,85,115,115,142,152,152,131,144,171,171,171],"floor_reached":16,"playtime":356,"items_purged":["Doubt"],"score":316,"play_id":"b372d3db-4728-413a-bc12-d2c6bf51c814","local_time":"20181206182333","is_ascension_mode":true,"campfire_choices":[{"data":"Bash","floor":6,"key":"SMITH"},{"data":"Perfected Strike","floor":8,"key":"SMITH"},{"data":"Inflame","floor":11,"key":"SMITH"},{"floor":15,"key":"RECALL"}],"neow_cost":"CURSE","seed_source_timestamp":43305536794994,"circlet_count":0,"master_deck":["AscendersBane","Strike_R","Strike_R","Strike_R","Strike_R","Strike_R","Defend_R","Defend_R","Defend_R","Defend_R","Bash+1","Injury","Ghostly Armor","Inflame+1","Cleave","Anger","Infernal Blade","Perfected Strike+1","Shrug It Off","Wild Strike","Whirlwind","Clothesline"],"relics":["Burning Blood","Turnip","Bag of Preparation","PreservedInsect","Anchor"],"potions_floor_usage":[7,7,14],"damage_taken":[{"damage":18,"enemies":"Small Slimes","floor":1,"turns":6},{"damage":0,"enemies":"2 Louse","floor":4,"turns":3},{"damage":0,"enemies":"Cultist","floor":5,"turns":3},{"damage":0,"enemies":"Gremlin Nob","floor":7,"turns":2},{"damage":21,"enemies":"Exordium Wildlife","floor":10,"turns":5},{"damage":17,"enemies":"Exordium Thugs","floor":12,"turns":4},{"damage":7,"enemies":"2 Fungi Beasts","floor":13,"turns":2},{"damage":0,"enemies":"Lagavulin","floor":14,"turns":2},{"damage":20,"enemies":"Hexaghost","floor":16,"turns":3}],"seed_played":"4963475404113682402","potions_obtained":[{"floor":4,"key":"Fire Potion"},{"floor":5,"key":"AttackPotion"},{"floor":13,"key":"Fire Potion"}],"is_trial":false,"path_per_floor":["M","?","$","M","M","R","E","R","T","M","R","M","M","E","R","B"],"character_chosen":"IRONCLAD","items_purchased":["Inflame","Cleave"],"campfire_rested":0,"item_purchase_floors":[3,3],"current_hp_per_floor":[56,56,56,62,68,68,74,74,74,59,59,48,47,53,53,33],"gold":171,"neow_bonus":"ONE_RARE_RELIC","is_prod":false,"is_daily":false,"chose_seed":false,"campfire_upgraded":3,"win_rate":0,"timestamp":1544149413,"path_taken":["M","?","$","M","M","R","E","R","T","M","R","M","M","E","R","BOSS"],"build_version":"2018-12-06","purchased_purges":1,"victory":false,"max_hp_per_floor":[75,75,75,75,75,75,75,75,75,75,75,75,75,75,75,75],"card_choices":[{"not_picked":["Rampage","Clash"],"picked":"Ghostly Armor","floor":1},{"not_picked":["Flex","Warcry"],"picked":"Anger","floor":4},{"not_picked":["Wild Strike","Headbutt"],"picked":"Infernal Blade","floor":5},{"not_picked":["Battle Trance","Warcry"],"picked":"Perfected Strike","floor":7},{"not_picked":["Cleave","Twin Strike"],"picked":"Shrug It Off","floor":10},{"not_picked":["Juggernaut","Inflame"],"picked":"Wild Strike","floor":12},{"not_picked":["Armaments","Wild Strike"],"picked":"Whirlwind","floor":13},{"not_picked":["Hemokinesis","Burning Pact"],"picked":"Clothesline","floor":14}],"player_experience":974359,"relics_obtained":[{"floor":7,"key":"Bag of Preparation"},{"floor":9,"key":"PreservedInsect"},{"floor":14,"key":"Anchor"}],"event_choices":[{"damage_healed":0,"gold_gain":150,"player_choice":"AGREE","damage_taken":0,"max_hp_gain":0,"max_hp_loss":0,"event_name":"Liars Game","floor":2,"gold_loss":0,"cards_obtained":["Doubt"]}],"is_beta":true,"boss_relics":[],"items_purged_floors":[3],"is_endless":false,"potions_floor_spawned":[4,5,13],"killed_by":"Hexaghost","ascension_level":19}