{"gold_per_floor":[109,120,132,57,57,57,72,72,72,83,83,83,113,86,86,158,158,169,181,281,206,106,106,117,117,191,207,225,225,240,240],"floor_reached":31,"playtime":2472,"items_purged":["Writhe","Strike_R"],"score":478,"play_id":"9ad19835-b6b0-43bc-929c-67e36bf475cd","local_time":"20190119211413","is_ascension_mode":true,"campfire_choices":[{"data":"Bash","floor":6,"key":"SMITH"},{"data":"Infernal Blade","floor":12,"key":"SMITH"},{"data":"Body Slam","floor":15,"key":"SMITH"},{"floor":23,"key":"REST"},{"floor":29,"key":"REST"}],"neow_cost":"CURSE","seed_source_timestamp":626782646138203,"circlet_count":0,"master_deck":["AscendersBane","Strike_R","Strike_R","Defend_R","Defend_R","Defend_R","Defend_R","Bash+1","True Grit+1","Shrug It Off+1","Battle Trance","Infernal Blade+1","Disarm","Dark Embrace","Body Slam+1","Offering"],"relics":["Burning Blood","Unceasing Top","Gremlin Horn","Kunai","Busted Crown","Du-Vu Doll","Mummified Hand","The Courier"],"potions_floor_usage":[13,13,19,20,20,28,30],"damage_taken":[{"damage":14,"enemies":"Jaw Worm","floor":1,"turns":6},{"damage":0,"enemies":"Small Slimes","floor":2,"turns":4},{"damage":2,"enemies":"2 Louse","floor":3,"turns":5},{"damage":0,"enemies":"Exordium Wildlife","floor":7,"turns":4},{"damage":0,"enemies":"2 Fungi Beasts","floor":10,"turns":4},{"damage":16,"enemies":"3 Sentries","floor":13,"turns":8},{"damage":5,"enemies":"Exordium Thugs","floor":14,"turns":4},{"damage":12,"enemies":"The Guardian","floor":16,"turns":13},{"damage":11,"enemies":"2 Thieves","floor":18,"turns":4},{"damage":5,"enemies":"Shell Parasite","floor":19,"turns":6},{"damage":6,"enemies":"Colosseum Slavers","floor":20,"turns":4},{"damage":53,"enemies":"Colosseum Nobs","floor":20,"turns":7},{"damage":7,"enemies":"Centurion and Healer","floor":24,"turns":5},{"damage":6,"enemies":"3 Cultists","floor":27,"turns":5},{"damage":21,"enemies":"Sentry and Sphere","floor":28,"turns":6},{"damage":20,"enemies":"Snecko","floor":30,"turns":4},{"damage":34,"enemies":"Snake Plant","floor":31,"turns":5}],"seed_played":"-1793710690022614626","potions_obtained":[{"floor":3,"key":"AttackPotion"},{"floor":7,"key":"BloodPotion"},{"floor":16,"key":"SpeedPotion"},{"floor":18,"key":"SkillPotion"},{"floor":19,"key":"Ancient Potion"},{"floor":20,"key":"Poison Potion"},{"floor":24,"key":"SpeedPotion"}],"is_trial":false,"path_per_floor":["M","M","M","$","?","R","M","?","T","M","$","R","E","M","R","B",null,"M","M","?","?","$","R","M","?","T","M","M","R","M","M"],"character_chosen":"IRONCLAD","items_purchased":[],"campfire_rested":2,"item_purchase_floors":[],"current_hp_per_floor":[60,66,70,70,47,47,53,53,53,59,59,59,56,57,57,51,69,64,65,18,18,18,40,39,39,39,39,24,46,32,0],"gold":240,"neow_bonus":"ONE_RARE_RELIC","is_prod":false,"is_daily":false,"chose_seed":false,"campfire_upgraded":3,"win_rate":0,"timestamp":1547892853,"path_taken":["M","M","M","$","?","R","M","?","T","M","?","R","E","M","R","BOSS","M","M","?","?","$","R","M","?","T","M","M","R","M","M"],"build_version":"2019-01-17v2","purchased_purges":2,"victory":false,"max_hp_per_floor":[75,75,75,75,75,75,75,75,75,75,75,75,75,75,75,75,75,75,75,75,75,75,75,75,75,75,75,75,75,75,75],"card_choices":[{"not_picked":["Perfected Strike","Heavy Blade"],"picked":"True Grit","floor":1},{"not_picked":["True Grit","Body Slam"],"picked":"Shrug It Off","floor":2},{"not_picked":["Shrug It Off","Clash"],"picked":"Battle Trance","floor":3},{"not_picked":["Intimidate","Havoc"],"picked":"Infernal Blade","floor":7},{"not_picked":["Ghostly Armor","Infernal Blade"],"picked":"Disarm","floor":10},{"not_picked":["Twin Strike","Inflame"],"picked":"Dark Embrace","floor":13},{"not_picked":["Heavy Blade","Shrug It Off"],"picked":"Body Slam","floor":14},{"not_picked":["Thunderclap"],"picked":"SKIP","floor":18},{"not_picked":["Thunderclap"],"picked":"SKIP","floor":19},{"not_picked":["Fire Breathing"],"picked":"SKIP","floor":24},{"not_picked":["Warcry"],"picked":"SKIP","floor":27},{"not_picked":["Hemokinesis"],"picked":"SKIP","floor":28},{"not_picked":["Perfected Strike"],"picked":"SKIP","floor":30}],"player_experience":629149,"relics_obtained":[{"floor":9,"key":"Gremlin Horn"},{"floor":13,"key":"Kunai"},{"floor":20,"key":"Du-Vu Doll"},{"floor":20,"key":"Mummified Hand"},{"floor":26,"key":"The Courier"}],"event_choices":[{"damage_healed":0,"gold_gain":0,"player_choice":"Entered Light","damage_taken":23,"max_hp_gain":0,"max_hp_loss":0,"event_name":"Shining Light","floor":5,"gold_loss":0,"cards_upgraded":["Shrug It Off","True Grit"]},{"damage_healed":0,"gold_gain":0,"player_choice":"Ignored","damage_taken":0,"max_hp_gain":0,"max_hp_loss":0,"event_name":"Liars Game","floor":8,"gold_loss":0},{"damage_healed":0,"gold_gain":0,"player_choice":"Fight","damage_taken":0,"max_hp_gain":0,"max_hp_loss":0,"event_name":"Colosseum","floor":20,"gold_loss":0},{"damage_healed":0,"gold_gain":0,"player_choice":"Fought Nobs","damage_taken":0,"max_hp_gain":0,"max_hp_loss":0,"event_name":"Colosseum","floor":20,"gold_loss":0},{"cards_removed":["Strike_R"],"damage_healed":0,"gold_gain":0,"player_choice":"Gave Gold","damage_taken":0,"max_hp_gain":0,"max_hp_loss":0,"event_name":"Beggar","floor":21,"gold_loss":75},{"damage_healed":0,"gold_gain":0,"cards_transformed":["Strike_R"],"player_choice":"Transformed","damage_taken":0,"max_hp_gain":0,"max_hp_loss":0,"event_name":"Transmorgrifier","floor":25,"gold_loss":0,"cards_obtained":["Offering"]}],"is_beta":false,"boss_relics":[{"not_picked":["Eternal Feather","Tiny House"],"picked":"Busted Crown"}],"items_purged_floors":[4,22],"is_endless":false,"potions_floor_spawned":[3,7,10,16,18,19,20,24],"killed_by":"Snake Plant","ascension_level":20}