{"gold_per_floor":[15,15,35,0,0,0,32,32,32,67,42,59,59,59,59,59],"floor_reached":16,"playtime":742,"items_purged":[],"score":207,"play_id":"48a6297e-e8c0-4204-b249-dcbc79520854","local_time":"20190107215358","is_ascension_mode":true,"campfire_choices":[{"data":"Zap","floor":6.0,"key":"SMITH"},{"floor":8.0,"key":"REST"},{"floor":13.0,"key":"REST"},{"data":"Genetic Algorithm","floor":15,"key":"SMITH"}],"neow_cost":"NO_GOLD","seed_source_timestamp":0,"circlet_count":0,"master_deck":["AscendersBane","Strike_B","Strike_B","Strike_B","Strike_B+1","Defend_B","Defend_B","Defend_B","Defend_B","Zap+1","Dualcast+1","Panache","Madness","Barrage","Gash","Ball Lightning","Sweeping Beam","Self Repair","Cold Snap","Stack","Genetic Algorithm+1"],"special_seed":0,"relics":["Cracked Core","Happy Flower","Dream Catcher","Ancient Tea Set","Torii"],"potions_floor_usage":[16],"damage_taken":[{"damage":0.0,"enemies":"Cultist","floor":1.0,"turns":3.0},{"damage":9.0,"enemies":"Jaw Worm","floor":3.0,"turns":4.0},{"damage":32.0,"enemies":"Gremlin Nob","floor":7.0,"turns":4.0},{"damage":20.0,"enemies":"3 Sentries","floor":10.0,"turns":6.0},{"damage":0.0,"enemies":"Small Slimes","floor":12.0,"turns":2.0},{"damage":24,"enemies":"The Guardian","floor":16,"turns":5}],"seed_played":"-4527055769627406945","potions_obtained":[{"floor":3.0,"key":"Ancient Potion"},{"floor":10.0,"key":"SkillPotion"},{"floor":12.0,"key":"SpeedPotion"}],"is_trial":false,"path_per_floor":["M","?","M","?","?","R","E","R","T","E","$","M","R","?","R","B"],"character_chosen":"DEFECT","items_purchased":["Cold Snap"],"campfire_rested":2,"item_purchase_floors":[11],"current_hp_per_floor":[64,46,37,54,33,33,1,22,22,2,2,2,23,23,23,0],"gold":59,"neow_bonus":"RANDOM_COLORLESS_2","is_prod":false,"is_daily":false,"chose_seed":false,"campfire_upgraded":2,"win_rate":0,"timestamp":1546865638,"path_taken":["M","?","M","?","?","R","E","R","T","E","?","?","R","?","R","BOSS"],"build_version":"2019-01-03v4","purchased_purges":0,"victory":false,"max_hp_per_floor":[71,71,71,71,71,71,71,71,71,71,71,71,71,71,71,71],"card_choices":[{"not_picked":["Hologram","Coolheaded"],"picked":"Barrage","floor":1.0},{"not_picked":["Coolheaded","Conserve Battery"],"picked":"Gash","floor":3.0},{"not_picked":["Streamline","Hello World"],"picked":"Ball Lightning","floor":7.0},{"not_picked":["Turbo","Double Energy"],"picked":"Sweeping Beam","floor":8.0},{"not_picked":["Steam","Conserve Battery"],"picked":"Self Repair","floor":10.0},{"not_picked":["Go for the Eyes","Hologram"],"picked":"Stack","floor":12.0},{"not_picked":["Defragment","Compile Driver"],"picked":"Genetic Algorithm","floor":13.0}],"player_experience":1022728,"relics_obtained":[{"floor":7.0,"key":"Dream Catcher"},{"floor":9.0,"key":"Ancient Tea Set"},{"floor":10.0,"key":"Torii"}],"event_choices":[{"damage_healed":0.0,"max_hp_gain":0.0,"max_hp_loss":0.0,"gold_gain":0.0,"event_name":"Scrap Ooze","player_choice":"Success","floor":2.0,"gold_loss":0.0,"damage_taken":18.0,"relics_obtained":["Happy Flower"]},{"damage_healed":17.0,"max_hp_gain":0.0,"max_hp_loss":0.0,"gold_gain":0.0,"event_name":"The Cleric","player_choice":"Healed","floor":4.0,"gold_loss":35.0,"damage_taken":0.0},{"damage_healed":0.0,"max_hp_gain":0.0,"max_hp_loss":0.0,"gold_gain":0.0,"event_name":"Shining Light","player_choice":"Entered Light","floor":5.0,"gold_loss":0.0,"damage_taken":21.0,"cards_upgraded":["Strike_B","Dualcast"]},{"damage_healed":0,"gold_gain":0,"player_choice":"Searched \u00270\u0027 times","damage_taken":0,"max_hp_gain":0,"max_hp_loss":0,"event_name":"Dead Adventurer","floor":14,"gold_loss":0}],"is_beta":false,"boss_relics":[],"items_purged_floors":[],"is_endless":false,"potions_floor_spawned":[3,10,12],"killed_by":"The Guardian","ascension_level":19}