{"gold_per_floor":[112,1,15,15,15,15,49,49,49,66,78,78,78,39,39,139,139,152,64,64,64,46,46,46,46,125,145,145],"floor_reached":28,"playtime":1045,"items_purged":["Strike_G"],"score":239,"play_id":"243accbd-d90f-4768-87da-554908649d00","local_time":"20181028023008","is_ascension_mode":false,"campfire_choices":[{"data":"Bouncing Flask","floor":6,"key":"SMITH"},{"data":"Flash of Steel","floor":13,"key":"SMITH"},{"data":"Predator","floor":15,"key":"SMITH"},{"data":"Envenom","floor":23,"key":"SMITH"},{"floor":25,"key":"REST"}],"neow_cost":"NONE","seed_source_timestamp":1414152201107276,"circlet_count":0,"master_deck":["Defend_G","Defend_G","Defend_G","Defend_G","Strike_G","Strike_G","Strike_G","Strike_G","Survivor","Neutralize","Backflip","Noxious Fumes","Acrobatics","Grand Finale","Bouncing Flask+1","Flash of Steel+1","Acrobatics","Leg Sweep","Caltrops","Choke","Predator+1","Envenom+1","Deadly Poison","Discovery","Bane","Crippling Poison"],"relics":["Ring of the Snake","NeowsBlessing","Darkstone Periapt","Orichalcum","StoneCalendar","FaceOfCleric","Black Star","Anchor","Nilry\u0027s Codex","Shuriken"],"potions_floor_usage":[10,16,16,27],"damage_taken":[{"damage":0,"enemies":"Cultist","floor":1,"turns":1},{"damage":0,"enemies":"Jaw Worm","floor":3,"turns":1},{"damage":0,"enemies":"Gremlin Nob","floor":7,"turns":1},{"damage":6,"enemies":"Small Slimes","floor":10,"turns":2},{"damage":0,"enemies":"Blue Slaver","floor":11,"turns":4},{"damage":63,"enemies":"The Guardian","floor":16,"turns":10},{"damage":8,"enemies":"Chosen","floor":18,"turns":5},{"damage":19,"enemies":"2 Thieves","floor":22,"turns":4},{"damage":26,"enemies":"Centurion and Healer","floor":27,"turns":6},{"damage":30,"enemies":"Snake Plant","floor":28,"turns":5}],"seed_played":"2339878928433498613","potions_obtained":[{"floor":1,"key":"SpeedPotion"},{"floor":7,"key":"Fire Potion"},{"floor":11,"key":"Strength Potion"},{"floor":22,"key":"Swift Potion"}],"is_trial":false,"path_per_floor":["M","$","M","?","$","R","E","?","T","M","M","?","R","$","R","B",null,"M","$","?","?","M","R","?","R","T","M"],"character_chosen":"THE_SILENT","items_purchased":["Noxious Fumes","Predator","Discovery"],"campfire_rested":1,"item_purchase_floors":[2,14,19],"current_hp_per_floor":[70,70,70,70,70,70,70,70,70,64,64,64,64,64,64,2,71,64,64,64,64,46,46,30,51,51,26,0],"gold":145,"neow_bonus":"THREE_ENEMY_KILL","is_prod":false,"is_daily":false,"chose_seed":false,"campfire_upgraded":4,"win_rate":0.0,"timestamp":1540647008,"path_taken":["M","$","?","?","$","R","E","?","T","?","M","?","R","?","R","BOSS","M","$","?","?","M","R","?","R","T","M","M"],"build_version":"2018-10-25v2","purchased_purges":1,"victory":false,"max_hp_per_floor":[70,70,70,70,70,70,70,70,70,70,70,70,70,70,70,71,71,72,72,72,72,73,73,73,73,73,74,74],"card_choices":[{"not_picked":["Expertise","PiercingWail"],"picked":"Backflip","floor":1},{"not_picked":["Tactician","Accuracy"],"picked":"Acrobatics","floor":3},{"not_picked":["Expertise","Setup"],"picked":"Leg Sweep","floor":7},{"not_picked":["PiercingWail","Distraction"],"picked":"Caltrops","floor":10},{"not_picked":["All Out Attack","Eviscerate"],"picked":"Choke","floor":11},{"not_picked":["After Image","Unload"],"picked":"Envenom","floor":16},{"not_picked":["PiercingWail","Distraction"],"picked":"Deadly Poison","floor":18},{"not_picked":["Flechettes","Acrobatics"],"picked":"Bane","floor":22},{"not_picked":["Cloak And Dagger","Well Laid Plans"],"picked":"Crippling Poison","floor":27}],"player_experience":270347,"relics_obtained":[{"floor":7,"key":"Darkstone Periapt"},{"floor":9,"key":"StoneCalendar"},{"floor":24,"key":"Nilry\u0027s Codex"},{"floor":26,"key":"Shuriken"}],"event_choices":[{"damage_healed":0,"gold_gain":0,"player_choice":"4 cards matched","damage_taken":0,"max_hp_gain":0,"max_hp_loss":0,"event_name":"Match and Keep!","floor":4,"gold_loss":0,"cards_obtained":["Grand Finale","Bouncing Flask","Flash of Steel","Acrobatics"]},{"damage_healed":0,"gold_gain":30,"player_choice":"Searched \u00272\u0027 times","damage_taken":0,"relics_obtained":["Orichalcum"],"max_hp_gain":0,"max_hp_loss":0,"event_name":"Dead Adventurer","floor":8,"gold_loss":0},{"damage_healed":0,"gold_gain":0,"player_choice":"Trade","damage_taken":0,"relics_obtained":["FaceOfCleric"],"max_hp_gain":0,"max_hp_loss":0,"event_name":"FaceTrader","floor":12,"gold_loss":0},{"cards_removed":["Defend_G"],"damage_healed":0,"gold_gain":0,"player_choice":"Elegance","damage_taken":0,"max_hp_gain":0,"max_hp_loss":0,"event_name":"Back to Basics","floor":20,"gold_loss":0},{"damage_healed":0,"gold_gain":0,"player_choice":"Opened","damage_taken":0,"relics_obtained":["Anchor"],"max_hp_gain":0,"max_hp_loss":0,"event_name":"The Mausoleum","floor":21,"gold_loss":0},{"damage_healed":0,"gold_gain":0,"player_choice":"Obtained Book","damage_taken":16,"max_hp_gain":0,"max_hp_loss":0,"event_name":"Cursed Tome","floor":24,"gold_loss":0}],"is_beta":false,"boss_relics":[{"not_picked":["Coffee Dripper","Runic Pyramid"],"picked":"Black Star"}],"items_purged_floors":[2],"is_endless":false,"potions_floor_spawned":[1,7,11,22],"killed_by":"Snake Plant","ascension_level":0}