{"gold_per_floor":[411,43,118,135,145,145,16,16,16,16,16,31,58,233,233,233],"floor_reached":16,"playtime":645,"items_purged":["Strike_B"],"score":88,"play_id":"43c2dbc8-2c95-4448-ab52-847bc8200734","local_time":"20181021201745","is_ascension_mode":false,"campfire_choices":[{"floor":6,"key":"REST"},{"data":"Double Energy","floor":8,"key":"SMITH"},{"data":"Zap","floor":11,"key":"SMITH"},{"floor":15,"key":"REST"}],"neow_cost":"CURSE","seed_source_timestamp":873786705967709,"circlet_count":0,"master_deck":["Strike_B","Strike_B","Strike_B","Defend_B","Defend_B","Defend_B","Defend_B","Zap+1","Dualcast","Regret","Storm","Capacitor","Genetic Algorithm","Double Energy+1","Beam Cell+1","Barrage+1","Regret","Gash+1","Tempest","Doubt"],"relics":["Cracked Core","Old Coin","Molten Egg 2","Shuriken","Art of War","Odd Mushroom"],"potions_floor_usage":[12,13],"damage_taken":[{"damage":4,"enemies":"2 Louse","floor":1,"turns":3},{"damage":9,"enemies":"Small Slimes","floor":4,"turns":3},{"damage":15,"enemies":"Jaw Worm","floor":5,"turns":4},{"damage":21,"enemies":"3 Louse","floor":12,"turns":3},{"damage":27,"enemies":"The Mushroom Lair","floor":13,"turns":5},{"damage":41,"enemies":"The Guardian","floor":16,"turns":7}],"seed_played":"2136775345404313120","potions_obtained":[{"floor":4,"key":"SpeedPotion"},{"floor":5,"key":"Regen Potion"}],"is_trial":false,"path_per_floor":["M","$","?","M","M","R","$","R","T","?","R","M","?","?","R"],"character_chosen":"DEFECT","items_purchased":["Molten Egg 2","Capacitor","Genetic Algorithm","Barrage+1"],"campfire_rested":2,"item_purchase_floors":[2,2,2,7],"current_hp_per_floor":[71,71,60,51,36,58,58,58,58,58,58,46,19,19,41,0],"gold":233,"neow_bonus":"ONE_RARE_RELIC","is_prod":false,"is_daily":false,"chose_seed":false,"campfire_upgraded":2,"win_rate":0.0,"timestamp":1540106265,"path_taken":["M","$","?","M","M","R","$","R","T","?","R","?","?","?","R","BOSS"],"build_version":"2018-10-18","purchased_purges":1,"victory":false,"max_hp_per_floor":[75,75,75,75,75,75,75,75,75,75,75,75,75,75,75,75],"card_choices":[{"not_picked":["Conserve Battery","Redo"],"picked":"Storm","floor":1},{"not_picked":["Aggregate","Conserve Battery"],"picked":"Double Energy","floor":4},{"not_picked":["FTL+1","Fusion"],"picked":"Beam Cell+1","floor":5},{"not_picked":["Consume","Self Repair"],"picked":"Gash+1","floor":12},{"not_picked":["BootSequence","Leap"],"picked":"Tempest","floor":13}],"player_experience":182349,"relics_obtained":[{"floor":9,"key":"Shuriken"},{"floor":13,"key":"Odd Mushroom"}],"event_choices":[{"damage_healed":0,"gold_gain":75,"player_choice":"Gather Gold","damage_taken":11,"max_hp_gain":0,"max_hp_loss":0,"event_name":"World of Goop","floor":3,"gold_loss":0},{"damage_healed":0,"gold_gain":0,"player_choice":"Box","damage_taken":0,"relics_obtained":["Art of War"],"max_hp_gain":0,"max_hp_loss":0,"event_name":"Big Fish","floor":10,"gold_loss":0,"cards_obtained":["Regret"]},{"damage_healed":0,"gold_gain":0,"player_choice":"Fought Mushrooms","damage_taken":0,"max_hp_gain":0,"max_hp_loss":0,"event_name":"Mushrooms","floor":13,"gold_loss":0},{"damage_healed":0,"gold_gain":175,"player_choice":"AGREE","damage_taken":0,"max_hp_gain":0,"max_hp_loss":0,"event_name":"Liars Game","floor":14,"gold_loss":0,"cards_obtained":["Doubt"]}],"is_beta":false,"boss_relics":[],"items_purged_floors":[7],"is_endless":false,"potions_floor_spawned":[4,5],"killed_by":"The Guardian","ascension_level":0}