{"gold_per_floor":[15,25,36,36,53,53,79,98,98,98,111,141,168,185,185,284,284,299,310,235,150,150,150,75,92,139,139,139,171,182,197,197,299,299,309,327,341,441,441,469,212,212,267,82,99,54,79,99,99,99],"floor_reached":51,"playtime":1736,"items_purged":["Strike_R","Strike_R"],"score":789,"play_id":"e33b37cb-e02a-4e18-8512-c08b0b7f09fa","local_time":"20190130015258","is_ascension_mode":false,"campfire_choices":[{"data":"Clothesline","floor":6.0,"key":"SMITH"},{"data":"1","floor":10.0,"key":"LIFT"},{"data":"2","floor":15.0,"key":"LIFT"},{"data":"3","floor":23.0,"key":"LIFT"},{"data":"Spot Weakness","floor":27.0,"key":"SMITH"},{"data":"Seeing Red","floor":32.0,"key":"SMITH"},{"data":"Feel No Pain","floor":42,"key":"SMITH"},{"data":"Battle Trance","floor":49,"key":"SMITH"}],"neow_cost":"NO_GOLD","seed_source_timestamp":0,"circlet_count":0,"master_deck":["Strike_R","Strike_R","Defend_R","Defend_R","Defend_R","Defend_R","Bash","Clash","Clothesline+1","Pommel Strike","Ghostly Armor","Reaper","Seeing Red+1","Spot Weakness+1","Whirlwind","Reaper","True Grit+1","Feel No Pain+1","Feed+1","Warcry+1","Pummel+1","Heavy Blade+1","Battle Trance+1","Pummel+1","Sword Boomerang+1","Battle Trance+1"],"special_seed":0,"relics":["Burning Blood","Dream Catcher","Girya","Meat on the Bone","Odd Mushroom","Runic Pyramid","Turnip","Bag of Marbles","Molten Egg 2","Busted Crown","Calipers","Mercury Hourglass","Bag of Preparation","Anchor","Mummified Hand"],"potions_floor_usage":[50],"damage_taken":[{"damage":1.0,"enemies":"2 Louse","floor":1.0,"turns":3.0},{"damage":2.0,"enemies":"Small Slimes","floor":2.0,"turns":3.0},{"damage":2.0,"enemies":"Jaw Worm","floor":3.0,"turns":4.0},{"damage":0.0,"enemies":"Blue Slaver","floor":5.0,"turns":3.0},{"damage":21.0,"enemies":"Lagavulin","floor":7.0,"turns":5.0},{"damage":0.0,"enemies":"Large Slime","floor":8.0,"turns":4.0},{"damage":6.0,"enemies":"Exordium Thugs","floor":11.0,"turns":4.0},{"damage":20.0,"enemies":"Gremlin Nob","floor":12.0,"turns":5.0},{"damage":16.0,"enemies":"The Mushroom Lair","floor":13.0,"turns":5.0},{"damage":8.0,"enemies":"Gremlin Gang","floor":14.0,"turns":4.0},{"damage":44.0,"enemies":"Slime Boss","floor":16.0,"turns":13.0},{"damage":23.0,"enemies":"Shell Parasite","floor":18.0,"turns":8.0},{"damage":10.0,"enemies":"3 Byrds","floor":19.0,"turns":4.0},{"damage":10.0,"enemies":"Snake Plant","floor":25.0,"turns":5.0},{"damage":44.0,"enemies":"Slavers","floor":29.0,"turns":6.0},{"damage":11.0,"enemies":"Snecko","floor":30.0,"turns":3.0},{"damage":15.0,"enemies":"Centurion and Healer","floor":31.0,"turns":8.0},{"damage":88.0,"enemies":"Champ","floor":33.0,"turns":20.0},{"damage":6,"enemies":"3 Shapes","floor":35,"turns":7},{"damage":5,"enemies":"Orb Walker","floor":36,"turns":2},{"damage":12,"enemies":"4 Shapes","floor":37,"turns":4},{"damage":12,"enemies":"Mind Bloom Boss Battle","floor":38,"turns":8},{"damage":31,"enemies":"Reptomancer","floor":40,"turns":6},{"damage":0,"enemies":"Jaw Worm Horde","floor":45,"turns":3},{"damage":19,"enemies":"Nemesis","floor":47,"turns":3},{"damage":2,"enemies":"Spire Growth","floor":48,"turns":3},{"damage":50,"enemies":"Time Eater","floor":50,"turns":8}],"seed_played":"-5600531225994207755","potions_obtained":[{"floor":2.0,"key":"PowerPotion"},{"floor":5.0,"key":"PowerPotion"},{"floor":8.0,"key":"Poison Potion"},{"floor":11.0,"key":"LiquidBronze"},{"floor":16.0,"key":"AttackPotion"},{"floor":29.0,"key":"Regen Potion"},{"floor":30.0,"key":"FairyPotion"}],"is_trial":false,"path_per_floor":["M","M","M","?","M","R","E","M","T","R","M","E","?","M","R","B",null,"M","M","?","?","?","R","$","M","T","R","?","E","M","M","R","B",null,"M","M","M","?","T","E","$","R","T","$","M","$","E","M","R","B",null],"character_chosen":"IRONCLAD","items_purchased":["Bag of Preparation","Heavy Blade+1","Battle Trance","Pummel+1","Sword Boomerang+1"],"campfire_rested":0,"item_purchase_floors":[41,44,44,44,46],"current_hp_per_floor":[96,96,96,101,101,101,86,92,92,92,92,78,68,66,66,40,101,84,80,80,80,80,80,80,86,86,86,86,77,101,101,101,65,105,109,109,113,117,117,98,98,98,98,98,118,118,121,125,125,92],"gold":99,"neow_bonus":"TWENTY_PERCENT_HP_BONUS","is_prod":false,"is_daily":false,"chose_seed":false,"campfire_upgraded":5,"win_rate":0,"timestamp":1548780778,"path_taken":["M","M","M","?","M","R","E","M","T","R","M","E","?","M","R","BOSS","M","M","?","?","?","R","$","M","T","R","?","E","M","?","R","BOSS","M","?","M","?","?","E","$","R","T","$","M","?","E","M","R","BOSS"],"build_version":"2019-01-23","purchased_purges":2,"victory":true,"max_hp_per_floor":[96,96,96,101,101,101,101,101,101,101,101,101,101,101,101,101,101,101,101,101,101,101,101,101,101,101,101,101,101,101,101,101,105,105,109,109,113,117,117,117,117,117,117,117,121,121,121,125,125,125],"card_choices":[{"not_picked":["Heavy Blade","Body Slam"],"picked":"Clash","floor":1.0},{"not_picked":["Thunderclap","Hemokinesis"],"picked":"Clothesline","floor":2.0},{"not_picked":["Flex","Armaments"],"picked":"Pommel Strike","floor":3.0},{"not_picked":["Pommel Strike","Bloodletting","Iron Wave"],"picked":"SKIP","floor":5.0},{"not_picked":["Anger","Sentinel","Fire Breathing"],"picked":"SKIP","floor":7.0},{"not_picked":["Thunderclap","True Grit","Sword Boomerang"],"picked":"SKIP","floor":8.0},{"not_picked":["Exhume","Cleave","Armaments"],"picked":"SKIP","floor":11.0},{"not_picked":["Sever Soul","Cleave","Pommel Strike"],"picked":"SKIP","floor":12.0},{"not_picked":["Entrench","Ghostly Armor","Twin Strike"],"picked":"SKIP","floor":14.0},{"not_picked":["Entrench","Twin Strike"],"picked":"Ghostly Armor","floor":14.0},{"not_picked":["Immolate","Bludgeon"],"picked":"Reaper","floor":16.0},{"not_picked":["Havoc","Cleave","Thunderclap"],"picked":"SKIP","floor":18.0},{"not_picked":["Entrench+1","Iron Wave"],"picked":"Seeing Red","floor":19.0},{"not_picked":["Flex","Sword Boomerang"],"picked":"Whirlwind","floor":25.0},{"not_picked":["Iron Wave+1","Carnage+1"],"picked":"True Grit+1","floor":29.0},{"not_picked":["Rupture","Wild Strike+1"],"picked":"Feel No Pain","floor":30.0},{"not_picked":["Pommel Strike+1","Rampage+1"],"picked":"Feed+1","floor":31.0},{"not_picked":[],"picked":"Warcry+1","floor":35},{"not_picked":["Thunderclap+1"],"picked":"SKIP","floor":36},{"not_picked":[],"picked":"Pummel+1","floor":37},{"not_picked":["Warcry"],"picked":"SKIP","floor":40},{"not_picked":["Burning Pact"],"picked":"SKIP","floor":45},{"not_picked":[],"picked":"Battle Trance+1","floor":47},{"not_picked":["Hemokinesis+1"],"picked":"SKIP","floor":48}],"player_experience":1011320,"relics_obtained":[{"floor":7.0,"key":"Dream Catcher"},{"floor":9.0,"key":"Girya"},{"floor":12.0,"key":"Meat on the Bone"},{"floor":13.0,"key":"Odd Mushroom"},{"floor":26.0,"key":"Bag of Marbles"},{"floor":29.0,"key":"Molten Egg 2"},{"floor":38,"key":"Calipers"},{"floor":40,"key":"Mercury Hourglass"},{"floor":43,"key":"Anchor"},{"floor":47,"key":"Mummified Hand"}],"event_choices":[{"damage_healed":0.0,"max_hp_gain":5.0,"max_hp_loss":0.0,"gold_gain":0.0,"event_name":"Big Fish","player_choice":"Donut","floor":4.0,"gold_loss":0.0,"damage_taken":0.0},{"damage_healed":0.0,"max_hp_gain":0.0,"max_hp_loss":0.0,"gold_gain":0.0,"event_name":"Mushrooms","player_choice":"Fought Mushrooms","floor":13.0,"gold_loss":0.0,"damage_taken":0.0},{"cards_removed":["Strike_R"],"damage_healed":0.0,"max_hp_gain":0.0,"max_hp_loss":0.0,"gold_gain":0.0,"event_name":"Beggar","player_choice":"Gave Gold","floor":20.0,"gold_loss":75.0,"damage_taken":0.0},{"damage_healed":0.0,"max_hp_gain":0.0,"max_hp_loss":0.0,"gold_gain":0.0,"event_name":"Addict","player_choice":"Obtained Relic","floor":21.0,"gold_loss":85.0,"damage_taken":0.0,"relics_obtained":["Turnip"]},{"damage_healed":0.0,"max_hp_gain":0.0,"max_hp_loss":0.0,"gold_gain":0.0,"event_name":"The Library","player_choice":"Read","floor":22.0,"gold_loss":0.0,"damage_taken":0.0,"cards_obtained":["Spot Weakness"]},{"damage_healed":0.0,"max_hp_gain":0.0,"max_hp_loss":0.0,"gold_gain":0.0,"event_name":"Duplicator","player_choice":"Copied","floor":28.0,"gold_loss":0.0,"damage_taken":0.0,"cards_obtained":["Reaper"]},{"damage_healed":0,"gold_gain":0,"player_choice":"Fight","damage_taken":0,"max_hp_gain":0,"max_hp_loss":0,"event_name":"MindBloom","floor":38,"gold_loss":0}],"is_beta":false,"boss_relics":[{"not_picked":["Ectoplasm","Tiny House"],"picked":"Runic Pyramid"},{"not_picked":["Empty Cage","White Beast Statue"],"picked":"Busted Crown"}],"items_purged_floors":[24,41],"is_endless":false,"potions_floor_spawned":[2,5,8,11,16,18,29,30,31,35,37,38],"ascension_level":0}