{"path_per_floor":["M","?","?","M","M","R","E","$","T","M","M","M","R","M","R","B",null,"M","M","?","?","T","R","$","M","T","?","?","M","M","M","R","B",null,"M","?","$","M","M","R","M","M","T","M","?","R","?","M","R"],"character_chosen":"THE_SILENT","items_purchased":["Bouncing Flask","Leg Sweep","Distraction","Pen Nib","Paper Crane","Quick Slash"],"gold_per_floor":[112,112,112,124,144,144,179,22,45,58,75,92,92,104,104,203,203,223,240,240,240,267,267,155,169,192,117,317,331,350,361,361,459,459,477,477,56,72,84,84,100,117,117,131,131,131,131,145,145],"floor_reached":50,"campfire_rested":4,"playtime":4564,"current_hp_per_floor":[58,70,70,70,70,70,53,53,53,53,55,52,52,52,72,27,72,47,24,24,8,8,29,29,26,26,26,26,26,10,10,32,17,76,65,65,65,62,57,76,72,36,36,33,78,78,68,62,62],"items_purged":["Clumsy"],"gold":145,"score":525,"play_id":"4cea2b9f-2b56-4591-82dd-1d4c2e549baa","local_time":"20180320182041","is_prod":false,"is_daily":false,"is_ascension_mode":false,"campfire_upgraded":4,"timestamp":1521566441,"path_taken":["M","?","?","?","M","R","E","?","T","M","M","M","R","M","R","BOSS","M","M","?","?","?","R","?","?","T","?","?","M","M","?","R","BOSS","M","?","$","M","M","R","M","?","T","M","?","R","?","M","R","BOSS"],"build_version":"2018-03-15v3","purchased_purges":3,"victory":false,"master_deck":["Defend_G","Defend_G","Defend_G","Defend_G","Strike_G","Strike_G","Strike_G","Strike_G","Survivor","Neutralize","Noxious Fumes+1","Adrenaline","Sucker Punch","Flying Knee","Noxious Fumes+1","Bouncing Flask+1","Dodge and Roll","Catalyst+1","Poisoned Stab","Envenom","Dagger Spray+1","Cloak And Dagger+1","Necronomicurse","Leg Sweep","Distraction","Dagger Spray","Sucker Punch","Adrenaline","Slice","Quick Slash","Deadly Poison+1","Crippling Poison+1","Backflip","Parasite","Cloak And Dagger+1","Madness","Madness","Slice+1"],"max_hp_per_floor":[70,70,70,70,70,70,70,70,70,70,72,72,72,72,72,72,72,72,72,72,72,72,72,72,72,72,72,72,74,74,76,76,76,76,76,76,76,76,76,76,78,78,78,78,78,78,78,78,78],"relics":["Ring of the Snake","Ginger","Singing Bowl","Snake Skull","Philosopher\u0027s Stone","Necronomicon","Ancient Tea Set","Oddly Smooth Stone","Cursed Key","Pen Nib","Paper Crane","Smiling Mask"],"card_choices":[{"not_picked":["Catalyst","Glass Knife"],"picked":"Noxious Fumes"},{"not_picked":["Bane","Backflip"],"picked":"Sucker Punch"},{"not_picked":["Backflip","Skewer"],"picked":"Flying Knee"},{"not_picked":["Underhanded Strike","Malaise"],"picked":"Noxious Fumes"},{"not_picked":["Acrobatics","Outmaneuver"],"picked":"Dodge and Roll"},{"not_picked":["Distraction","Sucker Punch"],"picked":"Catalyst"},{"not_picked":["Cloak And Dagger","Bullet Time"],"picked":"Poisoned Stab"},{"not_picked":["Doppelganger","Corpse Explosion"],"picked":"Envenom"},{"not_picked":["Setup","Poisoned Stab"],"picked":"Dagger Spray"},{"not_picked":["Setup","Well Laid Plans"],"picked":"Cloak And Dagger"},{"not_picked":["Choke","Setup"],"picked":"Dagger Spray"},{"not_picked":["Dagger Throw","Dagger Spray"],"picked":"Sucker Punch"},{"not_picked":["Grand Finale","After Image"],"picked":"Adrenaline"},{"not_picked":["Blade Dance","Quick Slash"],"picked":"Slice"},{"not_picked":["Cloak And Dagger","Slice"],"picked":"Deadly Poison"},{"not_picked":["Outmaneuver","Underhanded Strike"],"picked":"Crippling Poison"},{"not_picked":["Predator","Crippling Poison"],"picked":"Backflip"},{"not_picked":["Concentrate","Backflip"],"picked":"Cloak And Dagger"},{"not_picked":["Underhanded Strike","Bane"],"picked":"Slice"}],"player_experience":222860,"potions_floor_usage":[14,19,25,31,31,31,41,48,48],"damage_taken":[{"damage":12,"enemies":"Jaw Worm","floor":1,"turns":6},{"damage":0,"enemies":"Small Slimes","floor":4,"turns":4},{"damage":0,"enemies":"Cultist","floor":5,"turns":3},{"damage":17,"enemies":"3 Sentries","floor":7,"turns":7},{"damage":0,"enemies":"Blue Slaver","floor":10,"turns":4},{"damage":0,"enemies":"Exordium Thugs","floor":11,"turns":4},{"damage":3,"enemies":"Red Slaver","floor":12,"turns":4},{"damage":0,"enemies":"2 Fungi Beasts","floor":14,"turns":2},{"damage":45,"enemies":"Hexaghost","floor":16,"turns":5},{"damage":25,"enemies":"2 Thieves","floor":18,"turns":4},{"damage":23,"enemies":"Chosen","floor":19,"turns":5},{"damage":3,"enemies":"Centurion and Healer","floor":25,"turns":6},{"damage":2,"enemies":"Snake Plant","floor":29,"turns":5},{"damage":16,"enemies":"Sentry and Sphere","floor":30,"turns":4},{"damage":2,"enemies":"Centurion and Healer","floor":31,"turns":7},{"damage":15,"enemies":"Champ","floor":33,"turns":7},{"damage":11,"enemies":"3 Shapes","floor":35,"turns":4},{"damage":3,"enemies":"Orb Walker","floor":38,"turns":3},{"damage":5,"enemies":"Sphere and 2 Shapes","floor":39,"turns":4},{"damage":6,"enemies":"Maw","floor":41,"turns":6},{"damage":36,"enemies":"4 Shapes","floor":42,"turns":6},{"damage":3,"enemies":"3 Darklings","floor":44,"turns":3},{"damage":6,"enemies":"Sphere and 2 Shapes","floor":48,"turns":3},{"damage":69,"enemies":"Time Eater","floor":50,"turns":12}],"event_choices":[{"event_name":"Big Fish","player_choice":"Banana","floor":2,"damage_taken":0},{"event_name":"Transmorgrifier","player_choice":"Transform","floor":3,"damage_taken":0},{"event_name":"Vampires","player_choice":"Ignored","floor":20,"damage_taken":0},{"event_name":"Cursed Tome","player_choice":"Obtained Book","floor":21,"damage_taken":0},{"event_name":"Beggar","player_choice":"Gave Gold","floor":27,"damage_taken":0},{"event_name":"Wheel of Change","player_choice":"Gold","floor":28,"damage_taken":0},{"event_name":"Tomb of Lord Red Mask","player_choice":"Ignored","floor":36,"damage_taken":0},{"event_name":"Wheel of Change","player_choice":"Full Heal","floor":45,"damage_taken":0},{"event_name":"Winding Halls","player_choice":"Embrace Madness","floor":47,"damage_taken":0}],"boss_relics":[{"not_picked":["Lizard Tail","Velvet Choker"],"picked":"Philosopher\u0027s Stone"},{"not_picked":["Black Star","Runic Dome"],"picked":"Cursed Key"}],"potions_floor_spawned":[1,4,5,14,16,19,25,33,35,41],"seed_played":"9017184001023068216","killed_by":"Time Eater","ascension_level":0,"is_trial":false}