{"gold_per_floor":[111,111,127,227,243,282,282,318,318,48,83,83,101,66,66,157,157,176,194,3,26,26,26,59,72,72,115,115,159,159,184,184,279,279,302,27,51,51,69,69,104,104,104,129,129,173,173,212,212,212],"floor_reached":51,"playtime":3649,"items_purged":[],"score":1587,"play_id":"3ec655c7-9924-4882-a1e5-03a0fe9633f4","local_time":"20180712210626","is_ascension_mode":true,"campfire_choices":[{"floor":7.0,"key":"DIG"},{"floor":12.0,"key":"REST"},{"floor":15.0,"key":"DIG"},{"floor":23.0,"key":"DIG"},{"floor":28.0,"key":"DIG"},{"floor":30.0,"key":"DIG"},{"floor":32.0,"key":"DIG"},{"floor":40.0,"key":"DIG"},{"floor":42,"key":"DIG"},{"floor":45,"key":"DIG"},{"floor":49,"key":"DIG"}],"neow_cost":"NONE","seed_source_timestamp":886074354100,"circlet_count":0,"master_deck":["Zap+1","Dualcast+1","AscendersBane","Sweeping Beam","Injury","Genetic Algorithm+1","Rebound","Sunder","Coolheaded+1","Auto Shields+1","Hologram+1","Seek+1","Coolheaded+1","Electrodynamics","Chaos+1","Hologram+1","Go for the Eyes","Rip and Tear","Auto Shields+1","Stack+1","Aggregate+1","Redo+1","Ball Lightning","Defragment","Redo+1","Steam Power+1","Hologram+1","Conserve Battery+1","Buffer+1","Redo+1","Creative AI+1","Coolheaded+1","Aggregate+1","Doom and Gloom+1","Consume+1","Redo+1","Coolheaded+1","Electrodynamics+1","Force Field+1","Storm+1"],"special_seed":0,"relics":["Cracked Core","Golden Idol","Shovel","Toxic Egg 2","Happy Flower","Incense Burner","Strawberry","Orichalcum","Matryoshka","Pandora\u0027s Box","Bag of Preparation","Singing Bowl","Oddly Smooth Stone","Boot","Frozen Egg 2","Anchor","Bronze Scales","Du-Vu Doll","Omamori","Regal Pillow","Inserter","Toolbox","Blood Vial","Vajra","Smiling Mask","War Paint","Cables","Lantern","Gambling Chip","Ornamental Fan","Bottled Lightning"],"potions_floor_usage":[41,50],"damage_taken":[{"damage":13.0,"enemies":"Jaw Worm","floor":1.0,"turns":4.0},{"damage":3.0,"enemies":"Small Slimes","floor":3.0,"turns":3.0},{"damage":0.0,"enemies":"Cultist","floor":5.0,"turns":3.0},{"damage":27.0,"enemies":"3 Sentries","floor":6.0,"turns":8.0},{"damage":16.0,"enemies":"Gremlin Nob","floor":8.0,"turns":3.0},{"damage":15.0,"enemies":"3 Sentries","floor":11.0,"turns":6.0},{"damage":0.0,"enemies":"2 Fungi Beasts","floor":13.0,"turns":3.0},{"damage":20.0,"enemies":"The Guardian","floor":16.0,"turns":13.0},{"damage":7.0,"enemies":"Shell Parasite","floor":18.0,"turns":6.0},{"damage":0.0,"enemies":"3 Byrds","floor":19.0,"turns":4.0},{"damage":0.0,"enemies":"Centurion and Healer","floor":21.0,"turns":4.0},{"damage":5.0,"enemies":"Gremlin Leader","floor":24.0,"turns":6.0},{"damage":0.0,"enemies":"Snecko","floor":25.0,"turns":4.0},{"damage":12.0,"enemies":"Slavers","floor":27.0,"turns":9.0},{"damage":13.0,"enemies":"Gremlin Leader","floor":29.0,"turns":4.0},{"damage":2.0,"enemies":"Slaver and Parasite","floor":31.0,"turns":4.0},{"damage":0.0,"enemies":"Collector","floor":33.0,"turns":8.0},{"damage":0.0,"enemies":"3 Shapes","floor":35.0,"turns":4.0},{"damage":9.0,"enemies":"3 Darklings","floor":37.0,"turns":3.0},{"damage":0.0,"enemies":"Maw","floor":39.0,"turns":7.0},{"damage":7,"enemies":"2 Orb Walkers","floor":41,"turns":3},{"damage":0,"enemies":"Sphere and 2 Shapes","floor":44,"turns":2},{"damage":0,"enemies":"Nemesis","floor":46,"turns":5},{"damage":0,"enemies":"2 Orb Walkers","floor":48,"turns":2},{"damage":18,"enemies":"Donu and Deca","floor":50,"turns":5}],"seed_played":"-6577778112733688960","potions_obtained":[{"floor":5.0,"key":"Strength Potion"},{"floor":6.0,"key":"Swift Potion"},{"floor":11.0,"key":"Strength Potion"},{"floor":13.0,"key":"Block Potion"},{"floor":21.0,"key":"PowerPotion"},{"floor":33.0,"key":"Swift Potion"},{"floor":35.0,"key":"PowerPotion"},{"floor":44,"key":"SteroidPotion"}],"is_trial":false,"path_per_floor":["M","?","M","?","M","E","R","E","T","$","E","R","M","?","R","B",null,"M","M","$","M","?","R","E","M","T","E","R","E","R","M","R","B",null,"M","$","M","?","M","R","E","R","T","M","R","E","?","E","R","B"],"character_chosen":"DEFECT","items_purchased":["Strawberry","Auto Shields+1","Hologram+1","Bag of Preparation","Defragment","Toolbox","Aggregate+1"],"campfire_rested":1,"item_purchase_floors":[10,10,10,20,20,36,36],"current_hp_per_floor":[55,55,52,52,52,25,25,9,9,16,1,25,25,45,45,25,68,61,61,61,61,61,61,56,56,56,44,44,31,31,29,29,29,69,69,69,60,60,60,60,55,55,55,57,57,59,80,82,82,64],"gold":212,"neow_bonus":"UPGRADE_CARD","is_prod":false,"is_daily":false,"chose_seed":false,"campfire_upgraded":0,"win_rate":0,"timestamp":1531422386,"path_taken":["M","?","M","?","M","E","R","E","T","$","E","R","M","?","R","BOSS","M","M","$","M","?","R","E","M","T","E","R","E","R","M","R","BOSS","M","$","M","?","?","R","E","R","T","M","R","E","?","E","R","BOSS"],"build_version":"2018-07-05","purchased_purges":0,"victory":true,"max_hp_per_floor":[75,75,75,75,75,75,75,75,75,82,82,82,82,82,82,82,82,82,82,82,82,82,82,82,82,82,82,82,82,82,82,82,82,82,82,82,82,82,82,82,82,82,82,82,82,82,82,82,82,82],"card_choices":[{"not_picked":["Turbo","Barrage"],"picked":"Sweeping Beam","floor":1.0},{"not_picked":["Barrage","Storm"],"picked":"Genetic Algorithm","floor":3.0},{"not_picked":["Fusion","Leap"],"picked":"Rebound","floor":5.0},{"not_picked":["Barrage","Lockon"],"picked":"Sunder","floor":6.0},{"not_picked":["Skim+1","Redo+1"],"picked":"Coolheaded+1","floor":8.0},{"not_picked":["Go for the Eyes","Stack+1"],"picked":"Seek+1","floor":11.0},{"not_picked":["Heatsinks","Streamline"],"picked":"Coolheaded+1","floor":13.0},{"not_picked":["Amplify+1","Core Surge"],"picked":"Electrodynamics","floor":16.0},{"not_picked":["Sweeping Beam","Hello World"],"picked":"Redo+1","floor":18.0},{"not_picked":["Go for the Eyes","Streamline"],"picked":"Ball Lightning","floor":19.0},{"not_picked":["Rebound","Turbo+1"],"picked":"Redo+1","floor":21.0},{"not_picked":["Force Field+1","Blizzard"],"picked":"Steam Power+1","floor":24.0},{"not_picked":["Streamline","Barrage"],"picked":"Hologram+1","floor":25.0},{"not_picked":["Reprogram+1","Redo+1"],"picked":"Conserve Battery+1","floor":27.0},{"not_picked":["Turbo+1","Melter"],"picked":"Buffer+1","floor":29.0},{"not_picked":["Blizzard","Go for the Eyes"],"picked":"Redo+1","floor":31.0},{"not_picked":["Electrodynamics+1","Seek+1"],"picked":"Creative AI+1","floor":33.0},{"not_picked":["Reinforced Body+1","Conserve Battery+1"],"picked":"Coolheaded+1","floor":35.0},{"not_picked":["Melter+1","Blizzard"],"picked":"Doom and Gloom+1","floor":37.0},{"not_picked":["Conserve Battery+1","Beam Cell"],"picked":"Redo+1","floor":39.0},{"not_picked":["Beam Cell","Leap+1"],"picked":"Coolheaded+1","floor":41},{"not_picked":["Streamline","Skim+1"],"picked":"Electrodynamics+1","floor":44},{"not_picked":["Tempest+1","Redo+1"],"picked":"Force Field+1","floor":46},{"not_picked":["Beam Cell","Compile Driver+1"],"picked":"Storm+1","floor":48}],"player_experience":811448,"relics_obtained":[{"floor":6.0,"key":"Shovel"},{"floor":7.0,"key":"Toxic Egg 2"},{"floor":8.0,"key":"Happy Flower"},{"floor":9.0,"key":"Incense Burner"},{"floor":11.0,"key":"Orichalcum"},{"floor":15.0,"key":"Matryoshka"},{"floor":23.0,"key":"Singing Bowl"},{"floor":24.0,"key":"Oddly Smooth Stone"},{"floor":26.0,"key":"Boot"},{"floor":26.0,"key":"Frozen Egg 2"},{"floor":27.0,"key":"Anchor"},{"floor":28.0,"key":"Bronze Scales"},{"floor":29.0,"key":"Du-Vu Doll"},{"floor":30.0,"key":"Omamori"},{"floor":32.0,"key":"Regal Pillow"},{"floor":40.0,"key":"Blood Vial"},{"floor":41,"key":"Vajra"},{"floor":42,"key":"Smiling Mask"},{"floor":43,"key":"War Paint"},{"floor":43,"key":"Cables"},{"floor":45,"key":"Lantern"},{"floor":46,"key":"Gambling Chip"},{"floor":48,"key":"Ornamental Fan"},{"floor":49,"key":"Bottled Lightning"}],"event_choices":[{"event_name":"Golden Idol","player_choice":"Take Wound","floor":2.0,"damage_taken":0.0},{"event_name":"Wheel of Change","player_choice":"Gold","floor":4.0,"damage_taken":0.0},{"event_name":"The Cleric","player_choice":"Healed","floor":14.0,"damage_taken":0.0},{"event_name":"Drug Dealer","player_choice":"Ignored","floor":22.0,"damage_taken":0.0},{"event_name":"Transmorgrifier","player_choice":"Transform","floor":38.0,"damage_taken":0.0},{"event_name":"Winding Halls","player_choice":"Writhe","floor":47,"damage_taken":0}],"boss_relics":[{"not_picked":["Empty Cage","Astrolabe"],"picked":"Pandora\u0027s Box"},{"not_picked":["White Beast Statue","Philosopher\u0027s Stone"],"picked":"Inserter"}],"items_purged_floors":[],"is_endless":false,"potions_floor_spawned":[5,6,11,13,16,21,25,29,33,35,44],"ascension_level":13}