{"gold_per_floor":[113,133,21,37,51,51,51,51,75,92,112,287,8,21,21,118,118,135,152,9,25,45,45,45,58,58,69,80,80,80,92,104,217,229,261,273,285,315,178,178,190,190,215,215,228,228,238,258,258,258],"floor_reached":50,"playtime":3094,"items_purged":["Doubt"],"score":450,"play_id":"efe7b1b7-2f92-4257-ad04-6b704bf0cd7d","local_time":"20181116151919","is_ascension_mode":false,"campfire_choices":[{"data":"Armaments","floor":6,"key":"SMITH"},{"data":"Bash","floor":8,"key":"SMITH"},{"data":"Double Tap","floor":15,"key":"SMITH"},{"data":"Flex","floor":23,"key":"SMITH"},{"floor":29,"key":"REST"},{"data":"Fire Breathing","floor":32,"key":"SMITH"},{"data":"Metallicize","floor":40,"key":"SMITH"},{"floor":42,"key":"REST"},{"data":"Flame Barrier","floor":44,"key":"SMITH"},{"floor":49,"key":"REST"}],"neow_cost":"NONE","seed_source_timestamp":79757561097433,"circlet_count":0,"master_deck":["Bash+1","Intimidate","Flame Barrier+1","Inflame","Intimidate","Cleave","Armaments+1","Metallicize+1","Clothesline","Double Tap+1","Feed","Flex+1","Iron Wave","Thunderclap","Inflame","Havoc","Power Through","Pommel Strike","Clash","Cleave","Shrug It Off","Havoc+1","Flex","Combust+1","Corruption+1","Fire Breathing+1","Fire Breathing+1","Limit Break","Spot Weakness","Uppercut","Sword Boomerang+1","Carnage+1","Thunderclap","Clothesline"],"relics":["Burning Blood","Happy Flower","ClockworkSouvenir","Pandora\u0027s Box","Vajra","Pear","MawBank","Runic Cube","Bronze Scales","Ancient Tea Set"],"potions_floor_usage":[4,7,16,16,19,27,45,50,50,50],"damage_taken":[{"damage":0,"enemies":"Small Slimes","floor":1,"turns":3},{"damage":3,"enemies":"Jaw Worm","floor":2,"turns":4},{"damage":0,"enemies":"2 Louse","floor":4,"turns":3},{"damage":12,"enemies":"Large Slime","floor":5,"turns":9},{"damage":0,"enemies":"Lagavulin","floor":7,"turns":2},{"damage":6,"enemies":"3 Louse","floor":10,"turns":3},{"damage":3,"enemies":"Exordium Wildlife","floor":11,"turns":4},{"damage":1,"enemies":"Lots of Slimes","floor":14,"turns":3},{"damage":37,"enemies":"The Guardian","floor":16,"turns":7},{"damage":5,"enemies":"Spheric Guardian","floor":18,"turns":4},{"damage":1,"enemies":"3 Byrds","floor":19,"turns":5},{"damage":12,"enemies":"Shelled Parasite and Fungi","floor":21,"turns":5},{"damage":19,"enemies":"Cultist and Chosen","floor":22,"turns":6},{"damage":25,"enemies":"Centurion and Healer","floor":25,"turns":6},{"damage":0,"enemies":"Sentry and Sphere","floor":27,"turns":2},{"damage":15,"enemies":"Snake Plant","floor":28,"turns":4},{"damage":47,"enemies":"Automaton","floor":33,"turns":7},{"damage":31,"enemies":"3 Darklings","floor":35,"turns":4},{"damage":17,"enemies":"Orb Walker","floor":38,"turns":4},{"damage":33,"enemies":"3 Darklings","floor":41,"turns":3},{"damage":26,"enemies":"Jaw Worm Horde","floor":45,"turns":3},{"damage":38,"enemies":"4 Shapes","floor":47,"turns":2},{"damage":16,"enemies":"Sphere and 2 Shapes","floor":48,"turns":3},{"damage":116,"enemies":"Awakened One","floor":50,"turns":10}],"seed_played":"-286917690576614437","potions_obtained":[{"floor":0,"key":"SpeedPotion"},{"floor":0,"key":"SmokeBomb"},{"floor":0,"key":"SkillPotion"},{"floor":5,"key":"SteroidPotion"},{"floor":11,"key":"Swift Potion"},{"floor":18,"key":"EssenceOfSteel"},{"floor":25,"key":"AttackPotion"},{"floor":38,"key":"SpeedPotion"},{"floor":41,"key":"Poison Potion"},{"floor":48,"key":"Block Potion"}],"is_trial":false,"path_per_floor":["M","M","$","M","M","R","E","R","T","M","M","?","$","M","R","B",null,"M","M","$","M","M","R","?","M","T","M","M","R","T","?","R","B",null,"M","?","?","M","$","R","M","R","T","R","M","?","M","M","R","B"],"character_chosen":"IRONCLAD","items_purchased":["Inflame","Intimidate","ClockworkSouvenir","Vajra","Bronze Scales"],"campfire_rested":3,"item_purchase_floors":[3,3,13,20,39],"current_hp_per_floor":[80,80,80,80,74,74,80,80,80,80,80,80,80,80,80,49,80,80,83,83,77,64,64,64,48,58,67,58,87,87,87,87,46,99,74,74,74,63,63,63,36,65,65,65,45,87,58,51,78,0],"gold":258,"neow_bonus":"THREE_SMALL_POTIONS","is_prod":false,"is_daily":false,"chose_seed":false,"campfire_upgraded":7,"win_rate":0.0,"timestamp":1542334759,"path_taken":["M","M","$","M","M","R","E","R","T","M","M","?","$","M","R","BOSS","M","M","$","M","M","R","?","M","T","M","M","R","?","?","R","BOSS","M","?","?","M","$","R","M","R","T","R","M","?","M","M","R","BOSS"],"build_version":"2018-11-15","purchased_purges":1,"victory":false,"max_hp_per_floor":[80,80,80,80,80,80,80,80,80,80,80,80,80,80,80,80,80,80,83,83,83,83,83,83,86,96,99,99,99,99,99,99,99,99,99,99,99,99,99,99,99,99,99,99,99,87,90,93,93,93],"card_choices":[{"not_picked":["Sword Boomerang","Heavy Blade"],"picked":"Intimidate","floor":1},{"not_picked":["Hemokinesis","Entrench"],"picked":"Flame Barrier","floor":2},{"not_picked":["Thunderclap","Searing Blow"],"picked":"Cleave","floor":4},{"not_picked":["Shrug It Off","Wild Strike"],"picked":"Armaments","floor":5},{"not_picked":["Sword Boomerang","Armaments"],"picked":"Metallicize","floor":10},{"not_picked":["Intimidate","Seeing Red"],"picked":"Clothesline","floor":11},{"not_picked":["Body Slam","Heavy Blade"],"picked":"Double Tap","floor":14},{"not_picked":["Double Tap","Exhume"],"picked":"Feed","floor":16},{"not_picked":["Headbutt","Iron Wave"],"picked":"Shrug It Off","floor":18},{"not_picked":["Armaments","Wild Strike"],"picked":"Havoc+1","floor":19},{"not_picked":["Impervious","Cleave"],"picked":"Flex","floor":21},{"not_picked":["True Grit+1","Rage"],"picked":"Combust+1","floor":22},{"not_picked":["Flex","Uppercut"],"picked":"Corruption+1","floor":25},{"not_picked":["Pommel Strike","Combust"],"picked":"Fire Breathing+1","floor":27},{"not_picked":["Sword Boomerang","Armaments","Shockwave+1"],"picked":"SKIP","floor":28},{"not_picked":["Feed","Barricade"],"picked":"Limit Break","floor":33},{"not_picked":["Second Wind","Body Slam"],"picked":"Spot Weakness","floor":35},{"not_picked":["Havoc+1","Wild Strike+1"],"picked":"Uppercut","floor":38},{"not_picked":["Battle Trance+1","Headbutt"],"picked":"Sword Boomerang+1","floor":41},{"not_picked":["Wild Strike+1","True Grit+1"],"picked":"Carnage+1","floor":45},{"not_picked":["Perfected Strike+1","Headbutt"],"picked":"Thunderclap","floor":47},{"not_picked":["Thunderclap","Berserk"],"picked":"Clothesline","floor":48}],"player_experience":320230,"relics_obtained":[{"floor":9,"key":"Happy Flower"},{"floor":26,"key":"Pear"},{"floor":30,"key":"MawBank"},{"floor":43,"key":"Ancient Tea Set"}],"event_choices":[{"damage_healed":0,"gold_gain":175,"player_choice":"AGREE","damage_taken":0,"max_hp_gain":0,"max_hp_loss":0,"event_name":"Liars Game","floor":12,"gold_loss":0,"cards_obtained":["Doubt"]},{"damage_healed":0,"gold_gain":0,"player_choice":"Ignored","damage_taken":0,"max_hp_gain":0,"max_hp_loss":0,"event_name":"Vampires","floor":24,"gold_loss":0},{"damage_healed":0,"gold_gain":0,"player_choice":"Read","damage_taken":0,"max_hp_gain":0,"max_hp_loss":0,"event_name":"The Library","floor":31,"gold_loss":0,"cards_obtained":["Fire Breathing"]},{"damage_healed":0,"gold_gain":0,"player_choice":"Ignored","damage_taken":0,"max_hp_gain":0,"max_hp_loss":0,"event_name":"Tomb of Lord Red Mask","floor":36,"gold_loss":0},{"damage_healed":0,"gold_gain":0,"player_choice":"Ignored","damage_taken":0,"max_hp_gain":0,"max_hp_loss":0,"event_name":"Mysterious Sphere","floor":37,"gold_loss":0},{"damage_healed":87,"gold_gain":0,"player_choice":"Heal","damage_taken":0,"max_hp_gain":0,"max_hp_loss":12,"event_name":"The Moai Head","floor":46,"gold_loss":0}],"is_beta":false,"boss_relics":[{"not_picked":["Busted Crown","Velvet Choker"],"picked":"Pandora\u0027s Box"},{"not_picked":["Coffee Dripper","Tiny House"],"picked":"Runic Cube"}],"items_purged_floors":[13],"is_endless":false,"potions_floor_spawned":[5,7,11,18,25,38,41,48],"killed_by":"Awakened One","ascension_level":0}