{"gold_per_floor":[112,127,127,137,157,157,43,98,143,157,174,174,174,8,8,84,84,104,116,134,97,117,144,32,32],"floor_reached":25,"playtime":425,"items_purged":["Strike_R"],"score":464,"play_id":"a5d67756-65c6-4318-9851-c5900eaead3f","local_time":"20180714122750","daily_mods":["Binary"],"is_ascension_mode":true,"campfire_choices":[{"data":"Bash","floor":6,"key":"SMITH"},{"data":"Rampage","floor":12,"key":"SMITH"},{"data":"Bludgeon","floor":15,"key":"SMITH"}],"neow_cost":"","seed_source_timestamp":0,"circlet_count":0,"master_deck":["Strike_R","Strike_R","Strike_R","Strike_R","Defend_R","Defend_R","Defend_R","Defend_R","Bash+1","AscendersBane","Rampage+1","Bludgeon+1","Trip","Uppercut","Dropkick","Dual Wield"],"relics":["Burning Blood","Busted Crown","Ancient Tea Set","Runic Dome","Blood Vial"],"potions_floor_usage":[11,16,19,19,25],"damage_taken":[{"damage":10,"enemies":"2 Louse","floor":1,"turns":3},{"damage":12,"enemies":"Jaw Worm","floor":2,"turns":2},{"damage":0,"enemies":"Small Slimes","floor":4,"turns":3},{"damage":12,"enemies":"2 Fungi Beasts","floor":5,"turns":4},{"damage":6,"enemies":"Blue Slaver","floor":10,"turns":3},{"damage":5,"enemies":"Gremlin Gang","floor":11,"turns":5},{"damage":0,"enemies":"Slime Boss","floor":16,"turns":4},{"damage":15,"enemies":"Shell Parasite","floor":18,"turns":3},{"damage":13,"enemies":"2 Thieves","floor":19,"turns":3},{"damage":6,"enemies":"Centurion and Healer","floor":20,"turns":4},{"damage":3,"enemies":"Snecko","floor":22,"turns":3},{"damage":53,"enemies":"Book of Stabbing","floor":23,"turns":5},{"damage":18,"enemies":"Snake Plant","floor":25,"turns":2}],"seed_played":"1650297938333452902","potions_obtained":[{"floor":1,"key":"SpeedPotion"},{"floor":5,"key":"SkillPotion"},{"floor":11,"key":"Energy Potion"},{"floor":16,"key":"Explosive Potion"},{"floor":23,"key":"Weak Potion"}],"is_trial":true,"path_per_floor":["M","M","?","M","M","R","$","?","T","M","M","R","?","$","R","B",null,"M","M","M","$","M","E","$"],"character_chosen":"IRONCLAD","items_purchased":["Rampage","Bludgeon","Trip","Uppercut","Dropkick","Dual Wield"],"campfire_rested":0,"item_purchase_floors":[7,14,14,21,24,24],"current_hp_per_floor":[64,58,58,64,58,58,58,58,58,58,59,59,55,55,55,61,72,63,56,56,56,59,12,12,0],"gold":32,"neow_bonus":"","is_prod":false,"is_daily":false,"chose_seed":false,"campfire_upgraded":3,"win_rate":0,"timestamp":1531596470,"path_taken":["M","M","?","M","M","R","$","?","T","M","M","R","?","$","R","BOSS","M","M","?","$","?","E","$","M"],"build_version":"2018-07-13","purchased_purges":1,"victory":false,"max_hp_per_floor":[75,75,75,75,75,75,75,75,75,75,75,75,75,75,75,75,75,75,75,75,75,75,75,75,75],"card_choices":[],"player_experience":636000,"relics_obtained":[{"floor":9,"key":"Ancient Tea Set"},{"floor":23,"key":"Blood Vial"}],"event_choices":[{"event_name":"The Cleric","player_choice":"Leave","floor":3,"damage_taken":0},{"event_name":"Golden Wing","player_choice":"Gained Gold","floor":8,"damage_taken":0},{"event_name":"The Woman in Blue","player_choice":"Bought 0 Potions","floor":13,"damage_taken":0}],"boss_relics":[{"not_picked":["Black Blood","Orrery"],"picked":"Runic Dome"}],"items_purged_floors":[7],"is_endless":false,"potions_floor_spawned":[1,5,11,16,23],"killed_by":"Snake Plant","ascension_level":15}