{"gold_per_floor":[118,46,46,46,121,146,162,162,215,232,252,252,18,31,31,126,126,144,144,44,58,78,78,105,105,128,145,145,62,62,82,82,179,179,199,210,210,0,16,16,16,16,16,41,41,51,51,71,71,71],"floor_reached":51,"playtime":1742,"items_purged":["Strike_R","Strike_R","Strike_R"],"score":745,"play_id":"d3bfe49f-e86a-446a-b67d-8c5ef13d82a4","local_time":"20181009123445","is_ascension_mode":false,"campfire_choices":[{"data":"Disarm","floor":8,"key":"SMITH"},{"data":"Limit Break","floor":12,"key":"SMITH"},{"data":"Twin Strike","floor":15,"key":"SMITH"},{"data":"Limit Break","floor":23,"key":"SMITH"},{"data":"Flame Barrier","floor":25,"key":"SMITH"},{"floor":32,"key":"REST"},{"data":"Pummel","floor":40,"key":"SMITH"},{"data":"Ghostly Armor","floor":42,"key":"SMITH"},{"data":"Shrug It Off","floor":45,"key":"SMITH"},{"data":"Sword Boomerang","floor":47,"key":"SMITH"},{"floor":49,"key":"REST"}],"neow_cost":"","seed_source_timestamp":8325899284128,"circlet_count":0,"master_deck":["Strike_R","Strike_R","Defend_R","Defend_R","Defend_R","Defend_R","Bash","Twin Strike+1","Spot Weakness+1","Disarm+1","Ghostly Armor+1","Limit Break+1","Limit Break+1","Flame Barrier+1","Offering","Twin Strike","True Grit+1","Battle Trance","Sword Boomerang+1","Burning Pact","Heavy Blade+1","Pummel+1","Impervious","Shrug It Off+1","Cleave+1"],"relics":["Burning Blood","Blood Vial","Bag of Marbles","Mark of Pain","Shuriken","Strawberry","Omamori","Runic Cube","Orichalcum","Singing Bowl","Lantern"],"potions_floor_usage":[11,22,24,35,35,39,44,48,50,50],"damage_taken":[{"damage":6,"enemies":"Small Slimes","floor":1,"turns":4},{"damage":34,"enemies":"3 Sentries","floor":6,"turns":9},{"damage":0,"enemies":"2 Louse","floor":7,"turns":3},{"damage":0,"enemies":"Jaw Worm","floor":10,"turns":3},{"damage":13,"enemies":"Exordium Wildlife","floor":11,"turns":5},{"damage":5,"enemies":"3 Louse","floor":14,"turns":4},{"damage":9,"enemies":"The Guardian","floor":16,"turns":8},{"damage":17,"enemies":"Spheric Guardian","floor":18,"turns":4},{"damage":16,"enemies":"2 Thieves","floor":21,"turns":3},{"damage":13,"enemies":"Cultist and Chosen","floor":22,"turns":6},{"damage":24,"enemies":"Slavers","floor":24,"turns":3},{"damage":13,"enemies":"Snecko","floor":27,"turns":6},{"damage":9,"enemies":"Centurion and Healer","floor":31,"turns":5},{"damage":20,"enemies":"Champ","floor":33,"turns":6},{"damage":19,"enemies":"3 Darklings","floor":35,"turns":5},{"damage":5,"enemies":"Orb Walker","floor":36,"turns":2},{"damage":18,"enemies":"Transient","floor":39,"turns":5},{"damage":6,"enemies":"Nemesis","floor":44,"turns":3},{"damage":6,"enemies":"3 Darklings","floor":46,"turns":1},{"damage":19,"enemies":"Maw","floor":48,"turns":8},{"damage":40,"enemies":"Donu and Deca","floor":50,"turns":6}],"seed_played":"-6196939778848275370","potions_obtained":[{"floor":10,"key":"SneckoOil"},{"floor":11,"key":"BloodPotion"},{"floor":18,"key":"Dexterity Potion"},{"floor":22,"key":"Explosive Potion"},{"floor":27,"key":"Swift Potion"},{"floor":33,"key":"Block Potion"},{"floor":36,"key":"Block Potion"},{"floor":39,"key":"AttackPotion"},{"floor":46,"key":"Strength Potion"},{"floor":48,"key":"SpeedPotion"}],"is_trial":false,"path_per_floor":["M","$","?","?","?","E","M","R","T","M","M","R","$","M","R","B",null,"M","?","$","M","M","R","E","R","T","M","?","$","?","M","R","B",null,"M","M","?","$","M","R","T","R","T","E","R","M","R","M","R","B"],"character_chosen":"IRONCLAD","items_purchased":["Spot Weakness","Limit Break","Sword Boomerang","Burning Pact","Pummel","SteroidPotion"],"campfire_rested":2,"item_purchase_floors":[2,13,29,29,38,38],"current_hp_per_floor":[80,80,85,85,74,46,54,54,54,62,57,57,57,60,60,59,85,74,74,74,66,69,69,60,60,60,55,55,55,55,54,81,69,92,79,82,82,82,72,72,72,72,72,74,74,78,78,67,89,55],"gold":71,"neow_bonus":"","is_prod":false,"is_daily":false,"chose_seed":false,"campfire_upgraded":9,"win_rate":0,"timestamp":1539081285,"path_taken":["M","$","?","?","?","E","?","R","T","M","?","R","$","M","R","BOSS","M","?","$","M","?","R","E","R","T","?","?","$","?","?","R","BOSS","M","M","?","$","M","R","?","R","T","E","R","?","R","M","R","BOSS"],"build_version":"2018-10-04v2","purchased_purges":3,"victory":true,"max_hp_per_floor":[80,80,85,85,85,85,85,85,85,85,85,85,85,85,85,85,85,85,85,85,85,85,85,92,92,92,92,92,92,92,92,92,92,92,92,92,87,87,87,87,87,87,87,87,87,89,89,89,89,89],"card_choices":[{"not_picked":["Perfected Strike","Ghostly Armor"],"picked":"Twin Strike","floor":1},{"not_picked":["Iron Wave","Evolve"],"picked":"Disarm","floor":6},{"not_picked":["Wild Strike","Havoc"],"picked":"Ghostly Armor","floor":7},{"not_picked":["Clash","Power Through"],"picked":"Limit Break","floor":10},{"not_picked":["Clash","Dual Wield","Iron Wave"],"picked":"SKIP","floor":11},{"not_picked":["Armaments","Combust"],"picked":"Flame Barrier","floor":14},{"not_picked":["Berserk","Fiend Fire"],"picked":"Offering","floor":16},{"not_picked":["Perfected Strike","Seeing Red"],"picked":"Twin Strike","floor":18},{"not_picked":["Warcry","Dropkick"],"picked":"True Grit+1","floor":21},{"not_picked":["Iron Wave+1","Warcry","Headbutt+1"],"picked":"SKIP","floor":22},{"not_picked":["Bloodletting","Anger"],"picked":"Battle Trance","floor":24},{"not_picked":["Cleave+1","Hemokinesis+1","Intimidate"],"picked":"SKIP","floor":27},{"not_picked":["True Grit","Pummel+1"],"picked":"Heavy Blade+1","floor":31},{"not_picked":["Wild Strike","Iron Wave+1","Seeing Red+1"],"picked":"SKIP","floor":35},{"not_picked":["Headbutt","Warcry+1","Body Slam+1"],"picked":"SKIP","floor":36},{"not_picked":["Perfected Strike","Second Wind+1"],"picked":"Impervious","floor":39},{"not_picked":["Clothesline+1","Perfected Strike+1"],"picked":"Shrug It Off","floor":44},{"not_picked":["Power Through","Rage+1","Havoc"],"picked":"Singing Bowl","floor":46},{"not_picked":["Body Slam","Dropkick+1"],"picked":"Cleave+1","floor":48}],"player_experience":923136,"relics_obtained":[{"floor":6,"key":"Blood Vial"},{"floor":9,"key":"Bag of Marbles"},{"floor":24,"key":"Strawberry"},{"floor":26,"key":"Omamori"},{"floor":41,"key":"Orichalcum"},{"floor":43,"key":"Singing Bowl"},{"floor":44,"key":"Lantern"}],"event_choices":[{"event_name":"Big Fish","player_choice":"Donut","floor":3,"damage_taken":0},{"event_name":"Living Wall","player_choice":"Grow","floor":4,"damage_taken":0},{"event_name":"World of Goop","player_choice":"Gather Gold","floor":5,"damage_taken":0},{"event_name":"The Mausoleum","player_choice":"Yes","floor":19,"damage_taken":0},{"event_name":"Cursed Tome","player_choice":"Ignored","floor":28,"damage_taken":0},{"event_name":"Winding Halls","player_choice":"Max HP","floor":37,"damage_taken":0}],"is_beta":false,"boss_relics":[{"not_picked":["Sozu","Eternal Feather"],"picked":"Mark of Pain"},{"not_picked":["Pandora\u0027s Box","Calling Bell"],"picked":"Runic Cube"}],"items_purged_floors":[13,20,38],"is_endless":false,"potions_floor_spawned":[10,11,18,22,27,33,36,39,46,48],"ascension_level":0}