{"path_per_floor":["M","M","?","?","M","R","E","M","T","R","M","R","?","?","R","B",null,"M","?","M","?","M","M","M","M","T","M","R","?","R","$","R","B",null,"M","M","T","M","M","R","?","R","T","R","$","M","M","M","R","B"],"character_chosen":"DEFECT","items_purchased":["Pear","Bag of Preparation"],"gold_per_floor":[109,119,294,244,263,263,291,301,301,301,320,320,320,320,320,421,421,440,490,506,506,524,538,549,561,561,571,571,571,571,242,242,339,339,355,366,366,376,390,390,390,390,415,415,164,178,190,201,201,201],"floor_reached":51,"campfire_rested":2,"playtime":3174,"current_hp_per_floor":[72,71,71,71,73,73,53,52,52,52,46,46,71,56,56,31,75,75,75,75,75,68,57,62,22,22,19,41,41,63,73,73,13,85,76,78,78,61,63,63,63,63,63,63,63,72,74,76,76,30],"items_purged":["Defend_B","Defend_B"],"gold":201,"score":628,"play_id":"ae429c7d-c0ff-480d-a4e6-964486bd3352","local_time":"20180430001719","is_prod":false,"is_daily":false,"chose_seed":false,"is_ascension_mode":false,"campfire_upgraded":9,"timestamp":1525040239,"path_taken":["M","M","?","?","M","R","E","?","T","R","M","R","?","?","R","BOSS","M","?","M","?","?","M","M","M","T","?","R","?","R","?","R","BOSS","M","?","?","M","M","R","?","R","T","R","$","M","M","M","R","BOSS"],"build_version":"2018-04-27v3","seed_source_timestamp":38766950512650,"purchased_purges":2,"victory":true,"master_deck":["Strike_B","Strike_B","Strike_B","Defend_B+1","Defend_B+1","Zap+1","White Noise+1","White Noise+1","Buffer+1","Ball Lightning+1","Biased Cognition+1","Ball Lightning+1","Seek+1","Static Discharge+1","Capacitor+1","Thunder Strike+1","Undo+1","Reprogram","Impulse+1","Buffer+1"],"max_hp_per_floor":[75,75,75,75,75,75,75,75,75,75,75,75,75,75,75,75,75,75,75,75,75,75,75,75,75,75,75,75,75,75,85,85,85,85,85,85,85,85,85,85,85,85,85,85,85,85,85,85,85,85],"relics":["Cracked Core","Blood Vial","Pen Nib","Nuclear Battery","Bottled Tornado","Pear","Orrery","Anchor","Bag of Preparation"],"card_choices":[{"not_picked":["Impulse","Hello World"],"picked":"White Noise","floor":1},{"not_picked":["Impulse","Coolheaded"],"picked":"White Noise","floor":2},{"not_picked":["Skim","Axe Kick"],"picked":"Buffer","floor":8},{"not_picked":["Undo","Barrage"],"picked":"Ball Lightning","floor":11},{"not_picked":["Fusion","Multi-Cast"],"picked":"Biased Cognition","floor":16},{"not_picked":["Undo","Beam Cell"],"picked":"Ball Lightning","floor":20},{"not_picked":["Rebound","Stack"],"picked":"Seek","floor":24},{"not_picked":["Beam Cell","Doom and Gloom"],"picked":"Static Discharge","floor":25},{"not_picked":["Axe Kick","Beam Cell"],"picked":"Capacitor","floor":27},{"not_picked":["Creative AI","Echo Form"],"picked":"Thunder Strike","floor":33},{"not_picked":["Reprogram","Axe Kick"],"picked":"Undo","floor":34},{"not_picked":["Impulse","Cold Snap"],"picked":"Reprogram","floor":34},{"not_picked":["Streamline","Barrage"],"picked":"Impulse","floor":35},{"not_picked":["Impulse","Stack"],"picked":"Buffer","floor":39}],"player_experience":9450,"potions_floor_usage":[16,24,33,36,39,46,47,50],"damage_taken":[{"damage":3,"enemies":"Small Slimes","floor":1,"turns":3},{"damage":1,"enemies":"2 Louse","floor":2,"turns":3},{"damage":5,"enemies":"Cultist","floor":5,"turns":4},{"damage":20,"enemies":"Gremlin Nob","floor":7,"turns":5},{"damage":10,"enemies":"Looter","floor":8,"turns":3},{"damage":8,"enemies":"2 Fungi Beasts","floor":11,"turns":3},{"damage":27,"enemies":"Hexaghost","floor":16,"turns":9},{"damage":0,"enemies":"Spheric Guardian","floor":18,"turns":4},{"damage":0,"enemies":"Chosen","floor":20,"turns":4},{"damage":7,"enemies":"Centurion and Healer","floor":22,"turns":6},{"damage":13,"enemies":"Snake Plant","floor":23,"turns":4},{"damage":4,"enemies":"Snecko","floor":24,"turns":5},{"damage":42,"enemies":"Chosen and Byrds","floor":25,"turns":6},{"damage":5,"enemies":"Sentry and Sphere","floor":27,"turns":4},{"damage":62,"enemies":"Collector","floor":33,"turns":7},{"damage":21,"enemies":"3 Darklings","floor":35,"turns":4},{"damage":0,"enemies":"Orb Walker","floor":36,"turns":2},{"damage":19,"enemies":"Sphere and 2 Shapes","floor":38,"turns":4},{"damage":0,"enemies":"Maw","floor":39,"turns":6},{"damage":0,"enemies":"4 Shapes","floor":46,"turns":4},{"damage":0,"enemies":"Spire Growth","floor":47,"turns":4},{"damage":0,"enemies":"3 Darklings","floor":48,"turns":4},{"damage":60,"enemies":"Awakened One","floor":50,"turns":7}],"event_choices":[{"event_name":"Liars Game","player_choice":"agreed","floor":3,"damage_taken":0},{"event_name":"The Cleric","player_choice":"Card Removal","floor":4,"damage_taken":0},{"event_name":"Big Fish","player_choice":"Banana","floor":13,"damage_taken":0},{"event_name":"Shining Light","player_choice":"Entered Light","floor":14,"damage_taken":0},{"event_name":"The Joust","player_choice":"Bet on Murderer","floor":19,"damage_taken":0},{"event_name":"Drug Dealer","player_choice":"Ignored","floor":21,"damage_taken":0},{"event_name":"Bonfire Elementals","player_choice":"BASIC","floor":29,"damage_taken":0}],"boss_relics":[{"not_picked":["Philosopher\u0027s Stone","Tiny House"],"picked":"Nuclear Battery"},{"not_picked":["Inserter","Cursed Key"],"picked":"Orrery"}],"potions_floor_spawned":[5,7,18,25,33,35,39,48],"seed_played":"6483612891460300378","ascension_level":0,"is_trial":false}