{"gold_per_floor":[115,190,202,222,147,147,182,182,205,220,220,220],"floor_reached":12,"playtime":223,"items_purged":[],"score":156,"play_id":"54e6b651-35e2-4e00-8b8e-0777d41d347c","local_time":"20190126193011","is_ascension_mode":true,"campfire_choices":[{"data":"Zap","floor":6,"key":"SMITH"},{"data":"Conserve Battery","floor":8,"key":"SMITH"}],"neow_cost":"NONE","seed_source_timestamp":0,"circlet_count":0,"master_deck":["AscendersBane","Strike_B","Strike_B","Strike_B+1","Strike_B","Defend_B","Defend_B","Zap+1","Dualcast","Amplify","Conserve Battery+1","Steam","Sweeping Beam+1","Aggregate","Ball Lightning"],"special_seed":0,"relics":["Cracked Core","Whetstone","Juzu Bracelet"],"potions_floor_usage":[11,12],"damage_taken":[{"damage":7.0,"enemies":"Jaw Worm","floor":1.0,"turns":4.0},{"damage":0,"enemies":"2 Louse","floor":3,"turns":2},{"damage":0,"enemies":"Small Slimes","floor":4,"turns":4},{"damage":37,"enemies":"3 Sentries","floor":7,"turns":7},{"damage":6,"enemies":"Looter","floor":10,"turns":3},{"damage":6,"enemies":"Exordium Thugs","floor":12,"turns":1}],"seed_played":"5825903460778787419","potions_obtained":[{"floor":1.0,"key":"Fruit Juice"},{"floor":10,"key":"Explosive Potion"}],"is_trial":false,"path_per_floor":["M","?","M","M","?","R","E","R","T","M","?","M"],"character_chosen":"DEFECT","items_purchased":[],"campfire_rested":0,"item_purchase_floors":[],"current_hp_per_floor":[57,46,46,46,46,46,9,9,9,3,1,0],"gold":220,"neow_bonus":"ONE_RANDOM_RARE_CARD","is_prod":false,"is_daily":false,"chose_seed":false,"campfire_upgraded":2,"win_rate":0,"timestamp":1548498611,"path_taken":["M","?","M","M","?","R","E","R","T","M","?","M"],"build_version":"2019-01-23","purchased_purges":0,"victory":false,"max_hp_per_floor":[71,71,71,71,71,71,71,71,71,71,76,76],"card_choices":[{"not_picked":["Reprogram","Steam"],"picked":"Conserve Battery","floor":1.0},{"not_picked":["Go for the Eyes","Hologram"],"picked":"Steam","floor":3},{"not_picked":["Storm","Turbo"],"picked":"Sweeping Beam","floor":4},{"not_picked":["Glacier","Force Field"],"picked":"Aggregate","floor":7},{"not_picked":["Hologram","Leap"],"picked":"Ball Lightning","floor":10}],"player_experience":1078941,"relics_obtained":[{"floor":7,"key":"Whetstone"},{"floor":9,"key":"Juzu Bracelet"}],"event_choices":[{"damage_healed":0.0,"max_hp_gain":0.0,"max_hp_loss":0.0,"gold_gain":75.0,"event_name":"World of Goop","player_choice":"Gather Gold","floor":2.0,"gold_loss":0.0,"damage_taken":11.0},{"cards_removed":["Defend_B"],"damage_healed":0,"gold_gain":0,"player_choice":"Card Removal","damage_taken":0,"max_hp_gain":0,"max_hp_loss":0,"event_name":"The Cleric","floor":5,"gold_loss":75},{"cards_removed":["Defend_B"],"damage_healed":0,"gold_gain":0,"player_choice":"Card Removal","damage_taken":7,"max_hp_gain":0,"max_hp_loss":0,"event_name":"Golden Wing","floor":11,"gold_loss":0}],"is_beta":false,"boss_relics":[],"items_purged_floors":[],"is_endless":false,"potions_floor_spawned":[1,10],"killed_by":"Exordium Thugs","ascension_level":20}