{"gold_per_floor":[119,119,1,1,1,1,33,44,44,78,97,97,97,113,113,187,187,199,219,219,219,219,219,219,219,219,234,12,29,29,63,75,166,178,202,314,250,261,274,300,320,320,343,343,343,355,373,0,0,0],"floor_reached":51,"playtime":3592,"items_purged":[],"score":1324,"play_id":"20970737-c07c-4183-897a-5ebbd4aaf679","local_time":"20190129155414","is_ascension_mode":true,"campfire_choices":[{"data":"Cloak And Dagger","floor":6.0,"key":"SMITH"},{"data":"All Out Attack","floor":12.0,"key":"SMITH"},{"data":"Cloak And Dagger","floor":15.0,"key":"SMITH"},{"data":"Burst","floor":23.0,"key":"SMITH"},{"data":"Tools of the Trade","floor":25.0,"key":"SMITH"},{"data":"Acrobatics","floor":30.0,"key":"SMITH"},{"data":"Footwork","floor":32.0,"key":"SMITH"},{"data":"Cloak And Dagger","floor":42.0,"key":"SMITH"},{"data":"Accuracy","floor":44.0,"key":"SMITH"},{"data":"Storm of Steel","floor":49.0,"key":"SMITH"}],"neow_cost":"NONE","seed_source_timestamp":24107734101568,"circlet_count":0,"master_deck":["AscendersBane","Defend_G","Defend_G","Defend_G","Defend_G","Survivor","Neutralize","Footwork","Cloak And Dagger+1","Footwork","Tools of the Trade+1","All Out Attack+1","Footwork+1","Cloak And Dagger+1","Burst+1","Bite","Bite","Bite","Bite","Ghostly","Ghostly","Ghostly","Escape Plan","Acrobatics+1","Storm of Steel+1","Cloak And Dagger+1","Accuracy+1","Infinite Blades+1"],"special_seed":0,"relics":["Ring of the Snake","NeowsBlessing","Mummified Hand","Ancient Tea Set","Dead Branch","Bronze Scales","White Beast Statue","MutagenicStrength","Question Card","Bag of Preparation","MawBank","WristBlade","Incense Burner","Frozen Egg 2","Dream Catcher","Red Mask"],"potions_floor_usage":[50,50],"damage_taken":[{"damage":0.0,"enemies":"Jaw Worm","floor":1.0,"turns":1.0},{"damage":0.0,"enemies":"Lagavulin","floor":7.0,"turns":1.0},{"damage":0.0,"enemies":"Small Slimes","floor":8.0,"turns":1.0},{"damage":41.0,"enemies":"Gremlin Nob","floor":10.0,"turns":6.0},{"damage":0.0,"enemies":"Cultist","floor":11.0,"turns":3.0},{"damage":0.0,"enemies":"3 Louse","floor":14.0,"turns":1.0},{"damage":17.0,"enemies":"Slime Boss","floor":16.0,"turns":9.0},{"damage":15.0,"enemies":"Spheric Guardian","floor":18.0,"turns":4.0},{"damage":18.0,"enemies":"Chosen","floor":19.0,"turns":5.0},{"damage":1.0,"enemies":"Shelled Parasite and Fungi","floor":27.0,"turns":5.0},{"damage":0.0,"enemies":"Snecko","floor":29.0,"turns":6.0},{"damage":0.0,"enemies":"Slavers","floor":31.0,"turns":1.0},{"damage":3.0,"enemies":"Automaton","floor":33.0,"turns":11.0},{"damage":1.0,"enemies":"Orb Walker","floor":35.0,"turns":4.0},{"damage":0.0,"enemies":"Mind Bloom Boss Battle","floor":36.0,"turns":3.0},{"damage":12.0,"enemies":"3 Shapes","floor":38.0,"turns":3.0},{"damage":0.0,"enemies":"Spire Growth","floor":39.0,"turns":4.0},{"damage":2.0,"enemies":"Giant Head","floor":40.0,"turns":7.0},{"damage":2.0,"enemies":"Sphere and 2 Shapes","floor":41.0,"turns":5.0},{"damage":4.0,"enemies":"4 Shapes","floor":46.0,"turns":4.0},{"damage":4.0,"enemies":"Writhing Mass","floor":47.0,"turns":5.0},{"damage":10,"enemies":"Awakened One","floor":50,"turns":8}],"seed_played":"7289161167206297866","potions_obtained":[{"floor":1.0,"key":"Regen Potion"},{"floor":7.0,"key":"Fruit Juice"},{"floor":11.0,"key":"Ancient Potion"},{"floor":18.0,"key":"GhostInAJar"},{"floor":19.0,"key":"Strength Potion"},{"floor":27.0,"key":"GamblersBrew"},{"floor":29.0,"key":"Swift Potion"},{"floor":31.0,"key":"Explosive Potion"},{"floor":33.0,"key":"SpeedPotion"},{"floor":35.0,"key":"Strength Potion"},{"floor":39.0,"key":"Fruit Juice"},{"floor":40.0,"key":"Energy Potion"},{"floor":41.0,"key":"Strength Potion"}],"is_trial":false,"path_per_floor":["M","?","$","?","$","R","E","M","T","E","M","R","T","M","R","B",null,"M","M","?","?","?","R","?","R","T","M","$","M","R","E","R","B",null,"M","?","$","M","M","E","M","R","T","R","?","M","M","?","R","B",null],"character_chosen":"THE_SILENT","items_purchased":["Cloak And Dagger","Footwork","Bag of Preparation","Escape Plan","Accuracy"],"campfire_rested":0,"item_purchase_floors":[3,3,28,28,37],"current_hp_per_floor":[59,59,59,66,66,66,71,71,71,30,30,30,30,30,30,28,60,45,27,27,27,24,24,24,24,24,24,24,24,24,24,24,24,24,24,24,24,12,23,27,29,29,29,29,29,27,29,29,29,27],"gold":0,"neow_bonus":"THREE_ENEMY_KILL","is_prod":false,"is_daily":false,"chose_seed":false,"campfire_upgraded":10,"win_rate":0,"timestamp":1548773654,"path_taken":["M","?","$","?","?","R","E","M","T","E","?","R","?","M","R","BOSS","M","M","?","?","?","R","?","R","T","M","$","M","R","E","R","BOSS","M","?","$","M","M","E","M","R","T","R","?","M","?","?","R","BOSS"],"build_version":"2019-01-23","purchased_purges":0,"victory":true,"max_hp_per_floor":[66,66,66,66,66,66,71,71,71,71,71,71,71,71,71,71,71,71,71,49,49,24,24,24,24,24,24,24,24,24,24,24,24,24,24,24,24,24,29,29,29,29,29,29,29,29,29,29,29,29],"card_choices":[{"not_picked":["Outmaneuver","Poisoned Stab"],"picked":"Footwork","floor":1.0},{"not_picked":["Expertise","Sucker Punch"],"picked":"Tools of the Trade","floor":7.0},{"not_picked":["Flying Knee","Underhanded Strike"],"picked":"All Out Attack","floor":8.0},{"not_picked":["Prepared","Outmaneuver"],"picked":"Footwork","floor":10.0},{"not_picked":["Deflect","Poisoned Stab","Dagger Throw"],"picked":"SKIP","floor":11.0},{"not_picked":["Tactician","Leg Sweep"],"picked":"Cloak And Dagger","floor":14.0},{"not_picked":["Corpse Explosion","After Image"],"picked":"Burst","floor":16.0},{"not_picked":["Dagger Spray","Bouncing Flask+1","Quick Slash+1"],"picked":"SKIP","floor":18.0},{"not_picked":["Underhanded Strike","Deadly Poison","Riddle With Holes"],"picked":"SKIP","floor":19.0},{"not_picked":["Eviscerate","Leg Sweep","Blur","Bane"],"picked":"SKIP","floor":27.0},{"not_picked":["Noxious Fumes","Bouncing Flask","Dagger Throw"],"picked":"Acrobatics","floor":29.0},{"not_picked":["Dagger Spray","Riddle With Holes","Dodge and Roll","Dash+1"],"picked":"SKIP","floor":31.0},{"not_picked":["Die Die Die","Envenom","Phantasmal Killer"],"picked":"Storm of Steel","floor":33.0},{"not_picked":["Acrobatics","Tactician","Backflip"],"picked":"Cloak And Dagger","floor":35.0},{"not_picked":["Tactician","Dash","Heel Hook","Dodge and Roll"],"picked":"SKIP","floor":38.0},{"not_picked":["Deflect","Quick Slash+1","Prepared","Setup"],"picked":"SKIP","floor":39.0},{"not_picked":["Cloak And Dagger","Flechettes","PiercingWail"],"picked":"Infinite Blades+1","floor":40.0},{"not_picked":["Blur","Deflect","Flying Knee","Deadly Poison"],"picked":"SKIP","floor":41.0},{"not_picked":["Blur","Deflect","Flying Knee","Deadly Poison"],"picked":"SKIP","floor":41.0},{"not_picked":["Prepared","Outmaneuver","Leg Sweep","Expertise+1"],"picked":"SKIP","floor":46.0},{"not_picked":["Bane","Doppelganger","Outmaneuver","Dagger Throw"],"picked":"SKIP","floor":47.0}],"player_experience":421296,"relics_obtained":[{"floor":7.0,"key":"Mummified Hand"},{"floor":9.0,"key":"Ancient Tea Set"},{"floor":10.0,"key":"Dead Branch"},{"floor":13.0,"key":"Bronze Scales"},{"floor":26.0,"key":"Question Card"},{"floor":31.0,"key":"MawBank"},{"floor":36.0,"key":"Incense Burner"},{"floor":40.0,"key":"Frozen Egg 2"},{"floor":43.0,"key":"Dream Catcher"}],"event_choices":[{"damage_healed":0.0,"max_hp_gain":0.0,"max_hp_loss":0.0,"gold_gain":0.0,"event_name":"Liars Game","player_choice":"Ignored","floor":2.0,"gold_loss":0.0,"damage_taken":0.0},{"damage_healed":22.0,"max_hp_gain":0.0,"max_hp_loss":0.0,"gold_gain":0.0,"event_name":"Big Fish","player_choice":"Banana","floor":4.0,"gold_loss":0.0,"damage_taken":0.0},{"damage_healed":0.0,"max_hp_gain":0.0,"max_hp_loss":22.0,"gold_gain":0.0,"event_name":"Vampires","player_choice":"Became a vampire","floor":20.0,"gold_loss":0.0,"damage_taken":0.0,"cards_obtained":["Bite","Bite","Bite","Bite","Bite"]},{"cards_removed":["Defend_G"],"damage_healed":0.0,"max_hp_gain":0.0,"max_hp_loss":0.0,"gold_gain":0.0,"event_name":"Back to Basics","player_choice":"Elegance","floor":21.0,"gold_loss":0.0,"damage_taken":0.0},{"damage_healed":0.0,"max_hp_gain":0.0,"max_hp_loss":25.0,"gold_gain":0.0,"event_name":"Ghosts","player_choice":"Became a Ghost","floor":22.0,"gold_loss":0.0,"damage_taken":0.0,"cards_obtained":["Ghostly","Ghostly","Ghostly"]},{"damage_healed":0.0,"max_hp_gain":0.0,"max_hp_loss":0.0,"gold_gain":0.0,"event_name":"Drug Dealer","player_choice":"Inject Mutagens","floor":24.0,"gold_loss":0.0,"damage_taken":0.0,"relics_obtained":["MutagenicStrength"]},{"damage_healed":0.0,"max_hp_gain":0.0,"max_hp_loss":0.0,"gold_gain":0.0,"event_name":"MindBloom","player_choice":"Fight","floor":36.0,"gold_loss":0.0,"damage_taken":0.0},{"cards_removed":["Bite"],"damage_healed":0.0,"max_hp_gain":0.0,"max_hp_loss":0.0,"gold_gain":0.0,"event_name":"Falling","player_choice":"Removed Attack","floor":45.0,"gold_loss":0.0,"damage_taken":0.0},{"damage_healed":0.0,"max_hp_gain":0.0,"max_hp_loss":0.0,"gold_gain":0.0,"event_name":"Tomb of Lord Red Mask","player_choice":"Paid","floor":48.0,"gold_loss":373.0,"damage_taken":0.0,"relics_obtained":["Red Mask"]}],"is_beta":false,"boss_relics":[{"not_picked":["Tiny House","Cursed Key"],"picked":"White Beast Statue"},{"not_picked":["Busted Crown","Philosopher\u0027s Stone"],"picked":"WristBlade"}],"items_purged_floors":[],"is_endless":false,"potions_floor_spawned":[1,7,11,18,19,27,29,31,33,35,36,38,39,40,41,46,47],"ascension_level":15}