{"gold_per_floor":[110,129,180,190,190,190,65,65,120,455,48,60,60,60,60,162,162,176,191,191,191,191,191,219,235,262,282,297,297,315,325,325,430,430,441,456,469,469,469,469,504,504,584,584,602,615,629,67,67,67],"floor_reached":51,"playtime":2279,"items_purged":["Hello World"],"score":1183,"play_id":"8062795a-138c-466b-b4fc-5f07440b3370","local_time":"20181001172708","daily_mods":["SealedDeck","Green Cards","Colorless Cards"],"is_ascension_mode":true,"campfire_choices":[{"data":"Deadly Poison","floor":6,"key":"SMITH"},{"data":"Poisoned Stab","floor":8,"key":"SMITH"},{"floor":15,"key":"REST"},{"floor":23,"key":"REST"},{"floor":32,"key":"REST"},{"floor":40,"key":"REST"},{"floor":42,"key":"REST"},{"floor":49,"key":"REST"}],"neow_cost":"","seed_source_timestamp":0,"circlet_count":0,"master_deck":["AscendersBane","Trip+1","Deflect","FTL","Cold Snap+1","Conserve Battery","Defragment+1","Deadly Poison+1","Poisoned Stab+1","Ball Lightning","Leap","Capacitor+1","Coolheaded+1","Electrodynamics","Footwork","Dark Shackles","Reboot","Bane","Ball Lightning+1","Catalyst","Undo","Bouncing Flask+1","Conserve Battery+1","Leap+1","Force Field","Impatience+1","Hologram+1","Leg Sweep"],"relics":["Cracked Core","Ancient Tea Set","Boot","Old Coin","Ice Cream","Nuclear Battery","Symbiotic Virus","War Paint","White Beast Statue","Torii","Oddly Smooth Stone","Meat on the Bone","Turnip","OrangePellets"],"potions_floor_usage":[19,24,27,31,31,36,39,41,45,47,50,50],"damage_taken":[{"damage":3,"enemies":"Cultist","floor":1,"turns":3},{"damage":8,"enemies":"Jaw Worm","floor":2,"turns":2},{"damage":0,"enemies":"2 Louse","floor":4,"turns":3},{"damage":24,"enemies":"Gremlin Nob","floor":10,"turns":4},{"damage":14,"enemies":"Gremlin Gang","floor":12,"turns":4},{"damage":0,"enemies":"Hexaghost","floor":16,"turns":7},{"damage":1,"enemies":"3 Byrds","floor":18,"turns":3},{"damage":3,"enemies":"Spheric Guardian","floor":19,"turns":3},{"damage":21,"enemies":"Gremlin Leader","floor":24,"turns":5},{"damage":12,"enemies":"Centurion and Healer","floor":25,"turns":5},{"damage":5,"enemies":"Snecko","floor":27,"turns":4},{"damage":0,"enemies":"Cultist and Chosen","floor":28,"turns":5},{"damage":0,"enemies":"Snake Plant","floor":30,"turns":3},{"damage":15,"enemies":"Shelled Parasite and Fungi","floor":31,"turns":5},{"damage":27,"enemies":"Automaton","floor":33,"turns":8},{"damage":6,"enemies":"Orb Walker","floor":35,"turns":3},{"damage":19,"enemies":"3 Darklings","floor":36,"turns":3},{"damage":0,"enemies":"Maw","floor":37,"turns":5},{"damage":0,"enemies":"Mind Bloom Boss Battle","floor":39,"turns":5},{"damage":25,"enemies":"2 Orb Walkers","floor":41,"turns":4},{"damage":18,"enemies":"Sphere and 2 Shapes","floor":45,"turns":4},{"damage":10,"enemies":"4 Shapes","floor":46,"turns":6},{"damage":0,"enemies":"Maw","floor":47,"turns":6},{"damage":50,"enemies":"Donu and Deca","floor":50,"turns":12}],"seed_played":"8432518985569953363","potions_obtained":[{"floor":2,"key":"LiquidBronze"},{"floor":16,"key":"AttackPotion"},{"floor":19,"key":"SpeedPotion"},{"floor":25,"key":"Poison Potion"},{"floor":27,"key":"EssenceOfSteel"},{"floor":35,"key":"AttackPotion"},{"floor":36,"key":"SpeedPotion"},{"floor":37,"key":"Regen Potion"},{"floor":39,"key":"Swift Potion"},{"floor":41,"key":"SkillPotion"},{"floor":45,"key":"Ancient Potion"},{"floor":47,"key":"Poison Potion"}],"is_trial":true,"path_per_floor":["M","M","T","M","?","R","$","R","T","E","$","M","$","?","R","B",null,"M","M","?","?","?","R","E","M","T","M","M","?","M","M","R","B",null,"M","M","M","?","?","R","E","R","T","?","M","M","M","$","R","B"],"character_chosen":"DEFECT","items_purchased":["Capacitor","Coolheaded","Ice Cream","Footwork","Leg Sweep","Turnip","OrangePellets"],"campfire_rested":6,"item_purchase_floors":[7,7,11,11,48,48,48],"current_hp_per_floor":[65,57,57,57,57,57,57,57,57,33,33,19,19,4,26,26,63,62,59,59,59,45,69,48,36,36,31,31,31,31,16,40,13,63,57,38,38,38,50,74,49,73,73,73,55,45,45,45,69,31],"gold":67,"neow_bonus":"","is_prod":false,"is_daily":false,"chose_seed":false,"campfire_upgraded":2,"win_rate":0,"timestamp":1538407628,"path_taken":["M","?","?","M","?","R","$","R","T","E","$","?","?","?","R","BOSS","M","?","?","?","?","R","E","M","T","M","?","?","M","M","R","BOSS","M","?","M","?","?","R","E","R","T","?","M","M","M","$","R","BOSS"],"build_version":"2018-09-27","purchased_purges":1,"victory":true,"max_hp_per_floor":[75,75,75,75,75,75,75,75,75,75,75,75,75,75,75,75,75,75,75,75,75,80,80,80,80,80,80,80,80,80,80,80,80,80,80,80,80,80,80,80,80,80,80,80,80,80,80,80,80,80],"card_choices":[{"not_picked":["Dodge and Roll","Sucker Punch"],"picked":"Ball Lightning","floor":1},{"not_picked":["Deep Breath","Rebound"],"picked":"Leap","floor":2},{"not_picked":["Redo","Rebound","Quick Slash"],"picked":"SKIP","floor":4},{"not_picked":["Endless Agony","Reinforced Body"],"picked":"Electrodynamics","floor":10},{"not_picked":["Well Laid Plans","Backflip"],"picked":"Dark Shackles","floor":12},{"not_picked":["Storm of Steel","Hyperbeam"],"picked":"Reboot","floor":16},{"not_picked":["Enlightenment+1","All Out Attack"],"picked":"Bane","floor":18},{"not_picked":["Sweeping Beam+1","Burst"],"picked":"Ball Lightning+1","floor":19},{"not_picked":["Bane","Coolheaded","Prepared"],"picked":"SKIP","floor":24},{"not_picked":["Turbo","Terror"],"picked":"Undo","floor":25},{"not_picked":["Dagger Throw+1","Poisoned Stab"],"picked":"Calculated Gamble+1","floor":27},{"not_picked":["Compile Driver","Deep Breath"],"picked":"Bouncing Flask+1","floor":28},{"not_picked":["All Out Attack","Conserve Battery","Flash of Steel"],"picked":"SKIP","floor":30},{"not_picked":["Deadly Poison+1","Prepared+1"],"picked":"Conserve Battery+1","floor":31},{"not_picked":["Turbo","Poisoned Stab","Conserve Battery"],"picked":"SKIP","floor":35},{"not_picked":["Go for the Eyes+1","Cold Snap"],"picked":"Leap+1","floor":36},{"not_picked":["Finesse","Accuracy","Calculated Gamble"],"picked":"SKIP","floor":37},{"not_picked":["Outmaneuver","Panacea"],"picked":"Impatience+1","floor":41},{"not_picked":["Flying Knee","All Out Attack","Jack Of All Trades+1"],"picked":"SKIP","floor":45},{"not_picked":["Enlightenment+1","Stack","Leap"],"picked":"SKIP","floor":46},{"not_picked":["Cold Snap","Dodge and Roll"],"picked":"Hologram+1","floor":47}],"player_experience":765099,"relics_obtained":[{"floor":3,"key":"Ancient Tea Set"},{"floor":9,"key":"Boot"},{"floor":10,"key":"Old Coin"},{"floor":24,"key":"Symbiotic Virus"},{"floor":26,"key":"War Paint"},{"floor":39,"key":"Torii"},{"floor":41,"key":"Oddly Smooth Stone"},{"floor":43,"key":"Meat on the Bone"}],"event_choices":[{"event_name":"Upgrade Shrine","player_choice":"Upgraded","floor":5,"damage_taken":0},{"event_name":"Shining Light","player_choice":"Entered Light","floor":14,"damage_taken":0},{"event_name":"Back to Basics","player_choice":"Elegance","floor":20,"damage_taken":0},{"event_name":"The Library","player_choice":"Read","floor":21,"damage_taken":0},{"event_name":"Forgotten Altar","player_choice":"Shed Blood","floor":22,"damage_taken":0},{"event_name":"Vampires","player_choice":"Ignored","floor":29,"damage_taken":0},{"event_name":"Transmorgrifier","player_choice":"Transform","floor":38,"damage_taken":0},{"event_name":"MindBloom","player_choice":"Fight","floor":39,"damage_taken":0},{"event_name":"SensoryStone","player_choice":"Memory 1","floor":44,"damage_taken":0}],"is_beta":false,"boss_relics":[{"not_picked":["Cursed Key","Pandora\u0027s Box"],"picked":"Nuclear Battery"},{"not_picked":["Orrery","Astrolabe"],"picked":"White Beast Statue"}],"items_purged_floors":[11],"is_endless":false,"potions_floor_spawned":[2,16,18,19,25,27,35,36,37,39,41,45,46,47],"ascension_level":11}