{"gold_per_floor":[112,129,149,167,167,167,182,27,27,37,55,10,10,25,25,128,128,139,154,154,170,185,185,205,205,205,205,205,205,235,235,235,235],"floor_reached":33,"playtime":2590,"items_purged":["Strike_G"],"score":261,"play_id":"51b1aae0-6958-4e91-91a7-fc533bd831fb","local_time":"20181206171049","is_ascension_mode":false,"campfire_choices":[{"data":"Choke","floor":6,"key":"SMITH"},{"floor":13,"key":"REST"},{"data":"Blade Dance","floor":15,"key":"SMITH"},{"floor":23,"key":"REST"},{"floor":25,"key":"REST"},{"data":"Blade Dance","floor":27,"key":"SMITH"},{"data":"Malaise","floor":29,"key":"SMITH"},{"floor":32,"key":"REST"}],"neow_cost":"NONE","seed_source_timestamp":868233143512775,"circlet_count":0,"master_deck":["Defend_G","Defend_G","Defend_G","Defend_G","Defend_G","Strike_G","Strike_G","Strike_G","Strike_G","Survivor","Neutralize","Blur+1","PiercingWail+1","Riddle With Holes","Choke+1","Endless Agony","Endless Agony","Terror","Bullet Time","Blade Dance+1","Riddle With Holes","Blade Dance+1","Dagger Throw","Conserve Battery+1","Dodge and Roll","Slice","Poisoned Stab","Malaise+1","Caltrops"],"relics":["Ring of the Snake","Omamori","Bottled Lightning","Sozu","Blood Vial","Boot","Nilry\u0027s Codex"],"potions_floor_usage":[14,30,30,33],"damage_taken":[{"damage":0,"enemies":"Small Slimes","floor":1,"turns":4},{"damage":0,"enemies":"2 Louse","floor":2,"turns":4},{"damage":1,"enemies":"Cultist","floor":3,"turns":6},{"damage":8,"enemies":"Lots of Slimes","floor":4,"turns":9},{"damage":0,"enemies":"Blue Slaver","floor":7,"turns":4},{"damage":0,"enemies":"2 Fungi Beasts","floor":10,"turns":3},{"damage":0,"enemies":"3 Louse","floor":11,"turns":3},{"damage":2,"enemies":"Lots of Slimes","floor":14,"turns":4},{"damage":45,"enemies":"The Guardian","floor":16,"turns":11},{"damage":2,"enemies":"Spheric Guardian","floor":18,"turns":3},{"damage":1,"enemies":"3 Byrds","floor":19,"turns":5},{"damage":30,"enemies":"Centurion and Healer","floor":21,"turns":11},{"damage":11,"enemies":"Snake Plant","floor":22,"turns":4},{"damage":12,"enemies":"Snecko","floor":24,"turns":5},{"damage":19,"enemies":"Gremlin Leader","floor":30,"turns":6},{"damage":67,"enemies":"Champ","floor":33,"turns":14}],"seed_played":"5079132402214551694","potions_obtained":[{"floor":1,"key":"Weak Potion"},{"floor":4,"key":"SneckoOil"},{"floor":10,"key":"Regen Potion"},{"floor":16,"key":"Swift Potion"}],"is_trial":false,"path_per_floor":["M","M","M","M","?","R","M","$","T","M","M","$","R","M","R","B",null,"M","M","?","M","M","R","M","R","T","R","?","R","E","?","R","B"],"character_chosen":"THE_SILENT","items_purchased":["Endless Agony","Blade Dance"],"campfire_rested":4,"item_purchase_floors":[8,12],"current_hp_per_floor":[70,70,69,61,47,47,47,47,47,47,47,47,68,66,66,21,70,68,67,67,37,26,47,35,56,56,56,56,56,54,38,59,0],"gold":235,"neow_bonus":"RANDOM_COMMON_RELIC","is_prod":false,"is_daily":false,"chose_seed":false,"campfire_upgraded":4,"win_rate":0.0,"timestamp":1544069449,"path_taken":["M","M","M","M","?","R","M","$","T","M","M","$","R","M","R","BOSS","M","M","?","?","M","R","?","R","T","R","?","R","E","?","R","BOSS"],"build_version":"2018-11-15","purchased_purges":1,"victory":false,"max_hp_per_floor":[70,70,70,70,70,70,70,70,70,70,70,70,70,70,70,70,70,70,70,70,70,70,70,70,70,70,70,70,70,70,70,70,70],"card_choices":[{"not_picked":["Setup","Outmaneuver"],"picked":"Blur","floor":1},{"not_picked":["Backstab","Prepared"],"picked":"PiercingWail","floor":2},{"not_picked":["Dagger Throw","Prepared"],"picked":"Riddle With Holes","floor":3},{"not_picked":["Slice","Setup"],"picked":"Choke","floor":4},{"not_picked":["Dagger Throw","Riddle With Holes"],"picked":"Endless Agony","floor":7},{"not_picked":["Sucker Punch","Calculated Gamble"],"picked":"Terror","floor":10},{"not_picked":["Dodge and Roll","Tactician"],"picked":"Bullet Time","floor":11},{"not_picked":["Masterful Stab","Outmaneuver"],"picked":"Riddle With Holes","floor":14},{"not_picked":["Adrenaline","Storm of Steel"],"picked":"Corpse Explosion","floor":16},{"not_picked":["Flying Knee+1","Bane"],"picked":"Blade Dance","floor":18},{"not_picked":["Backflip","Wraith Form v2"],"picked":"Dagger Throw","floor":19},{"not_picked":["Expertise","Setup"],"picked":"Dodge and Roll","floor":21},{"not_picked":["Prepared","Setup"],"picked":"Slice","floor":22},{"not_picked":["Expertise","Reflex"],"picked":"Poisoned Stab","floor":24},{"not_picked":["Dagger Throw","Reflex+1"],"picked":"Caltrops","floor":30}],"player_experience":398849,"relics_obtained":[{"floor":9,"key":"Bottled Lightning"},{"floor":26,"key":"Blood Vial"},{"floor":30,"key":"Boot"},{"floor":31,"key":"Nilry\u0027s Codex"}],"event_choices":[{"damage_healed":0,"gold_gain":0,"player_choice":"Entered Light","damage_taken":14,"max_hp_gain":0,"max_hp_loss":0,"event_name":"Shining Light","floor":5,"gold_loss":0,"cards_upgraded":["Blur","PiercingWail"]},{"cards_removed":["Corpse Explosion"],"damage_healed":0,"gold_gain":0,"player_choice":"Took Card","damage_taken":0,"max_hp_gain":0,"max_hp_loss":0,"event_name":"NoteForYourself","floor":20,"gold_loss":0,"cards_obtained":["Conserve Battery"]},{"damage_healed":0,"gold_gain":0,"player_choice":"Read","damage_taken":0,"max_hp_gain":0,"max_hp_loss":0,"event_name":"The Library","floor":28,"gold_loss":0,"cards_obtained":["Malaise"]},{"damage_healed":0,"gold_gain":0,"player_choice":"Obtained Book","damage_taken":16,"max_hp_gain":0,"max_hp_loss":0,"event_name":"Cursed Tome","floor":31,"gold_loss":0}],"is_beta":false,"boss_relics":[{"not_picked":["Snecko Eye","Busted Crown"],"picked":"Sozu"}],"items_purged_floors":[8],"is_endless":false,"potions_floor_spawned":[1,4,10,16,18,24],"killed_by":"Champ","ascension_level":0}