{"gold_per_floor":[113,128,143,218,230,230,249,263,288,388,400,400,417,436,436,536,536,546,564,262,262,274,274,324,344,424,438,17,17,17,36,36,36],"floor_reached":33,"playtime":1167,"items_purged":["Strike_G"],"score":245,"play_id":"f166a232-4fce-4056-9a10-d5df6fc26209","local_time":"20190131032652","is_ascension_mode":false,"campfire_choices":[{"data":"Neutralize","floor":6.0,"key":"SMITH"},{"data":"Skewer","floor":12.0,"key":"SMITH"},{"data":"Skewer","floor":15.0,"key":"SMITH"},{"data":"Adrenaline","floor":23.0,"key":"SMITH"},{"data":"Skewer","floor":32.0,"key":"SMITH"}],"neow_cost":"NONE","seed_source_timestamp":7043615841861,"circlet_count":0,"master_deck":["Defend_G","Defend_G","Defend_G","Defend_G","Defend_G","Strike_G","Strike_G","Strike_G","Strike_G","Survivor","Neutralize+1","Backflip","Skewer+1","Skewer+1","Prepared","Cloak And Dagger","Corpse Explosion","Flying Knee","Adrenaline+1","Impatience","Skewer+1","Quick Slash","Footwork","Flying Knee+1","Outmaneuver+1"],"special_seed":0,"relics":["Ring of the Snake","Bag of Preparation","Lantern","HoveringKite","Snake Skull","Nilry\u0027s Codex","Toxic Egg 2","Prayer Wheel"],"potions_floor_usage":[33,33,33],"damage_taken":[{"damage":0.0,"enemies":"Cultist","floor":1.0,"turns":5.0},{"damage":0.0,"enemies":"Jaw Worm","floor":2.0,"turns":6.0},{"damage":0.0,"enemies":"2 Louse","floor":3.0,"turns":2.0},{"damage":2.0,"enemies":"Exordium Thugs","floor":5.0,"turns":6.0},{"damage":5.0,"enemies":"Exordium Wildlife","floor":7.0,"turns":6.0},{"damage":0.0,"enemies":"Large Slime","floor":8.0,"turns":6.0},{"damage":2.0,"enemies":"Blue Slaver","floor":11.0,"turns":3.0},{"damage":0.0,"enemies":"3 Louse","floor":13.0,"turns":2.0},{"damage":2.0,"enemies":"Looter","floor":14.0,"turns":2.0},{"damage":40.0,"enemies":"The Guardian","floor":16.0,"turns":15.0},{"damage":3.0,"enemies":"3 Byrds","floor":18.0,"turns":3.0},{"damage":3.0,"enemies":"Shell Parasite","floor":19.0,"turns":5.0},{"damage":6.0,"enemies":"Shelled Parasite and Fungi","floor":22.0,"turns":4.0},{"damage":3.0,"enemies":"Snecko","floor":25.0,"turns":3.0},{"damage":0.0,"enemies":"Snake Plant","floor":27.0,"turns":2.0},{"damage":0.0,"enemies":"Cultist and Chosen","floor":31.0,"turns":4.0},{"damage":62,"enemies":"Collector","floor":33,"turns":11}],"seed_played":"4527364153486092812","potions_obtained":[{"floor":2.0,"key":"Block Potion"},{"floor":3.0,"key":"Energy Potion"},{"floor":5.0,"key":"Energy Potion"},{"floor":7.0,"key":"Block Potion"},{"floor":16.0,"key":"GamblersBrew"},{"floor":25.0,"key":"Swift Potion"},{"floor":31.0,"key":"FearPotion"}],"is_trial":false,"path_per_floor":["M","M","M","?","M","R","M","M","T","?","M","R","M","M","R","B",null,"M","M","$","?","M","R","?","M","T","M","$","?","?","M","R","B"],"character_chosen":"THE_SILENT","items_purchased":["Impatience","Skewer","Snake Skull","Prayer Wheel","Footwork"],"campfire_rested":0,"item_purchase_floors":[20,20,20,28,28],"current_hp_per_floor":[70,70,70,59,57,57,52,52,52,52,50,50,50,48,48,8,70,67,64,64,48,42,42,42,39,39,39,39,62,62,62,62,0],"gold":36,"neow_bonus":"RANDOM_COMMON_RELIC","is_prod":false,"is_daily":false,"chose_seed":false,"campfire_upgraded":5,"win_rate":0,"timestamp":1548926812,"path_taken":["M","M","M","?","M","R","M","M","T","?","M","R","?","M","R","BOSS","M","M","$","?","M","R","?","M","T","?","$","?","?","M","R","BOSS"],"build_version":"2019-01-23","purchased_purges":1,"victory":false,"max_hp_per_floor":[70,70,70,70,70,70,70,70,70,70,70,70,70,70,70,70,70,70,70,70,70,70,70,70,70,70,70,70,70,70,70,70,70],"card_choices":[{"not_picked":["Catalyst","Well Laid Plans"],"picked":"Backflip","floor":1.0},{"not_picked":["PiercingWail","Acrobatics"],"picked":"Skewer","floor":2.0},{"not_picked":["Backflip","Caltrops"],"picked":"Skewer","floor":3.0},{"not_picked":["Dagger Throw","Bane"],"picked":"Prepared","floor":5.0},{"not_picked":["Dodge and Roll","Deadly Poison"],"picked":"Cloak And Dagger","floor":7.0},{"not_picked":["Infinite Blades","Acrobatics"],"picked":"Corpse Explosion","floor":8.0},{"not_picked":["Endless Agony","Setup","Flechettes"],"picked":"SKIP","floor":11.0},{"not_picked":["Deadly Poison","Flechettes","Underhanded Strike"],"picked":"SKIP","floor":13.0},{"not_picked":["Finisher","Tactician"],"picked":"Flying Knee","floor":14.0},{"not_picked":["Unload","Glass Knife"],"picked":"Adrenaline","floor":16.0},{"not_picked":["Dodge and Roll","Dagger Throw","Concentrate+1"],"picked":"SKIP","floor":18.0},{"not_picked":["Blade Dance","Deadly Poison","Finisher"],"picked":"SKIP","floor":19.0},{"not_picked":["Dagger Throw","Blade Dance","Bane"],"picked":"SKIP","floor":22.0},{"not_picked":["Dash+1","Distraction"],"picked":"Quick Slash","floor":25.0},{"not_picked":["Escape Plan+1","Masterful Stab","Bane+1"],"picked":"SKIP","floor":27.0},{"not_picked":["PiercingWail+1","Poisoned Stab"],"picked":"Flying Knee+1","floor":31.0},{"not_picked":["Bane","Setup+1"],"picked":"Outmaneuver+1","floor":31.0}],"player_experience":678714,"relics_obtained":[{"floor":9.0,"key":"Lantern"},{"floor":21.0,"key":"Nilry\u0027s Codex"},{"floor":26.0,"key":"Toxic Egg 2"}],"event_choices":[{"damage_healed":0.0,"max_hp_gain":0.0,"max_hp_loss":0.0,"gold_gain":75.0,"event_name":"World of Goop","player_choice":"Gather Gold","floor":4.0,"gold_loss":0.0,"damage_taken":11.0},{"damage_healed":0.0,"max_hp_gain":0.0,"max_hp_loss":0.0,"gold_gain":100.0,"event_name":"Golden Shrine","player_choice":"Pray","floor":10.0,"gold_loss":0.0,"damage_taken":0.0},{"damage_healed":0.0,"max_hp_gain":0.0,"max_hp_loss":0.0,"gold_gain":0.0,"event_name":"Cursed Tome","player_choice":"Obtained Book","floor":21.0,"gold_loss":0.0,"damage_taken":16.0},{"damage_healed":0.0,"max_hp_gain":0.0,"max_hp_loss":0.0,"gold_gain":100.0,"event_name":"The Joust","player_choice":"Bet on Murderer","floor":24.0,"gold_loss":50.0,"damage_taken":0.0},{"damage_healed":23.0,"max_hp_gain":0.0,"max_hp_loss":0.0,"gold_gain":0.0,"event_name":"The Library","player_choice":"Heal","floor":29.0,"gold_loss":0.0,"damage_taken":0.0},{"damage_healed":0.0,"max_hp_gain":0.0,"max_hp_loss":0.0,"gold_gain":0.0,"event_name":"Beggar","player_choice":"Ignored","floor":30.0,"gold_loss":0.0,"damage_taken":0.0}],"is_beta":false,"boss_relics":[{"not_picked":["Black Star","Lizard Tail"],"picked":"HoveringKite"}],"items_purged_floors":[28],"is_endless":false,"potions_floor_spawned":[2,3,5,7,16,25,31],"killed_by":"Collector","ascension_level":0}