{"gold_per_floor":[209,11,11,28,39,74,74,100,100,125,144,162,197,1,1,74,74,94,110,25,42,42,71,89,89,161,193,204,204,220,235,235,311,311,328,328,13,27,39,39,39,72,121,121,146,160,382,410,410,410],"floor_reached":51,"playtime":5980,"items_purged":[],"score":1345,"play_id":"75fc9be7-e854-4f2f-918a-7561b2bffa2f","local_time":"20180902230114","is_ascension_mode":true,"campfire_choices":[{"data":"Sunder","floor":7.0,"key":"SMITH"},{"data":"Hello World","floor":15.0,"key":"SMITH"},{"data":"Rainbow","floor":25.0,"key":"SMITH"},{"floor":29.0,"key":"REST"},{"floor":32.0,"key":"REST"},{"data":"Panache","floor":40.0,"key":"SMITH"},{"data":"Machine Learning","floor":44.0,"key":"SMITH"},{"floor":49,"key":"REST"}],"neow_cost":"NONE","seed_source_timestamp":36307294381255,"circlet_count":0,"master_deck":["Strike_B","Strike_B","Strike_B","Strike_B","Defend_B+1","Defend_B","Defend_B","Defend_B+1","Zap","Dualcast","AscendersBane","Sunder+1","Sweeping Beam","Rebound","Chill","Glacier","Rainbow+1","Hello World+1","Compile Driver","Turbo+1","Turbo+1","Apotheosis+1","All For One","Undo+1","Cold Snap","Darkness+1","Double Energy+1","Coolheaded+1","Coolheaded+1","Electrodynamics","Cold Snap+1","Consume+1","Machine Learning+1","White Noise+1","Thinking Ahead+1","Panache+1","Hologram+1","BootSequence+1","Stack+1","Stack+1","Madness+1","Madness+1","Capacitor","FTL+1","Coolheaded+1","Machine Learning","White Noise+1"],"special_seed":0,"relics":["Cracked Core","DataDisk","Blue Candle","War Paint","Toxic Egg 2","Ice Cream","Nunchaku","Inserter","Centennial Puzzle","Strawberry","Kunai","Red Mask","Lizard Tail","Matryoshka","Dream Catcher","Regal Pillow","Bag of Marbles","Bag of Preparation"],"potions_floor_usage":[50,50],"damage_taken":[{"damage":0.0,"enemies":"2 Louse","floor":1.0,"turns":2.0},{"damage":0.0,"enemies":"Small Slimes","floor":4.0,"turns":2.0},{"damage":12.0,"enemies":"Jaw Worm","floor":5.0,"turns":2.0},{"damage":24.0,"enemies":"Lagavulin","floor":6.0,"turns":7.0},{"damage":3.0,"enemies":"Gremlin Nob","floor":8.0,"turns":4.0},{"damage":4.0,"enemies":"Lagavulin","floor":10.0,"turns":6.0},{"damage":0.0,"enemies":"Blue Slaver","floor":11.0,"turns":4.0},{"damage":0.0,"enemies":"Exordium Wildlife","floor":12.0,"turns":2.0},{"damage":0.0,"enemies":"3 Sentries","floor":13.0,"turns":6.0},{"damage":19.0,"enemies":"The Guardian","floor":16.0,"turns":9.0},{"damage":0.0,"enemies":"2 Thieves","floor":18.0,"turns":3.0},{"damage":0.0,"enemies":"Spheric Guardian","floor":19.0,"turns":4.0},{"damage":0.0,"enemies":"Cultist and Chosen","floor":21.0,"turns":4.0},{"damage":20.0,"enemies":"Book of Stabbing","floor":23.0,"turns":6.0},{"damage":0.0,"enemies":"3 Cultists","floor":24.0,"turns":4.0},{"damage":40.0,"enemies":"Masked Bandits","floor":27.0,"turns":4.0},{"damage":5.0,"enemies":"Centurion and Healer","floor":28.0,"turns":5.0},{"damage":2.0,"enemies":"Sentry and Sphere","floor":30.0,"turns":3.0},{"damage":0.0,"enemies":"Snake Plant","floor":31.0,"turns":5.0},{"damage":18.0,"enemies":"Collector","floor":33.0,"turns":7.0},{"damage":2.0,"enemies":"3 Darklings","floor":35.0,"turns":6.0},{"damage":1.0,"enemies":"3 Shapes","floor":38.0,"turns":4.0},{"damage":6.0,"enemies":"Maw","floor":39.0,"turns":6.0},{"damage":4.0,"enemies":"2 Orb Walkers","floor":42.0,"turns":5.0},{"damage":33.0,"enemies":"Giant Head","floor":45.0,"turns":9.0},{"damage":5.0,"enemies":"3 Darklings","floor":46.0,"turns":4.0},{"damage":19,"enemies":"2 Orb Walkers","floor":48,"turns":4},{"damage":23,"enemies":"Donu and Deca","floor":50,"turns":7}],"seed_played":"-1804292607100580126","potions_obtained":[{"floor":4.0,"key":"FairyPotion"},{"floor":6.0,"key":"Strength Potion"},{"floor":8.0,"key":"Regen Potion"},{"floor":11.0,"key":"SkillPotion"},{"floor":12.0,"key":"Block Potion"},{"floor":18.0,"key":"FearPotion"},{"floor":21.0,"key":"PowerPotion"},{"floor":28.0,"key":"Strength Potion"},{"floor":30.0,"key":"Regen Potion"},{"floor":33.0,"key":"SkillPotion"},{"floor":35.0,"key":"Block Potion"},{"floor":38.0,"key":"Fire Potion"},{"floor":48,"key":"Weak Potion"}],"is_trial":false,"path_per_floor":["M","$","?","M","M","E","R","E","T","E","M","M","E","$","R","B",null,"M","M","?","M","?","E","M","R","T","?","M","R","M","M","R","B",null,"M","?","$","M","M","R","?","E","T","R","E","M","?","E","R","B"],"character_chosen":"DEFECT","items_purchased":["DataDisk","Sweeping Beam","Apotheosis+1","Panache","Hologram+1","BootSequence+1"],"campfire_rested":3,"item_purchase_floors":[2,2,14,37,37,37],"current_hp_per_floor":[64,64,69,69,57,33,33,30,30,41,41,41,41,41,41,22,63,63,63,63,63,63,50,50,50,50,10,5,29,27,41,65,47,74,72,72,72,71,65,65,55,51,51,51,18,13,13,41,80,57],"gold":410,"neow_bonus":"HUNDRED_GOLD","is_prod":false,"is_daily":false,"chose_seed":false,"campfire_upgraded":5,"win_rate":0,"timestamp":1535922074,"path_taken":["M","$","?","M","M","E","R","E","T","E","M","M","E","$","R","BOSS","M","M","?","M","?","E","?","R","T","?","M","R","M","M","R","BOSS","M","?","$","M","?","R","?","E","T","R","E","?","?","E","R","BOSS"],"build_version":"2018-08-30","purchased_purges":0,"victory":true,"max_hp_per_floor":[71,71,76,76,76,76,76,76,76,76,76,76,76,76,76,76,76,76,76,76,76,76,83,83,83,83,83,83,83,83,83,83,83,83,83,83,83,83,83,83,83,83,83,83,83,83,83,83,83,83],"card_choices":[{"not_picked":["Compile Driver","Barrage"],"picked":"Sunder","floor":1.0},{"not_picked":["Redo","Force Field"],"picked":"Rebound","floor":4.0},{"not_picked":["Go for the Eyes","Gash"],"picked":"Chill","floor":5.0},{"not_picked":["Rip and Tear","Go for the Eyes"],"picked":"Glacier","floor":6.0},{"not_picked":["Heatsinks","Beam Cell"],"picked":"Rainbow","floor":8.0},{"not_picked":["Streamline","Darkness+1"],"picked":"Hello World","floor":10.0},{"not_picked":["Barrage","Streamline"],"picked":"Compile Driver","floor":11.0},{"not_picked":["Steam Power+1","Go for the Eyes"],"picked":"Turbo+1","floor":12.0},{"not_picked":["Gash","Compile Driver"],"picked":"Turbo+1","floor":13.0},{"not_picked":["Multi-Cast+1","Meteor Strike"],"picked":"All For One","floor":16.0},{"not_picked":["Blizzard","Turbo+1"],"picked":"Undo+1","floor":18.0},{"not_picked":["Leap+1","Steam+1"],"picked":"Cold Snap","floor":19.0},{"not_picked":["Rip and Tear","Ball Lightning"],"picked":"Darkness+1","floor":21.0},{"not_picked":["Steam+1","Doom and Gloom"],"picked":"Double Energy+1","floor":23.0},{"not_picked":["Leap+1","Hello World+1"],"picked":"Coolheaded+1","floor":24.0},{"not_picked":["Scrape+1","Turbo+1"],"picked":"Coolheaded+1","floor":27.0},{"not_picked":["Beam Cell","Redo+1"],"picked":"Electrodynamics","floor":28.0},{"not_picked":["BootSequence+1","Beam Cell"],"picked":"Cold Snap+1","floor":30.0},{"not_picked":["Conserve Battery+1","Leap+1"],"picked":"Consume+1","floor":31.0},{"not_picked":["Multi-Cast+1","Hyperbeam"],"picked":"Machine Learning","floor":33.0},{"not_picked":["Tempest+1","Conserve Battery+1"],"picked":"White Noise+1","floor":35.0},{"not_picked":["The Bomb+1","Panacea+1"],"picked":"Thinking Ahead+1","floor":36.0},{"not_picked":["Sweeping Beam","Barrage"],"picked":"Stack+1","floor":38.0},{"not_picked":["Rip and Tear+1","Ball Lightning"],"picked":"Stack+1","floor":39.0},{"not_picked":["Conserve Battery+1","Streamline+1"],"picked":"Capacitor","floor":42.0},{"not_picked":["Cold Snap","Fusion+1"],"picked":"FTL+1","floor":45.0},{"not_picked":["Streamline","BootSequence+1"],"picked":"Coolheaded+1","floor":46.0},{"not_picked":["Force Field+1","Go for the Eyes"],"picked":"Machine Learning","floor":48},{"not_picked":["Leap+1","Cold Snap+1"],"picked":"White Noise+1","floor":49}],"player_experience":865767,"relics_obtained":[{"floor":6.0,"key":"Blue Candle"},{"floor":8.0,"key":"War Paint"},{"floor":9.0,"key":"Toxic Egg 2"},{"floor":10.0,"key":"Ice Cream"},{"floor":13.0,"key":"Nunchaku"},{"floor":23.0,"key":"Strawberry"},{"floor":26.0,"key":"Kunai"},{"floor":27.0,"key":"Red Mask"},{"floor":42.0,"key":"Matryoshka"},{"floor":43.0,"key":"Dream Catcher"},{"floor":43.0,"key":"Regal Pillow"},{"floor":45.0,"key":"Bag of Marbles"},{"floor":48,"key":"Bag of Preparation"}],"event_choices":[{"event_name":"Big Fish","player_choice":"Donut","floor":3.0,"damage_taken":0.0},{"event_name":"Addict","player_choice":"Obtained Relic","floor":20.0,"damage_taken":0.0},{"event_name":"Beggar","player_choice":"Ignored","floor":22.0,"damage_taken":0.0},{"event_name":"Masked Bandits","player_choice":"Fought Bandits","floor":27.0,"damage_taken":0.0},{"event_name":"SensoryStone","player_choice":"Memory 1","floor":36.0,"damage_taken":0.0},{"event_name":"Winding Halls","player_choice":"Embrace Madness","floor":41.0,"damage_taken":0.0},{"event_name":"Tomb of Lord Red Mask","player_choice":"Wore Mask","floor":47.0,"damage_taken":0.0}],"is_beta":false,"boss_relics":[{"not_picked":["Coffee Dripper","Astrolabe"],"picked":"Inserter"},{"not_picked":["Velvet Choker","Black Star"],"picked":"Lizard Tail"}],"items_purged_floors":[],"is_endless":false,"potions_floor_spawned":[4,6,8,11,12,18,21,28,30,33,35,38,48],"ascension_level":14}