{"gold_per_floor":[115,1,18,18,18,18,37,37,37,51,62,62,73,92,92,187,187,201,217,17,29,40,56,56,66,66,66,66,66,78,93,93,93],"floor_reached":33,"playtime":1938,"items_purged":["Parasite"],"score":245,"play_id":"34ccb4cd-8004-4749-bc9b-e4780a92cee8","local_time":"20181206144042","is_ascension_mode":false,"campfire_choices":[{"data":"Setup","floor":6,"key":"SMITH"},{"data":"Neutralize","floor":8,"key":"SMITH"},{"floor":12,"key":"REST"},{"data":"Caltrops","floor":15,"key":"SMITH"},{"data":"Poisoned Stab","floor":24,"key":"SMITH"},{"floor":27,"key":"REST"},{"floor":29,"key":"REST"},{"floor":32,"key":"REST"}],"neow_cost":"CURSE","seed_source_timestamp":859875991828549,"circlet_count":0,"master_deck":["Defend_G","Defend_G","Defend_G","Defend_G","Strike_G","Strike_G","Strike_G","Survivor","Neutralize+1","Corpse Explosion","Setup+1","Caltrops","Caltrops","Doppelganger","Backflip","Caltrops+1","Quick Slash","Bouncing Flask","Deadly Poison","Corpse Explosion","Catalyst","Slice+1","Dodge and Roll","Acrobatics","Poisoned Stab+1","Deadly Poison","Acrobatics","Crippling Poison"],"relics":["Ring of the Snake","Happy Flower","Empty Cage","Blood Vial","Calipers"],"potions_floor_usage":[7,10,16,18,19,22,33,33],"damage_taken":[{"damage":9,"enemies":"Jaw Worm","floor":1,"turns":7},{"damage":1,"enemies":"Cultist","floor":3,"turns":4},{"damage":0,"enemies":"2 Louse","floor":7,"turns":2},{"damage":5,"enemies":"2 Fungi Beasts","floor":10,"turns":3},{"damage":18,"enemies":"Exordium Thugs","floor":11,"turns":5},{"damage":0,"enemies":"Exordium Wildlife","floor":13,"turns":2},{"damage":0,"enemies":"2 Fungi Beasts","floor":14,"turns":4},{"damage":30,"enemies":"The Guardian","floor":16,"turns":8},{"damage":2,"enemies":"3 Byrds","floor":18,"turns":4},{"damage":16,"enemies":"2 Thieves","floor":19,"turns":4},{"damage":13,"enemies":"Centurion and Healer","floor":21,"turns":4},{"damage":0,"enemies":"Snake Plant","floor":22,"turns":4},{"damage":1,"enemies":"Snecko","floor":23,"turns":4},{"damage":24,"enemies":"Cultist and Chosen","floor":25,"turns":6},{"damage":10,"enemies":"Sentry and Sphere","floor":30,"turns":3},{"damage":36,"enemies":"Centurion and Healer","floor":31,"turns":5},{"damage":41,"enemies":"Collector","floor":33,"turns":3}],"seed_played":"2805186948928919196","potions_obtained":[{"floor":1,"key":"Explosive Potion"},{"floor":7,"key":"SkillPotion"},{"floor":14,"key":"FearPotion"},{"floor":16,"key":"Weak Potion"},{"floor":18,"key":"EssenceOfSteel"},{"floor":21,"key":"PowerPotion"},{"floor":22,"key":"LiquidBronze"},{"floor":31,"key":"AttackPotion"}],"is_trial":false,"path_per_floor":["M","$","M","?","$","R","M","R","T","M","M","R","M","M","R","B",null,"M","M","$","M","M","M","R","M","T","R","?","R","M","M","R","B"],"character_chosen":"THE_SILENT","items_purchased":["Caltrops","Blood Vial","Dodge and Roll"],"campfire_rested":4,"item_purchase_floors":[2,20,20],"current_hp_per_floor":[61,61,60,60,60,60,60,60,60,55,37,57,57,57,57,27,67,65,49,49,38,40,41,41,19,19,39,39,59,51,17,37,0],"gold":93,"neow_bonus":"THREE_RARE_CARDS","is_prod":false,"is_daily":false,"chose_seed":false,"campfire_upgraded":4,"win_rate":0.0,"timestamp":1544060442,"path_taken":["M","$","M","?","?","R","M","R","T","M","?","R","M","?","R","BOSS","M","M","$","M","M","M","R","M","T","R","?","R","M","M","R","BOSS"],"build_version":"2018-11-15","purchased_purges":1,"victory":false,"max_hp_per_floor":[70,67,67,67,67,67,67,67,67,67,67,67,67,67,67,67,67,67,67,67,67,67,67,67,67,67,67,67,67,67,67,67,67],"card_choices":[{"not_picked":["Grand Finale","Adrenaline"],"picked":"Corpse Explosion","floor":0},{"not_picked":["Cloak And Dagger","Dodge and Roll"],"picked":"Setup","floor":1},{"not_picked":["Dagger Spray","Riddle With Holes"],"picked":"Caltrops","floor":3},{"not_picked":["All Out Attack","Flying Knee"],"picked":"Backflip","floor":7},{"not_picked":["Underhanded Strike","Infinite Blades"],"picked":"Caltrops","floor":10},{"not_picked":["Blade Dance","Cloak And Dagger"],"picked":"Quick Slash","floor":11},{"not_picked":["Endless Agony","Acrobatics"],"picked":"Bouncing Flask","floor":13},{"not_picked":["Dagger Spray","Backflip"],"picked":"Deadly Poison","floor":14},{"not_picked":["Tools of the Trade","Phantasmal Killer"],"picked":"Corpse Explosion","floor":16},{"not_picked":["Expertise+1","Underhanded Strike"],"picked":"Catalyst","floor":18},{"not_picked":["Underhanded Strike","Blade Dance"],"picked":"Slice+1","floor":19},{"not_picked":["Glass Knife","Deflect"],"picked":"Acrobatics","floor":21},{"not_picked":["Dagger Spray+1","Finisher+1"],"picked":"Poisoned Stab","floor":22},{"not_picked":["Predator","Calculated Gamble"],"picked":"Deadly Poison","floor":23},{"not_picked":["Blade Dance","Calculated Gamble"],"picked":"Acrobatics","floor":25},{"not_picked":["Setup","Dagger Spray"],"picked":"Crippling Poison","floor":30},{"not_picked":["Dagger Spray","Well Laid Plans","Eviscerate+1"],"picked":"SKIP","floor":31}],"player_experience":390664,"relics_obtained":[{"floor":9,"key":"Happy Flower"},{"floor":26,"key":"Calipers"}],"event_choices":[{"damage_healed":0,"gold_gain":0,"cards_transformed":["Strike_G"],"player_choice":"Transformed","damage_taken":0,"max_hp_gain":0,"max_hp_loss":0,"event_name":"Transmorgrifier","floor":4,"gold_loss":0,"cards_obtained":["Doppelganger"]},{"damage_healed":0,"gold_gain":0,"player_choice":"Ignored","damage_taken":0,"max_hp_gain":0,"max_hp_loss":0,"event_name":"Ghosts","floor":28,"gold_loss":0}],"is_beta":false,"boss_relics":[{"not_picked":["Busted Crown","Fusion Hammer"],"picked":"Empty Cage"}],"items_purged_floors":[2],"is_endless":false,"potions_floor_spawned":[1,7,14,16,18,21,22,31],"killed_by":"Collector","ascension_level":0}