{"path_per_floor":["M","M","?","M","?","R","M","R","T","M","R","E","R","M","R","B",null,"M","?","?","M","M","R","M","R","T","R","M","$","M","E","R","B",null,"M","?","$","?","$","E","R","M","T","M","M","R","M","M","R","B"],"character_chosen":"THE_SILENT","items_purchased":["Shovel","Malaise","Anchor"],"gold_per_floor":[119,130,130,144,144,144,157,157,182,206,206,244,244,262,262,386,386,374,374,374,389,413,413,434,434,434,434,453,87,111,147,147,272,272,293,293,71,71,71,111,111,124,124,139,157,157,171,190,190,190],"floor_reached":51,"campfire_rested":1,"playtime":2623,"current_hp_per_floor":[77,77,82,81,61,61,61,61,61,59,59,45,45,41,41,22,82,79,79,79,79,73,73,73,73,73,73,73,73,73,73,73,65,82,82,82,82,72,72,49,49,47,47,44,44,44,44,41,65,62],"items_purged":["Strike_G"],"gold":190,"score":751,"play_id":"ea5e04c8-1111-4753-8bc0-8176557efd16","local_time":"20180424093422","is_prod":false,"is_daily":false,"chose_seed":false,"is_ascension_mode":false,"campfire_upgraded":10,"timestamp":1524555262,"path_taken":["M","M","?","?","?","R","?","R","T","M","R","E","R","M","R","BOSS","M","?","?","M","M","R","M","R","T","R","M","$","M","E","R","BOSS","M","?","$","?","?","E","R","M","T","M","?","R","?","M","R","BOSS"],"build_version":"2018-04-19","seed_source_timestamp":819203069986,"purchased_purges":1,"victory":true,"master_deck":["Defend_G","Defend_G","Defend_G","Defend_G","Defend_G","Strike_G","Strike_G","Strike_G","Survivor","Neutralize+1","Dash+1","Bouncing Flask+1","Flying Knee","Noxious Fumes+1","Crippling Poison+1","Backflip+1","PiercingWail","Adrenaline+1","Outmaneuver","Leg Sweep+1","Cloak And Dagger+1","Dodge and Roll+1","Bullet Time","Flechettes","Catalyst+1","Deadly Poison+1","Corpse Explosion","Noxious Fumes","Malaise+1","Madness","Madness","Deflect+1","Dash+1","Deflect"],"max_hp_per_floor":[77,77,82,82,82,82,82,82,82,82,82,82,82,82,82,82,82,82,82,82,82,82,82,82,82,82,82,82,82,82,82,82,82,82,82,82,82,82,82,82,82,82,82,82,82,82,82,82,82,82],"relics":["Ring of the Snake","Strawberry","Golden Idol","Prayer Wheel","Omamori","Snecko Eye","Blue Candle","Shovel","Ancient Tea Set","Cursed Key","Anchor","Shuriken","Meat on the Bone","Calipers"],"card_choices":[{"not_picked":["Catalyst","Dagger Throw"],"picked":"Dash","floor":1},{"not_picked":["Poisoned Stab","Riddle With Holes"],"picked":"Bouncing Flask","floor":2},{"not_picked":["Backstab","Outmaneuver"],"picked":"Flying Knee","floor":4},{"not_picked":["Accuracy","Sucker Punch"],"picked":"Noxious Fumes","floor":7},{"not_picked":["Poisoned Stab","All Out Attack"],"picked":"Crippling Poison","floor":10},{"not_picked":["Quick Slash","Concentrate"],"picked":"Backflip","floor":12},{"not_picked":["Concentrate","Sucker Punch"],"picked":"PiercingWail","floor":14},{"not_picked":["Night Terror","After Image"],"picked":"Adrenaline","floor":16},{"not_picked":["Sucker Punch","Well Laid Plans"],"picked":"Cloak And Dagger","floor":21},{"not_picked":["Sucker Punch","Underhanded Strike"],"picked":"Dodge and Roll","floor":22},{"not_picked":["Quick Slash","Dagger Throw"],"picked":"Bullet Time","floor":24},{"not_picked":["Infinite Blades","Distraction"],"picked":"Flechettes","floor":28},{"not_picked":["Dagger Throw","Backflip"],"picked":"Catalyst","floor":30},{"not_picked":["Deflect","Underhanded Strike"],"picked":"Deadly Poison","floor":31},{"not_picked":["Envenom","Glass Knife"],"picked":"Corpse Explosion","floor":33},{"not_picked":["Dagger Throw","Skewer"],"picked":"Noxious Fumes","floor":35},{"not_picked":["Eviscerate","Acrobatics"],"picked":"Deflect","floor":42},{"not_picked":["Flying Knee","Dagger Spray"],"picked":"Dash","floor":43},{"not_picked":["Prepared","Noxious Fumes"],"picked":"Deflect","floor":45}],"player_experience":532592,"potions_floor_usage":[12,21,22,24,31,35,40,45,45,50],"damage_taken":[{"damage":0,"enemies":"Small Slimes","floor":1,"turns":3},{"damage":0,"enemies":"Jaw Worm","floor":2,"turns":3},{"damage":1,"enemies":"Cultist","floor":4,"turns":4},{"damage":0,"enemies":"Large Slime","floor":7,"turns":6},{"damage":2,"enemies":"3 Louse","floor":10,"turns":4},{"damage":14,"enemies":"Gremlin Nob","floor":12,"turns":4},{"damage":4,"enemies":"Looter","floor":14,"turns":4},{"damage":19,"enemies":"The Guardian","floor":16,"turns":8},{"damage":3,"enemies":"2 Thieves","floor":18,"turns":4},{"damage":0,"enemies":"Chosen","floor":21,"turns":4},{"damage":6,"enemies":"Centurion and Healer","floor":22,"turns":4},{"damage":0,"enemies":"3 Cultists","floor":24,"turns":4},{"damage":0,"enemies":"Snake Plant","floor":28,"turns":3},{"damage":0,"enemies":"Cultist and Chosen","floor":30,"turns":3},{"damage":0,"enemies":"Gremlin Leader","floor":31,"turns":5},{"damage":8,"enemies":"Champ","floor":33,"turns":10},{"damage":0,"enemies":"3 Darklings","floor":35,"turns":1},{"damage":23,"enemies":"Giant Head","floor":40,"turns":9},{"damage":2,"enemies":"Orb Walker","floor":42,"turns":4},{"damage":3,"enemies":"3 Darklings","floor":44,"turns":5},{"damage":12,"enemies":"4 Shapes","floor":45,"turns":5},{"damage":0,"enemies":"Sphere and 2 Shapes","floor":47,"turns":3},{"damage":15,"enemies":"3 Darklings","floor":48,"turns":5},{"damage":3,"enemies":"Time Eater","floor":50,"turns":13}],"event_choices":[{"event_name":"Big Fish","player_choice":"Donut","floor":3,"damage_taken":0},{"event_name":"Golden Idol","player_choice":"Take Damage","floor":5,"damage_taken":0},{"event_name":"Transmorgrifier","player_choice":"Transform","floor":19,"damage_taken":0},{"event_name":"The Library","player_choice":"Read","floor":20,"damage_taken":0},{"event_name":"Accursed Blacksmith","player_choice":"Forge","floor":36,"damage_taken":0},{"event_name":"Winding Halls","player_choice":"Embrace Madness","floor":38,"damage_taken":0}],"boss_relics":[{"not_picked":["Lizard Tail","Velvet Choker"],"picked":"Snecko Eye"},{"not_picked":["Calling Bell","Philosopher\u0027s Stone"],"picked":"Cursed Key"}],"potions_floor_spawned":[1,7,10,18,21,28,33,35,44,47],"seed_played":"-9111989433711900472","ascension_level":0,"is_trial":false}