{"gold_per_floor":[116,135,58,58,133,148,248,55,124,124,137,149,149,166,166,166],"floor_reached":16,"playtime":2388,"items_purged":[],"score":92,"play_id":"abbe5235-9e19-4ec1-860b-0cc386877100","local_time":"20190127135053","is_ascension_mode":false,"campfire_choices":[{"data":"Iron Wave","floor":10,"key":"SMITH"},{"data":"Anger","floor":15,"key":"SMITH"}],"neow_cost":"TEN_PERCENT_HP_LOSS","seed_source_timestamp":68229847600900,"circlet_count":0,"master_deck":["Strike_R","Strike_R","Strike_R","Defend_R","Defend_R","Defend_R","Defend_R","Sever Soul","Disarm","Burning Pact","Iron Wave+1","Corruption","Exhume","Anger+1","Shrug It Off","Brutality","Fire Breathing"],"relics":["Burning Blood","Kunai"],"potions_floor_usage":[2,12,16,16],"damage_taken":[{"damage":11,"enemies":"Jaw Worm","floor":1,"turns":4},{"damage":3,"enemies":"Small Slimes","floor":2,"turns":4},{"damage":0,"enemies":"Cultist","floor":6,"turns":4},{"damage":0,"enemies":"Large Slime","floor":11,"turns":6},{"damage":0,"enemies":"Lots of Slimes","floor":12,"turns":4},{"damage":3,"enemies":"Exordium Wildlife","floor":14,"turns":4},{"damage":80,"enemies":"The Guardian","floor":16,"turns":8}],"seed_played":"485189847610321721","potions_obtained":[{"floor":1,"key":"Dexterity Potion"},{"floor":6,"key":"BloodPotion"},{"floor":11,"key":"AttackPotion"},{"floor":14,"key":"Swift Potion"}],"is_trial":false,"path_per_floor":["M","M","$","?","?","M","?","$","T","R","M","M","?","M","R","B"],"character_chosen":"IRONCLAD","items_purchased":["Corruption","Exhume","Anger"],"campfire_rested":0,"item_purchase_floors":[3,8,8],"current_hp_per_floor":[67,70,70,63,52,58,58,58,58,58,64,70,70,72,72,0],"gold":166,"neow_bonus":"TRANSFORM_TWO_CARDS","is_prod":false,"is_daily":false,"chose_seed":false,"campfire_upgraded":2,"win_rate":0,"timestamp":1548615053,"path_taken":["M","M","$","?","?","M","?","$","T","R","M","?","?","?","R","BOSS"],"build_version":"2019-01-23","purchased_purges":0,"victory":false,"max_hp_per_floor":[72,72,72,72,72,72,72,72,72,72,72,72,72,72,72,72],"card_choices":[{"not_picked":["Inflame","Infernal Blade"],"picked":"Burning Pact","floor":1},{"not_picked":["Sword Boomerang","Warcry"],"picked":"Iron Wave","floor":2},{"not_picked":["Carnage","True Grit","Heavy Blade"],"picked":"SKIP","floor":6},{"not_picked":["Power Through","Perfected Strike"],"picked":"Shrug It Off","floor":11},{"not_picked":["Iron Wave","Rupture"],"picked":"Brutality","floor":12},{"not_picked":["Anger","Headbutt"],"picked":"Fire Breathing","floor":14}],"player_experience":96748,"relics_obtained":[{"floor":9,"key":"Kunai"}],"event_choices":[{"cards_removed":["Strike_R"],"damage_healed":0,"gold_gain":0,"player_choice":"Card Removal","damage_taken":7,"max_hp_gain":0,"max_hp_loss":0,"event_name":"Golden Wing","floor":4,"gold_loss":0},{"damage_healed":0,"gold_gain":75,"player_choice":"Gather Gold","damage_taken":11,"max_hp_gain":0,"max_hp_loss":0,"event_name":"World of Goop","floor":5,"gold_loss":0},{"damage_healed":0,"gold_gain":100,"player_choice":"Pray","damage_taken":0,"max_hp_gain":0,"max_hp_loss":0,"event_name":"Golden Shrine","floor":7,"gold_loss":0},{"damage_healed":0,"gold_gain":0,"player_choice":"0 cards matched","damage_taken":0,"max_hp_gain":0,"max_hp_loss":0,"event_name":"Match and Keep!","floor":13,"gold_loss":0,"cards_obtained":[]}],"is_beta":false,"boss_relics":[],"items_purged_floors":[],"is_endless":false,"potions_floor_spawned":[1,6,11,14],"killed_by":"The Guardian","ascension_level":0}