{"path_per_floor":["M","?","M","?","M","R","M","M","T","M","R","?","R","E","R","B",null,"M","?","M","M","M","R","M","R","T","R","T","R","E","M","R","B",null,"M","M","M","?","?","E","R","M","T","M","R","$","M","M","R"],"character_chosen":"THE_SILENT","items_purchased":["Tough Bandages","Leg Sweep","Footwork"],"gold_per_floor":[110,110,120,120,130,130,144,162,162,176,176,147,147,180,180,276,276,294,294,304,324,343,343,362,362,362,362,362,362,392,403,403,504,504,518,534,552,598,598,629,629,643,643,654,654,175,194,204,204,204],"floor_reached":50,"campfire_rested":5,"playtime":2842,"current_hp_per_floor":[67,53,53,53,53,53,37,29,29,25,25,25,46,43,43,30,70,42,42,40,28,23,44,32,32,32,32,32,53,64,52,52,2,84,75,66,66,37,73,32,53,56,56,34,55,55,55,40,40,0],"items_purged":["Decay"],"gold":204,"score":548,"play_id":"d6635ff3-3aff-4d1e-95f1-b34ac8bb6c58","local_time":"20180420224728","is_prod":false,"is_daily":false,"chose_seed":false,"is_ascension_mode":false,"campfire_upgraded":7,"timestamp":1524257248,"path_taken":["M","?","M","?","M","R","M","?","T","?","R","?","R","E","R","BOSS","M","?","M","?","M","R","M","R","T","R","?","R","E","M","R","BOSS","M","M","M","?","?","E","R","M","T","M","R","$","?","M","R","BOSS"],"build_version":"2018-04-19","seed_source_timestamp":12566000400283,"purchased_purges":1,"victory":false,"master_deck":["Survivor","Neutralize+1","Prepared+1","Terror","Dodge and Roll+1","Calculated Gamble+1","Eviscerate+1","Concentrate+1","Slice","Flying Knee","Quick Slash","Footwork+1","Deflect","Die Die Die","Jack Of All Trades","Dagger Spray+1","Blur","Sucker Punch+1","Backflip","Doppelganger","Deflect","Deflect+1","Slice+1","Backflip+1","Underhanded Strike+1","Injury","All Out Attack+1","Caltrops+1","Venomology","Escape Plan+1","Malaise+1","Eviscerate+1","Cloak And Dagger+1","Deflect+1","Parasite","Leg Sweep+1","Footwork","Bullet Time","Leg Sweep"],"max_hp_per_floor":[70,70,70,70,70,70,70,70,70,70,70,70,70,70,70,70,70,70,70,70,70,70,70,70,70,70,70,70,70,84,84,84,84,84,84,84,84,84,73,73,73,73,73,73,73,73,73,73,73,73],"relics":["Pandora\u0027s Box","Molten Egg 2","Dream Catcher","Cursed Key","Mercury Hourglass","Pantograph","Mango","Philosopher\u0027s Stone","Gambling Chip","Orichalcum","War Paint","Tough Bandages"],"card_choices":[{"not_picked":["Quick Slash","Deadly Poison"],"picked":"Footwork","floor":1},{"not_picked":["Slice","Flying Knee"],"picked":"Deflect","floor":3},{"not_picked":["Underhanded Strike","Endless Agony"],"picked":"Dagger Spray","floor":5},{"not_picked":["Unload","Backflip"],"picked":"Blur","floor":7},{"not_picked":["Riddle With Holes","Endless Agony"],"picked":"Sucker Punch","floor":8},{"not_picked":["Prepared","Dagger Spray"],"picked":"Backflip","floor":10},{"not_picked":["Phantasmal Killer","Night Terror"],"picked":"Doppelganger","floor":16},{"not_picked":["Concentrate","All Out Attack"],"picked":"Deflect","floor":18},{"not_picked":["Flying Knee","Deadly Poison"],"picked":"Deflect","floor":20},{"not_picked":["Reflex","Caltrops"],"picked":"Slice","floor":21},{"not_picked":["Sucker Punch","Deadly Poison"],"picked":"Backflip","floor":22},{"not_picked":["Escape Plan","Grand Finale"],"picked":"Underhanded Strike","floor":23},{"not_picked":["Deflect","Footwork"],"picked":"All Out Attack","floor":29},{"not_picked":["Backflip","Sucker Punch"],"picked":"Caltrops","floor":30},{"not_picked":["Night Terror","Burst"],"picked":"Venomology","floor":33},{"not_picked":["Quick Slash","Sucker Punch"],"picked":"Escape Plan","floor":35},{"not_picked":["Skewer","Well Laid Plans"],"picked":"Malaise","floor":36},{"not_picked":["Distraction","Infinite Blades"],"picked":"Eviscerate","floor":38},{"not_picked":["Choke","Bouncing Flask"],"picked":"Cloak And Dagger","floor":40},{"not_picked":["Distraction","Catalyst"],"picked":"Deflect","floor":42},{"not_picked":["Outmaneuver","Calculated Gamble"],"picked":"Bullet Time","floor":47},{"not_picked":["Poisoned Stab","Slice"],"picked":"Leg Sweep","floor":48}],"player_experience":497768,"potions_floor_usage":[8,14,14,22,22,30,35,38,38,38,42,47,50,50,50],"damage_taken":[{"damage":3,"enemies":"Jaw Worm","floor":1,"turns":3},{"damage":0,"enemies":"2 Louse","floor":3,"turns":2},{"damage":0,"enemies":"Small Slimes","floor":5,"turns":3},{"damage":16,"enemies":"Exordium Wildlife","floor":7,"turns":4},{"damage":8,"enemies":"Lots of Slimes","floor":8,"turns":2},{"damage":4,"enemies":"Looter","floor":10,"turns":2},{"damage":3,"enemies":"Lagavulin","floor":14,"turns":4},{"damage":13,"enemies":"Slime Boss","floor":16,"turns":7},{"damage":28,"enemies":"2 Thieves","floor":18,"turns":4},{"damage":2,"enemies":"Shell Parasite","floor":20,"turns":7},{"damage":12,"enemies":"Centurion and Healer","floor":21,"turns":7},{"damage":5,"enemies":"Sentry and Sphere","floor":22,"turns":7},{"damage":12,"enemies":"Cultist and Chosen","floor":24,"turns":7},{"damage":3,"enemies":"Gremlin Leader","floor":30,"turns":5},{"damage":12,"enemies":"Snake Plant","floor":31,"turns":4},{"damage":75,"enemies":"Collector","floor":33,"turns":13},{"damage":9,"enemies":"3 Shapes","floor":35,"turns":2},{"damage":9,"enemies":"Orb Walker","floor":36,"turns":3},{"damage":0,"enemies":"Maw","floor":37,"turns":8},{"damage":41,"enemies":"Sphère mystérieuse","floor":38,"turns":6},{"damage":41,"enemies":"2 Orb Walkers","floor":40,"turns":5},{"damage":12,"enemies":"4 Shapes","floor":42,"turns":7},{"damage":22,"enemies":"Sphere and 2 Shapes","floor":44,"turns":6},{"damage":0,"enemies":"Maw","floor":47,"turns":7},{"damage":19,"enemies":"3 Darklings","floor":48,"turns":4},{"damage":70,"enemies":"Time Eater","floor":50,"turns":13}],"event_choices":[{"event_name":"Shining Light","player_choice":"Entered Light","floor":2,"damage_taken":0},{"event_name":"Match and Keep!","player_choice":"2 cards matched","floor":4,"damage_taken":0},{"event_name":"World of Goop","player_choice":"Left","floor":12,"damage_taken":0},{"event_name":"Purifier","player_choice":"One Purge","floor":19,"damage_taken":0},{"event_name":"Mysterious Sphere","player_choice":"Fight","floor":38,"damage_taken":0},{"event_name":"The Moai Head","player_choice":"Heal","floor":39,"damage_taken":0}],"boss_relics":[{"not_picked":["Tiny House","Lizard Tail"],"picked":"Cursed Key"},{"not_picked":["Sozu","Snecko Eye"],"picked":"Philosopher\u0027s Stone"}],"potions_floor_spawned":[3,5,10,18,20,22,36,37,40,48],"seed_played":"3835659947665967190","killed_by":"Time Eater","ascension_level":0,"is_trial":false}