{"path_per_floor":["M","?","$","M","M","R","M","R","T","M","E","R","?","?","R"],"character_chosen":"THE_SILENT","items_purchased":[],"gold_per_floor":[113,113,38,52,69,69,88,88,157,168,203,203,203,168,168,168],"floor_reached":16,"campfire_rested":0,"playtime":423,"current_hp_per_floor":[70,70,70,70,70,70,68,68,68,68,45,45,27,44,44,0],"items_purged":["Strike_G"],"gold":168,"score":100,"play_id":"5ddf22f7-7bff-4df2-90b5-8375502549c4","local_time":"20180416222101","is_prod":false,"is_daily":false,"chose_seed":false,"is_ascension_mode":false,"campfire_upgraded":4,"timestamp":1523910061,"path_taken":["M","?","$","M","M","R","M","R","T","M","E","R","?","?","R","BOSS"],"build_version":"2018-04-12","seed_source_timestamp":15087927019942,"purchased_purges":1,"victory":false,"master_deck":["Defend_G","Defend_G","Defend_G","Defend_G","Defend_G","Strike_G","Strike_G+1","Strike_G","Strike_G+1","Survivor","Neutralize+1","Backstab","Dagger Spray+1","Flying Knee+1","Deflect","Dodge and Roll+1","PiercingWail"],"max_hp_per_floor":[70,70,70,70,70,70,70,70,70,70,70,70,70,70,70,70],"relics":["Ring of the Snake","Whetstone","Ornamental Fan","Centennial Puzzle","Pen Nib"],"card_choices":[{"not_picked":["Acrobatics","Flying Knee"],"picked":"Backstab","floor":1},{"not_picked":["Masterful Stab","Eviscerate"],"picked":"Dagger Spray","floor":4},{"not_picked":["Cloak And Dagger","PiercingWail"],"picked":"Flying Knee","floor":5},{"not_picked":["Distraction","Underhanded Strike"],"picked":"Deflect","floor":7},{"not_picked":["Deflect","Accuracy"],"picked":"Dodge and Roll","floor":10},{"not_picked":["Dodge and Roll","Heel Hook"],"picked":"PiercingWail","floor":11}],"player_experience":449605,"potions_floor_usage":[11],"damage_taken":[{"damage":0,"enemies":"2 Louse","floor":1,"turns":2},{"damage":0,"enemies":"Small Slimes","floor":4,"turns":3},{"damage":0,"enemies":"Jaw Worm","floor":5,"turns":2},{"damage":2,"enemies":"Exordium Wildlife","floor":7,"turns":5},{"damage":0,"enemies":"Gremlin Gang","floor":10,"turns":3},{"damage":23,"enemies":"Lagavulin","floor":11,"turns":7},{"damage":52,"enemies":"Slime Boss","floor":16,"turns":8}],"event_choices":[{"event_name":"Liars Game","player_choice":"disagreed","floor":2,"damage_taken":0},{"event_name":"Scrap Ooze","player_choice":"success","floor":13,"damage_taken":18},{"event_name":"The Cleric","player_choice":"Healed","floor":14,"damage_taken":0}],"boss_relics":[],"potions_floor_spawned":[4,5],"seed_played":"6361057082374506530","killed_by":"Slime Boss","ascension_level":0,"is_trial":false}