{"path_per_floor":["M","M","?","M","M","R","E","?","T","R","M","?","M","$","R"],"character_chosen":"THE_SILENT","items_purchased":["Anchor"],"gold_per_floor":[113,126,126,144,167,167,198,198,198,198,221,221,245,19,19,19],"floor_reached":16,"campfire_rested":1,"playtime":506,"current_hp_per_floor":[67,62,45,44,42,42,31,19,19,19,19,24,22,22,44,0],"items_purged":["Strike_G"],"gold":19,"score":102,"play_id":"6447148b-3ac2-4706-adb6-ee10ec05dfbc","local_time":"20180422181909","is_prod":false,"is_daily":false,"chose_seed":false,"is_ascension_mode":false,"campfire_upgraded":2,"timestamp":1524413949,"path_taken":["M","M","?","M","M","R","E","?","T","R","?","?","M","$","R","BOSS"],"build_version":"2018-04-19","seed_source_timestamp":3668453122350,"purchased_purges":1,"victory":false,"master_deck":["Defend_G","Defend_G","Defend_G","Defend_G","Defend_G","Strike_G","Strike_G","Strike_G","Strike_G","Survivor","Neutralize","Predator+1","Slice","Dagger Throw+1","Noxious Fumes","Backstab","Dash","Backflip"],"max_hp_per_floor":[70,70,70,70,70,70,70,70,70,70,70,75,75,75,75,75],"relics":["Ring of the Snake","Golden Idol","Darkstone Periapt","Oddly Smooth Stone","Ninja Scroll","Anchor"],"card_choices":[{"not_picked":["Deadly Poison","Underhanded Strike"],"picked":"Predator","floor":0},{"not_picked":["Acrobatics","Well Laid Plans"],"picked":"Slice","floor":1},{"not_picked":["Underhanded Strike","Outmaneuver"],"picked":"Dagger Throw","floor":2},{"not_picked":["Poisoned Stab","Dagger Throw"],"picked":"Noxious Fumes","floor":4},{"not_picked":["Outmaneuver","Well Laid Plans"],"picked":"Backstab","floor":5},{"not_picked":["Sucker Punch","Noxious Fumes"],"picked":"Dash","floor":11},{"not_picked":["Bane","Catalyst"],"picked":"Backflip","floor":13}],"player_experience":513700,"potions_floor_usage":[11],"damage_taken":[{"damage":3,"enemies":"Jaw Worm","floor":1,"turns":3},{"damage":5,"enemies":"Small Slimes","floor":2,"turns":3},{"damage":1,"enemies":"2 Louse","floor":4,"turns":2},{"damage":2,"enemies":"Blue Slaver","floor":5,"turns":5},{"damage":11,"enemies":"3 Sentries","floor":7,"turns":6},{"damage":0,"enemies":"Red Slaver","floor":11,"turns":1},{"damage":2,"enemies":"Gremlin Gang","floor":13,"turns":4},{"damage":44,"enemies":"Slime Boss","floor":16,"turns":9}],"event_choices":[{"event_name":"Golden Idol","player_choice":"Take Damage","floor":3,"damage_taken":0},{"event_name":"Scrap Ooze","player_choice":"success","floor":8,"damage_taken":12},{"event_name":"Big Fish","player_choice":"Donut","floor":12,"damage_taken":0}],"boss_relics":[],"potions_floor_spawned":[4,7],"seed_played":"7723173799365949985","killed_by":"Slime Boss","ascension_level":0,"is_trial":false}