{"gold_per_floor":[114,114,129,129,144,144,319,319,369,147,177,192,222,72,72,172,172,187,110,110,135,60,60,75,75,75,90,120,47,23,38,38,138,138,153,175,175,190,100,100,115,130,155,170,170,185,200,200,200,200],"floor_reached":51,"playtime":2052,"items_purged":[],"score":1173,"play_id":"124b4fae-4693-437d-997c-b6bc4cd81093","local_time":"20180715220524","daily_mods":["Brewmaster","Cursed Run","Hoarder"],"is_ascension_mode":false,"campfire_choices":[{"data":"Footwork","floor":6.0,"key":"SMITH"},{"data":"Footwork","floor":8.0,"key":"SMITH"},{"data":"Wraith Form v2","floor":15.0,"key":"SMITH"},{"data":"After Image","floor":23.0,"key":"SMITH"},{"data":"After Image","floor":25.0,"key":"SMITH"},{"floor":32.0,"key":"DIG"},{"floor":40.0,"key":"DIG"},{"floor":45.0,"key":"DIG"},{"floor":49.0,"key":"DIG"}],"neow_cost":"","seed_source_timestamp":0,"circlet_count":0,"master_deck":["Defend_G","Defend_G","Defend_G","Defend_G","Defend_G","Strike_G","Strike_G","Strike_G","Strike_G","Strike_G","Survivor","Neutralize","Venomology","Venomology","Venomology","Venomology","Venomology","Venomology","Venomology","Venomology","Venomology","Venomology","Venomology","Venomology","Venomology","Venomology","Venomology","Flying Knee","Flying Knee","Flying Knee","Footwork+1","Footwork+1","Footwork","Footwork","Footwork","Footwork","Doubt","Doubt","Doubt","Parasite","Parasite","Parasite","Bandage Up","Bandage Up","Bandage Up","Deflect","Deflect","Deflect","Endless Agony","Endless Agony","Endless Agony","Backstab","Backstab","Backstab","Deadly Poison","Deadly Poison","Deadly Poison","Wraith Form v2+1","Wraith Form v2","Wraith Form v2","Parasite","Parasite","Parasite","After Image","After Image+1","After Image+1","Noxious Fumes","Noxious Fumes","Noxious Fumes","J.A.X.","J.A.X.","J.A.X.","Ghostly","Ghostly","Ghostly","Ghostly","Ghostly","Ghostly","Ghostly","Ghostly","Ghostly","Ghostly","Ghostly","Ghostly","Ghostly","Ghostly","Ghostly","Writhe","Writhe","Backflip","Backflip","Backflip","Pain","Pain","Pain","Infinite Blades","Infinite Blades","Infinite Blades","Dagger Spray","Dagger Spray","Dagger Spray","Footwork","Footwork","Footwork","Backflip","Backflip","Backflip","Distraction","Distraction","Distraction","Decay","Decay","Decay","Die Die Die","Die Die Die","Die Die Die","Dagger Spray+1","Dagger Spray+1","Dagger Spray+1","Predator+1","Predator+1","Predator+1","Noxious Fumes","Noxious Fumes","Noxious Fumes","Footwork","Footwork","Footwork","Backflip","Backflip","Backflip","Dagger Throw+1","Dagger Throw+1","Dagger Throw+1","Regret","Regret","Regret","Bane","Bane","Bane","Dash+1","Dash+1","Dash+1","Regret","Regret","Regret"],"special_seed":17728,"relics":["Cursed Key","Darkstone Periapt","Du-Vu Doll","White Beast Statue","Dodecahedron","GremlinMask","Potion Belt","Boot","Orichalcum","Juzu Bracelet","Snecko Eye","Bag of Preparation","Art of War","Red Mask","Shovel","Gremlin Horn","Velvet Choker","Thread and Needle","Centennial Puzzle","Oddly Smooth Stone","Snake Skull","Matryoshka"],"potions_floor_usage":[50,50,50,50,50,50,50],"damage_taken":[{"damage":4.0,"enemies":"Jaw Worm","floor":1.0,"turns":5.0},{"damage":0.0,"enemies":"2 Louse","floor":3.0,"turns":1.0},{"damage":0.0,"enemies":"Cultist","floor":5.0,"turns":3.0},{"damage":13.0,"enemies":"Lagavulin","floor":11.0,"turns":4.0},{"damage":5.0,"enemies":"Blue Slaver","floor":12.0,"turns":4.0},{"damage":0.0,"enemies":"Gremlin Nob","floor":13.0,"turns":2.0},{"damage":36.0,"enemies":"Hexaghost","floor":16.0,"turns":9.0},{"damage":0.0,"enemies":"Shell Parasite","floor":18.0,"turns":1.0},{"damage":29.0,"enemies":"3 Byrds","floor":24.0,"turns":7.0},{"damage":0.0,"floor":27.0,"turns":5.0},{"damage":2.0,"enemies":"Slavers","floor":28.0,"turns":7.0},{"damage":2.0,"enemies":"Centurion and Healer","floor":31.0,"turns":8.0},{"damage":3.0,"enemies":"Collector","floor":33.0,"turns":4.0},{"damage":4.0,"enemies":"Orb Walker","floor":35.0,"turns":3.0},{"damage":4.0,"floor":36.0,"turns":3.0},{"damage":4.0,"enemies":"Flame Bruiser 1 Orb","floor":38.0,"turns":4.0},{"damage":7.0,"enemies":"Maw","floor":41.0,"turns":8.0},{"damage":2.0,"enemies":"Transient","floor":42.0,"turns":5.0},{"damage":0.0,"enemies":"3 Darklings","floor":44.0,"turns":3.0},{"damage":0.0,"enemies":"Flame Bruiser 2 Orb","floor":46.0,"turns":3.0},{"damage":0.0,"enemies":"Spire Growth","floor":47.0,"turns":2.0},{"damage":16,"enemies":"Awakened One","floor":50,"turns":13}],"seed_played":"-2205032152784244808","potions_obtained":[{"floor":1.0,"key":"Weak Potion"},{"floor":3.0,"key":"EssenceOfSteel"},{"floor":5.0,"key":"Strength Potion"},{"floor":12.0,"key":"Strength Potion"},{"floor":13.0,"key":"GamblersBrew"},{"floor":16.0,"key":"AttackPotion"},{"floor":18.0,"key":"AttackPotion"},{"floor":24.0,"key":"FearPotion"},{"floor":33.0,"key":"Ancient Potion"},{"floor":35.0,"key":"Block Potion"},{"floor":36.0,"key":"SpeedPotion"},{"floor":38.0,"key":"Fruit Juice"},{"floor":44.0,"key":"SkillPotion"},{"floor":47.0,"key":"Swift Potion"}],"is_trial":false,"path_per_floor":["M","?","M","?","M","R","?","R","T","$","E","M","E","$","R","B",null,"M","?","?","T","?","R","M","R","T","?","E","$","$","M","R","B",null,"M","?","?","M","$","R","M","M","T","M","R","M","M","$","R","B"],"character_chosen":"THE_SILENT","items_purchased":["Bandage Up","Deflect","Endless Agony","Juzu Bracelet","Footwork","Backflip","Footwork","Backflip"],"campfire_rested":0,"item_purchase_floors":[10,10,10,14,29,30,39,39],"current_hp_per_floor":[66,63,63,63,70,70,76,76,82,82,69,76,76,76,76,50,88,88,88,44,50,50,50,28,28,34,38,40,40,40,38,38,41,62,62,58,58,54,54,54,64,62,68,68,68,68,68,68,68,66],"gold":200,"neow_bonus":"","is_prod":false,"is_daily":true,"chose_seed":false,"campfire_upgraded":5,"win_rate":0,"timestamp":1531717524,"path_taken":["M","?","M","?","M","R","?","R","T","$","E","M","E","?","R","BOSS","M","?","?","?","?","R","M","R","T","?","E","?","$","M","R","BOSS","M","?","?","M","$","R","M","M","T","M","R","M","M","$","R","BOSS"],"build_version":"2018-07-13","purchased_purges":0,"victory":true,"max_hp_per_floor":[70,70,70,70,70,70,76,76,82,82,82,82,82,82,82,88,88,88,88,44,50,50,50,50,50,56,56,56,56,56,56,56,62,62,62,62,62,62,62,62,67,67,73,73,73,73,73,73,73,79],"card_choices":[{"not_picked":["Expertise","Slice"],"picked":"Flying Knee","floor":1.0},{"not_picked":["Quick Slash","Blur"],"picked":"Footwork","floor":3.0},{"not_picked":["Skewer","Finisher"],"picked":"Footwork","floor":5.0},{"not_picked":["Calculated Gamble","Sucker Punch"],"picked":"Backstab","floor":11.0},{"not_picked":["Bane","Cloak And Dagger"],"picked":"Deadly Poison","floor":12.0},{"not_picked":["Dodge and Roll","Bane"],"picked":"Wraith Form v2","floor":13.0},{"not_picked":["Envenom","Night Terror"],"picked":"After Image","floor":16.0},{"not_picked":["Quick Slash","Backstab"],"picked":"Noxious Fumes","floor":18.0},{"not_picked":["All Out Attack","Deflect"],"picked":"Backflip","floor":24.0},{"not_picked":["Deadly Poison","Sucker Punch"],"picked":"Infinite Blades","floor":27.0},{"not_picked":["Venomology","Dodge and Roll+1"],"picked":"Dagger Spray","floor":28.0},{"not_picked":["Bane","Deadly Poison"],"picked":"Distraction","floor":31.0},{"not_picked":["Phantasmal Killer","Storm of Steel"],"picked":"Die Die Die","floor":33.0},{"not_picked":["Underhanded Strike","Dash"],"picked":"Dagger Spray+1","floor":35.0},{"not_picked":["Well Laid Plans+1","Concentrate+1"],"picked":"Predator+1","floor":36.0},{"not_picked":["Poisoned Stab","Masterful Stab"],"picked":"Noxious Fumes","floor":38.0},{"not_picked":["Backstab","Flying Knee+1"],"picked":"Dagger Throw+1","floor":42.0},{"not_picked":["Heel Hook","Underhanded Strike"],"picked":"Bane","floor":44.0},{"not_picked":["Acrobatics","Backflip+1"],"picked":"Dash+1","floor":47.0}],"player_experience":650541,"relics_obtained":[{"floor":9.0,"key":"Potion Belt"},{"floor":11.0,"key":"Boot"},{"floor":13.0,"key":"Orichalcum"},{"floor":21.0,"key":"Bag of Preparation"},{"floor":26.0,"key":"Art of War"},{"floor":27.0,"key":"Red Mask"},{"floor":28.0,"key":"Shovel"},{"floor":32.0,"key":"Gremlin Horn"},{"floor":36.0,"key":"Thread and Needle"},{"floor":40.0,"key":"Centennial Puzzle"},{"floor":43.0,"key":"Oddly Smooth Stone"},{"floor":45.0,"key":"Snake Skull"},{"floor":49.0,"key":"Matryoshka"}],"event_choices":[{"event_name":"Scrap Ooze","player_choice":"success","floor":2.0,"damage_taken":3.0},{"event_name":"FaceTrader","player_choice":"Trade","floor":4.0,"damage_taken":0.0},{"event_name":"Liars Game","player_choice":"agreed","floor":7.0,"damage_taken":0.0},{"event_name":"Drug Dealer","player_choice":"Got JAXXED","floor":19.0,"damage_taken":0.0},{"event_name":"Ghosts","player_choice":"Became a Ghost","floor":20.0,"damage_taken":0.0},{"event_name":"Beggar","player_choice":"Gave Gold","floor":22.0,"damage_taken":0.0},{"event_name":"Masked Bandits","player_choice":"Fought over 75 gold","floor":27.0,"damage_taken":0.0},{"event_name":"Mysterious Sphere","player_choice":"Fight","floor":36.0,"damage_taken":0.0},{"event_name":"Fountain of Cleansing","player_choice":"Ignored","floor":37.0,"damage_taken":0.0}],"boss_relics":[{"not_picked":["Tiny House","Black Star"],"picked":"Snecko Eye"},{"not_picked":["Sozu","Lizard Tail"],"picked":"Velvet Choker"}],"items_purged_floors":[],"is_endless":false,"potions_floor_spawned":[1,3,5,11,12,13,16,18,24,27,28,31,33,35,36,38,41,42,44,46,47],"ascension_level":0}