{"gold_per_floor":[111,111,40,40,58,58,58,77,77,2,22,22,42,54,54,156,156],"floor_reached":17,"playtime":195,"items_purged":["Defend_R"],"score":197,"play_id":"8bf19d47-93f2-4a13-a0da-0779b601c25e","local_time":"20180728233412","is_ascension_mode":false,"campfire_choices":[{"data":"Pummel","floor":6,"key":"SMITH"},{"data":"Immolate","floor":12,"key":"SMITH"},{"floor":15,"key":"REST"}],"neow_cost":"","seed_source_timestamp":374378030557932,"circlet_count":0,"master_deck":["Strike_R","Strike_R","Strike_R","Strike_R","Strike_R","Defend_R","Defend_R+1","Bash+1","Disarm","Pummel+1","Twin Strike","Immolate+1","Inflame","Offering","Infernal Blade","Reaper","Flex","Perfected Strike","Immolate","Whirlwind","Perfected Strike"],"relics":["Burning Blood","Gremlin Horn","Orrery"],"potions_floor_usage":[],"damage_taken":[{"damage":11,"enemies":"Jaw Worm","floor":1,"turns":2},{"damage":6,"enemies":"Cultist","floor":5,"turns":3},{"damage":0,"enemies":"2 Louse","floor":8,"turns":2},{"damage":10,"enemies":"Looter","floor":11,"turns":2},{"damage":10,"enemies":"Blue Slaver","floor":13,"turns":2},{"damage":5,"enemies":"Lots of Slimes","floor":14,"turns":1},{"damage":5,"enemies":"Slime Boss","floor":16,"turns":4}],"seed_played":"583026478994554475","potions_obtained":[{"floor":1,"key":"Explosive Potion"},{"floor":8,"key":"BloodPotion"},{"floor":11,"key":"Ancient Potion"}],"is_trial":false,"path_per_floor":["M","?","$","?","M","R","?","M","T","$","M","R","M","M","R","B"],"character_chosen":"IRONCLAD","items_purchased":["Pummel"],"campfire_rested":1,"item_purchase_floors":[3],"current_hp_per_floor":[75,75,75,59,59,59,59,65,65,65,61,61,57,58,80,80,80],"gold":156,"neow_bonus":"","is_prod":false,"is_daily":false,"chose_seed":false,"campfire_upgraded":2,"win_rate":0,"timestamp":1532846052,"path_taken":["M","?","$","?","M","R","?","?","T","$","?","R","M","M","R","BOSS"],"build_version":"2018-07-26","purchased_purges":1,"victory":false,"max_hp_per_floor":[80,80,80,80,80,80,80,80,80,80,80,80,80,80,80,80,80],"card_choices":[{"not_picked":["Uppercut","Sword Boomerang"],"picked":"Disarm","floor":1},{"not_picked":["Clothesline","Reckless Charge"],"picked":"Twin Strike","floor":5},{"not_picked":["True Grit","Pommel Strike"],"picked":"Inflame","floor":11},{"not_picked":["Headbutt","Sentinel"],"picked":"Offering","floor":13},{"not_picked":["Entrench","Clothesline"],"picked":"Infernal Blade","floor":14},{"not_picked":["Impervious","Barricade"],"picked":"Reaper","floor":16},{"not_picked":["Combust","Anger"],"picked":"Flex","floor":17},{"not_picked":["Dual Wield","Body Slam"],"picked":"Perfected Strike","floor":17},{"not_picked":["Pummel","Heavy Blade"],"picked":"Immolate","floor":17},{"not_picked":["Pommel Strike","Heavy Blade"],"picked":"Whirlwind","floor":17},{"not_picked":["Second Wind","Pommel Strike"],"picked":"Perfected Strike","floor":17}],"player_experience":704210,"relics_obtained":[{"floor":9,"key":"Gremlin Horn"}],"event_choices":[{"event_name":"Bonfire Elementals","player_choice":"BASIC","floor":2,"damage_taken":0},{"event_name":"Shining Light","player_choice":"Entered Light","floor":4,"damage_taken":0},{"event_name":"Match and Keep!","player_choice":"1 cards matched","floor":7,"damage_taken":0}],"is_beta":true,"boss_relics":[{"not_picked":["Runic Cube","Eternal Feather"],"picked":"Orrery"}],"items_purged_floors":[10],"is_endless":false,"potions_floor_spawned":[1,8,11,13,16],"ascension_level":0}