{"gold_per_floor":[368,66,76,93,113,113,127,146,146,156,156,167,242,257,257,353,403,420,89,89,4,15,15],"floor_reached":23,"playtime":2220,"items_purged":["Normality","Defend_B"],"score":187,"play_id":"46101a0e-3c43-49d9-a186-b7fa4b69c8f6","local_time":"20190111135558","is_ascension_mode":false,"campfire_choices":[{"data":"Genetic Algorithm","floor":6,"key":"SMITH"},{"data":"Sunder","floor":15,"key":"SMITH"}],"neow_cost":"CURSE","seed_source_timestamp":419391283781472,"circlet_count":0,"master_deck":["Strike_B","Strike_B","Defend_B","Defend_B","Zap","Dualcast","Self Repair","Sunder+1","Turbo","Sweeping Beam","Self Repair","Heatsinks","Genetic Algorithm+1","Undo","Double Energy","Sweeping Beam","Coolheaded","Go for the Eyes","Buffer+1","Conserve Battery","Thunder Strike+1","Redo","Stack+1","Capacitor+1","Doom and Gloom","Capacitor+1","Leap"],"relics":["Cracked Core","Frozen Egg 2","Tiny House","ClockworkSouvenir","Smiling Mask"],"potions_floor_usage":[7,16,16,16,18,22,22,23],"damage_taken":[{"damage":8,"enemies":"Small Slimes","floor":1,"turns":3},{"damage":6,"enemies":"Jaw Worm","floor":3,"turns":4},{"damage":0,"enemies":"2 Louse","floor":4,"turns":2},{"damage":13,"enemies":"Blue Slaver","floor":5,"turns":3},{"damage":9,"enemies":"2 Fungi Beasts","floor":7,"turns":2},{"damage":18,"enemies":"Large Slime","floor":8,"turns":6},{"damage":7,"enemies":"Blue Slaver","floor":10,"turns":4},{"damage":0,"enemies":"Exordium Wildlife","floor":12,"turns":2},{"damage":0,"enemies":"Red Slaver","floor":14,"turns":4},{"damage":55,"enemies":"Hexaghost","floor":16,"turns":15},{"damage":29,"enemies":"Chosen","floor":18,"turns":7},{"damage":24,"enemies":"Spheric Guardian","floor":22,"turns":12},{"damage":72,"enemies":"Gremlin Leader","floor":23,"turns":9}],"seed_played":"-8894427781143729237","potions_obtained":[{"floor":3,"key":"PowerPotion"},{"floor":7,"key":"EssenceOfSteel"},{"floor":10,"key":"SkillPotion"},{"floor":12,"key":"SteroidPotion"},{"floor":14,"key":"Fire Potion"},{"floor":16,"key":"Weak Potion"},{"floor":17,"key":"AttackPotion"},{"floor":18,"key":"Explosive Potion"},{"floor":22,"key":"Weak Potion"}],"is_trial":false,"path_per_floor":["M","$","M","M","M","R","M","M","T","M","?","M","?","M","R","B",null,"M","$","?","?","M","E"],"character_chosen":"DEFECT","items_purchased":["Sunder","Turbo","Sweeping Beam","Self Repair","ClockworkSouvenir","Capacitor+1"],"campfire_rested":0,"item_purchase_floors":[2,2,2,2,19,19],"current_hp_per_floor":[67,67,68,68,62,62,60,56,56,63,63,63,52,66,66,11,80,65,65,65,65,55,0],"gold":15,"neow_bonus":"TWO_FIFTY_GOLD","is_prod":false,"is_daily":false,"chose_seed":false,"campfire_upgraded":2,"win_rate":0,"timestamp":1547168158,"path_taken":["M","$","M","M","M","R","M","M","T","M","?","M","?","M","R","BOSS","M","$","?","?","M","E"],"build_version":"2019-01-03v4","purchased_purges":2,"victory":false,"max_hp_per_floor":[75,75,75,75,75,75,75,75,75,75,75,75,75,75,75,75,80,80,80,80,80,80,80],"card_choices":[{"not_picked":["Turbo","Double Energy"],"picked":"Self Repair","floor":1},{"not_picked":["Go for the Eyes","Hologram"],"picked":"Heatsinks","floor":3},{"not_picked":["Defragment","Beam Cell"],"picked":"Genetic Algorithm","floor":4},{"not_picked":["Hologram","Force Field"],"picked":"Undo","floor":5},{"not_picked":["Force Field","Barrage"],"picked":"Double Energy","floor":7},{"not_picked":["Compile Driver","Force Field"],"picked":"Sweeping Beam","floor":8},{"not_picked":["Sweeping Beam","Streamline"],"picked":"Coolheaded","floor":10},{"not_picked":["Reinforced Body","Leap"],"picked":"Buffer+1","floor":12},{"not_picked":["Gash","Turbo"],"picked":"Conserve Battery","floor":14},{"not_picked":["Hyperbeam","Amplify"],"picked":"Thunder Strike","floor":16},{"not_picked":["Blizzard","Steam"],"picked":"Redo","floor":17},{"not_picked":["Beam Cell","Compile Driver"],"picked":"Stack+1","floor":18},{"not_picked":["Turbo","Beam Cell+1"],"picked":"Leap","floor":22}],"player_experience":563268,"relics_obtained":[{"floor":9,"key":"Frozen Egg 2"}],"event_choices":[{"damage_healed":0,"gold_gain":0,"cards_transformed":["Strike_B"],"player_choice":"Change","damage_taken":0,"max_hp_gain":0,"max_hp_loss":0,"event_name":"Living Wall","floor":11,"gold_loss":0,"cards_obtained":["Go for the Eyes"]},{"damage_healed":0,"gold_gain":75,"player_choice":"Gather Gold","damage_taken":11,"max_hp_gain":0,"max_hp_loss":0,"event_name":"World of Goop","floor":13,"gold_loss":0},{"damage_healed":0,"gold_gain":0,"cards_transformed":["Defend_B","Strike_B"],"player_choice":"Became Test Subject","damage_taken":0,"max_hp_gain":0,"max_hp_loss":0,"event_name":"Drug Dealer","floor":20,"gold_loss":0,"cards_obtained":["Doom and Gloom","Capacitor"]},{"damage_healed":0,"gold_gain":0,"player_choice":"Obtained Relic","damage_taken":0,"relics_obtained":["Smiling Mask"],"max_hp_gain":0,"max_hp_loss":0,"event_name":"Addict","floor":21,"gold_loss":85}],"is_beta":false,"boss_relics":[{"not_picked":["Cursed Key","Velvet Choker"],"picked":"Tiny House"}],"items_purged_floors":[2,19],"is_endless":false,"potions_floor_spawned":[3,7,10,12,14,16,18,22],"killed_by":"Gremlin Leader","ascension_level":0}