{"gold_per_floor":[112,127,127,277,291,291,98,111,134,134,134],"floor_reached":11,"playtime":265,"items_purged":["Doubt"],"score":146,"play_id":"185ead15-0f2c-4a5f-8a48-dd9cedc9384b","local_time":"20181103135712","is_ascension_mode":true,"campfire_choices":[{"data":"Noxious Fumes","floor":10,"key":"SMITH"}],"neow_cost":"NONE","seed_source_timestamp":176175052401321,"circlet_count":0,"master_deck":["Defend_G","Defend_G","Defend_G","Defend_G","Defend_G","Strike_G","Strike_G","Strike_G","Strike_G","Strike_G","Survivor","Neutralize","AscendersBane","Blade Dance","Flying Knee","Noxious Fumes+1","Crippling Poison","After Image"],"relics":["Ring of the Snake","NeowsBlessing","Golden Idol","Boot"],"potions_floor_usage":[6],"damage_taken":[{"damage":0,"enemies":"Jaw Worm","floor":1,"turns":1},{"damage":0,"enemies":"Cultist","floor":2,"turns":1},{"damage":0,"enemies":"2 Louse","floor":5,"turns":1},{"damage":0,"enemies":"Lagavulin","floor":6,"turns":1},{"damage":10,"enemies":"Looter","floor":8,"turns":4},{"damage":31,"enemies":"3 Sentries","floor":11,"turns":5}],"seed_played":"-1261719585281907542","potions_obtained":[{"floor":5,"key":"SmokeBomb"}],"is_trial":false,"path_per_floor":["M","M","?","?","M","E","$","M","T","R"],"character_chosen":"THE_SILENT","items_purchased":["Noxious Fumes","Crippling Poison"],"campfire_rested":0,"item_purchase_floors":[7,7],"current_hp_per_floor":[59,59,36,36,36,36,36,26,26,26,0],"gold":134,"neow_bonus":"THREE_ENEMY_KILL","is_prod":false,"is_daily":false,"chose_seed":false,"campfire_upgraded":1,"win_rate":0,"timestamp":1541249832,"path_taken":["M","M","?","?","M","E","?","M","T","R","E"],"build_version":"2018-10-25v2","purchased_purges":1,"victory":false,"max_hp_per_floor":[66,66,66,66,66,66,66,66,66,66,66],"card_choices":[{"not_picked":["Deadly Poison","Escape Plan"],"picked":"Blade Dance","floor":1},{"not_picked":["Slice","Deadly Poison"],"picked":"Flying Knee","floor":2},{"not_picked":["Catalyst","Underhanded Strike","Bane"],"picked":"SKIP","floor":5},{"not_picked":["Deflect","Poisoned Stab"],"picked":"After Image","floor":8}],"player_experience":1741302,"relics_obtained":[{"floor":9,"key":"Boot"}],"event_choices":[{"damage_healed":0,"gold_gain":0,"player_choice":"Take Damage","damage_taken":23,"relics_obtained":["Golden Idol"],"max_hp_gain":0,"max_hp_loss":0,"event_name":"Golden Idol","floor":3,"gold_loss":0},{"damage_healed":0,"gold_gain":150,"player_choice":"AGREE","damage_taken":0,"max_hp_gain":0,"max_hp_loss":0,"event_name":"Liars Game","floor":4,"gold_loss":0,"cards_obtained":["Doubt"]}],"is_beta":false,"boss_relics":[],"items_purged_floors":[7],"is_endless":false,"potions_floor_spawned":[5,6],"killed_by":"3 Sentries","ascension_level":20}