{"gold_per_floor":[110,120,120,49,49,49,66,66,142,49,62,111,139,157,157,252,252,270,281,29,29,29,29,29,29,29,39,39,73,86,101,101,101],"floor_reached":33,"playtime":2317,"items_purged":[],"score":384,"play_id":"6b62f7ea-9087-4603-9a87-8da0e40bb7c7","local_time":"20181015024057","is_ascension_mode":true,"campfire_choices":[{"data":"Deadly Poison","floor":6.0,"key":"SMITH"},{"data":"hubris:Counter","floor":8.0,"key":"SMITH"},{"data":"Toxin Wave","floor":15.0,"key":"SMITH"},{"data":"Noxious Fumes","floor":23.0,"key":"SMITH"},{"floor":25.0,"key":"REST"},{"floor":28.0,"key":"REST"},{"floor":32.0,"key":"REST"}],"neow_cost":"NONE","seed_source_timestamp":10989347892541,"circlet_count":0,"master_deck":["Defend_G+1","Defend_G+1","Defend_G+1","Defend_G+1","Defend_G+1","Strike_G+1","Strike_G+1","Strike_G+1","Strike_G+1","Strike_G+1","Survivor","Neutralize+1","Deadly Poison+1","Sucker Punch","Toxin Wave+1","hubris:Counter+1","Hidden Blade","Leg Sweep","Corpse Explosion","Injury","Neutralize","ReplayTheSpireMod:From All Sides","ReplayTheSpireMod:Private Reserves","infinitespire:Collect","ReplayTheSpireMod:Exploit Weakness+1","Noxious Fumes+1","Burst"],"special_seed":0,"relics":["Ring of the Snake","Baseball","infinitespire:Broken Mirror","Lantern","Pen Nib","infinitespire:Satchel","ReplayTheSpireMod:SealedPack","hubris:MysteriousPyramids","Juzu Bracelet","hubris:Reverence","Onion Ring"],"potions_floor_usage":[],"damage_taken":[{"damage":0.0,"enemies":"Jaw Worm","floor":1.0,"turns":5.0},{"damage":5.0,"enemies":"2 Louse","floor":2.0,"turns":3.0},{"damage":6.0,"enemies":"Small Slimes","floor":7.0,"turns":4.0},{"damage":0.0,"enemies":"Exordium Thugs","floor":11.0,"turns":4.0},{"damage":17.0,"enemies":"3 Sentries","floor":13.0,"turns":7.0},{"damage":0.0,"enemies":"3 Louse","floor":14.0,"turns":2.0},{"damage":15.0,"enemies":"The Guardian","floor":16.0,"turns":8.0},{"damage":14.0,"enemies":"Shell Parasite","floor":18.0,"turns":5.0},{"damage":0.0,"enemies":"Spheric Guardian","floor":19.0,"turns":2.0},{"damage":22.0,"enemies":"Colosseum Slavers","floor":21.0,"turns":2.0},{"damage":14.0,"enemies":"Shelled Parasite and Fungi","floor":27.0,"turns":6.0},{"damage":28.0,"enemies":"Gremlin Leader","floor":29.0,"turns":5.0},{"damage":7.0,"enemies":"Snake Plant","floor":30.0,"turns":3.0},{"damage":4.0,"enemies":"Cultist and Chosen","floor":31.0,"turns":3.0},{"damage":36,"enemies":"Pondfish","floor":33,"turns":8}],"seed_played":"5920748995639027342","potions_obtained":[{"floor":7.0,"key":"Energy Potion"},{"floor":11.0,"key":"Swift Potion"},{"floor":13.0,"key":"SteroidPotion"},{"floor":18.0,"key":"Energy Potion"},{"floor":27.0,"key":"Strength Potion"},{"floor":29.0,"key":"Strength Potion"}],"is_trial":false,"path_per_floor":["M","M","?","$","?","R","M","R","T","$","M","T","E","M","R","B",null,"M","M","$","?","?","R","$","R","T","M","R","E","M","M","R"],"character_chosen":"THE_SILENT","items_purchased":["Toxin Wave","Hidden Blade","Lantern","hubris:MysteriousPyramids"],"campfire_rested":3,"item_purchase_floors":[4,10,10,20],"current_hp_per_floor":[63,58,58,58,58,58,52,52,52,52,52,52,35,35,35,20,58,44,44,44,22,22,22,22,43,43,29,50,22,15,11,32,0],"gold":101,"neow_bonus":"UPGRADE_CARD","is_prod":false,"is_daily":false,"chose_seed":false,"campfire_upgraded":4,"win_rate":0,"timestamp":1539564057,"path_taken":["M","M","?","?","?","R","M","R","T","$","?","?","E","M","R","BOSS","M","M","$","?","?","R","$","R","T","M","R","E","M","M","R","BOSS"],"build_version":"2018-10-04v2","purchased_purges":0,"victory":false,"max_hp_per_floor":[70,70,70,70,70,70,70,70,70,70,70,70,70,70,70,70,70,70,70,70,70,70,70,70,70,70,70,70,70,70,70,70,70],"card_choices":[{"not_picked":["Slice","Bane"],"picked":"Deadly Poison","floor":1.0},{"not_picked":["Dodge and Roll","Accuracy"],"picked":"Sucker Punch","floor":2.0},{"not_picked":["Quick Slash","Heel Hook"],"picked":"hubris:Counter","floor":7.0},{"not_picked":["PiercingWail","Accuracy","All Out Attack"],"picked":"SKIP","floor":11.0},{"not_picked":["Blade Dance","Acrobatics"],"picked":"Leg Sweep","floor":13.0},{"not_picked":["Acrobatics","Slice","Hidden Blade"],"picked":"SKIP","floor":14.0},{"not_picked":["Wraith Form v2","Envenom"],"picked":"Corpse Explosion","floor":16.0},{"not_picked":["Bash","Zap"],"picked":"Neutralize","floor":17.0},{"not_picked":["Wraith Form v2","Doppelganger"],"picked":"ReplayTheSpireMod:From All Sides","floor":17.0},{"not_picked":["Madness","Dramatic Entrance"],"picked":"ReplayTheSpireMod:Private Reserves","floor":17.0},{"not_picked":["infinitespire:DeathsTouch","infinitespire:FinalStrike"],"picked":"infinitespire:Collect","floor":17.0},{"not_picked":["PiercingWail","Flying Knee"],"picked":"ReplayTheSpireMod:Exploit Weakness+1","floor":18.0},{"not_picked":["Backflip","Acrobatics+1"],"picked":"Noxious Fumes","floor":19.0},{"not_picked":["Finisher","Hidden Blade"],"picked":"Burst","floor":27.0},{"not_picked":["Expertise","Quick Slash+1","Flying Knee"],"picked":"SKIP","floor":29.0},{"not_picked":["PiercingWail","Eviscerate","Predator"],"picked":"SKIP","floor":30.0},{"not_picked":["ReplayTheSpireMod:Exploit Weakness","Calculated Gamble","Dodge and Roll"],"picked":"SKIP","floor":31.0}],"player_experience":980214,"relics_obtained":[{"floor":3.0,"key":"Baseball"},{"floor":9.0,"key":"infinitespire:Broken Mirror"},{"floor":12.0,"key":"Pen Nib"},{"floor":13.0,"key":"infinitespire:Satchel"},{"floor":26.0,"key":"Juzu Bracelet"},{"floor":29.0,"key":"Onion Ring"}],"event_choices":[{"event_name":"Colosseum","player_choice":"Fight","floor":21.0,"damage_taken":0.0},{"event_name":"Colosseum","player_choice":"Fled From Nobs","floor":21.0,"damage_taken":0.0},{"event_name":"Back to Basics","player_choice":"Simplicity","floor":22.0,"damage_taken":0.0}],"is_beta":false,"boss_relics":[{"not_picked":["hubris:HollowSoul","Calling Bell"],"picked":"ReplayTheSpireMod:SealedPack"}],"items_purged_floors":[],"is_endless":false,"potions_floor_spawned":[7,11,13,18,27,29],"killed_by":"Pondfish","ascension_level":9}