{"path_per_floor":["M","M","?","?","?","E","?","R","T","M","M","E","$","E","R","B",null,"M","?","M","?","?","E","M","T","T","M","E","$","R","M","R","B",null,"M","?","?","$","M","R","E","R","T","?","?","$","E","M","R","B"],"character_chosen":"THE_SILENT","items_purchased":["Meat on the Bone","Catalyst","Burst","Apotheosis"],"gold_per_floor":[111,122,122,122,122,156,231,231,254,272,291,325,6,39,39,138,138,151,151,171,171,171,199,213,213,213,223,252,32,32,44,44,142,142,153,206,206,20,37,37,63,63,63,0,0,0,31,49,49,49],"floor_reached":51,"campfire_rested":2,"playtime":5680,"current_hp_per_floor":[69,69,55,36,36,30,19,44,44,44,35,34,34,34,34,37,84,67,67,62,46,75,48,51,51,51,55,42,42,42,32,32,21,89,75,61,61,61,56,56,39,39,39,39,39,39,45,56,89,22],"items_purged":["Regret"],"gold":49,"score":845,"play_id":"cd62cf78-4208-460b-bbdf-9e7c75887cb6","local_time":"20180323165542","is_prod":false,"is_daily":false,"is_ascension_mode":true,"campfire_upgraded":5,"timestamp":1521820542,"path_taken":["M","M","?","?","?","E","?","R","T","M","?","E","$","E","R","BOSS","M","?","?","?","?","E","M","?","T","M","E","?","R","M","R","BOSS","M","?","?","$","M","R","E","R","T","?","?","$","E","M","R","BOSS"],"build_version":"2018-03-22","purchased_purges":2,"victory":true,"master_deck":["Survivor","Neutralize+1","Sucker Punch+1","Bane","Bouncing Flask+1","Sucker Punch","Noxious Fumes+1","Dodge and Roll","Poisoned Stab","Leg Sweep","Envenom+1","Dagger Spray","Bane","Slice","Poisoned Stab","Terror","Sucker Punch","Dash","Quick Slash","Blade Dance","Flying Knee","Sucker Punch","Dagger Spray","Backflip+1","Bane+1","Backflip+1","Catalyst+1","Burst","Prepared","Glass Knife","Parasite","Parasite","Calculated Gamble","Concentrate+1","Apotheosis+1","Underhanded Strike+1","Flying Knee+1"],"max_hp_per_floor":[70,70,70,84,84,84,84,84,84,84,84,84,84,84,84,84,84,84,84,84,89,89,89,89,89,89,89,89,89,89,89,89,89,89,89,89,89,89,89,89,89,89,89,89,89,89,89,89,89,89],"relics":["Ring of the Snake","Mango","Paper Crane","Bag of Preparation","Whetstone","Letter Opener","Meat on the Bone","Centennial Puzzle","Pandora\u0027s Box","Lantern","Tingsha","Peace Pipe","Dream Catcher","Calling Bell","Juzu Bracelet","Torii","Regal Pillow","Ice Cream","Gambling Chip","Mercury Hourglass","Red Mask","Bottled Lightning"],"card_choices":[{"not_picked":["Predator","Underhanded Strike"],"picked":"Bane","floor":1},{"not_picked":["Slice","Dagger Throw"],"picked":"Bouncing Flask","floor":2},{"not_picked":["Bullet Time","Cloak And Dagger"],"picked":"Sucker Punch","floor":6},{"not_picked":["Backflip","Catalyst"],"picked":"Noxious Fumes","floor":10},{"not_picked":["Crippling Poison","Malaise"],"picked":"Dodge and Roll","floor":11},{"not_picked":["Deflect","Sucker Punch"],"picked":"Poisoned Stab","floor":12},{"not_picked":["Setup","Dodge and Roll"],"picked":"Leg Sweep","floor":14},{"not_picked":["Corpse Explosion","Wraith Form"],"picked":"Envenom","floor":16},{"not_picked":["Sucker Punch","Concentrate"],"picked":"Flying Knee","floor":18},{"not_picked":["Acrobatics","Leg Sweep"],"picked":"Sucker Punch","floor":20},{"not_picked":["Sucker Punch","Unload"],"picked":"Dagger Spray","floor":23},{"not_picked":["Acrobatics","Flying Knee"],"picked":"Backflip","floor":24},{"not_picked":["Malaise","Blade Dance"],"picked":"Bane","floor":27},{"not_picked":["Cloak And Dagger","Deflect"],"picked":"Backflip","floor":28},{"not_picked":["Dagger Spray","Endless Agony"],"picked":"Prepared","floor":31},{"not_picked":["Tactician","Envenom"],"picked":"Glass Knife","floor":33},{"not_picked":["Deflect","Expertise"],"picked":"Calculated Gamble","floor":35},{"not_picked":["Flying Knee","Well Laid Plans"],"picked":"Concentrate","floor":36},{"not_picked":["PiercingWail","Deflect"],"picked":"Underhanded Strike","floor":47},{"not_picked":["Acrobatics","Riddle With Holes"],"picked":"Flying Knee","floor":48}],"player_experience":268588,"potions_floor_usage":[12,28,28,33,33,39,41,50],"damage_taken":[{"damage":1,"enemies":"2 Louse","floor":1,"turns":3},{"damage":0,"enemies":"Small Slimes","floor":2,"turns":3},{"damage":6,"enemies":"Lagavulin","floor":6,"turns":5},{"damage":0,"enemies":"Cultist","floor":10,"turns":3},{"damage":9,"enemies":"2 Fungi Beasts","floor":11,"turns":4},{"damage":16,"enemies":"3 Sentries","floor":12,"turns":5},{"damage":12,"enemies":"Gremlin Nob","floor":14,"turns":4},{"damage":9,"enemies":"Hexaghost","floor":16,"turns":8},{"damage":17,"enemies":"2 Thieves","floor":18,"turns":4},{"damage":5,"enemies":"Shell Parasite","floor":20,"turns":5},{"damage":39,"enemies":"Gremlin Leader","floor":23,"turns":6},{"damage":9,"enemies":"Snake Plant","floor":24,"turns":4},{"damage":8,"enemies":"Snecko","floor":27,"turns":3},{"damage":25,"enemies":"Book of Stabbing","floor":28,"turns":4},{"damage":22,"enemies":"Cultist and Chosen","floor":31,"turns":6},{"damage":23,"enemies":"Automaton","floor":33,"turns":10},{"damage":14,"enemies":"3 Darklings","floor":35,"turns":8},{"damage":14,"enemies":"Mysterious Sphere","floor":36,"turns":5},{"damage":11,"enemies":"Orb Walker","floor":39,"turns":3},{"damage":41,"enemies":"2 Orb Walkers","floor":41,"turns":4},{"damage":6,"enemies":"Giant Head","floor":47,"turns":6},{"damage":1,"enemies":"Maw","floor":48,"turns":4},{"damage":79,"enemies":"Awakened One","floor":50,"turns":12}],"event_choices":[{"event_name":"Shining Light","player_choice":"Entered Light","floor":3,"damage_taken":0},{"event_name":"Scrap Ooze","player_choice":"success","floor":4,"damage_taken":33},{"event_name":"Big Fish","player_choice":"Box","floor":5,"damage_taken":0},{"event_name":"World of Goop","player_choice":"Gather Gold","floor":7,"damage_taken":0},{"event_name":"Drug Dealer","player_choice":"Ignored","floor":19,"damage_taken":0},{"event_name":"Forgotten Altar","player_choice":"Shed Blood","floor":21,"damage_taken":0},{"event_name":"The Library","player_choice":"Heal","floor":22,"damage_taken":0},{"event_name":"Mysterious Sphere","player_choice":"Fight","floor":36,"damage_taken":0},{"event_name":"The Lab","player_choice":"Got Potions","floor":37,"damage_taken":0},{"event_name":"Tomb of Lord Red Mask","player_choice":"Paid","floor":44,"damage_taken":0},{"event_name":"Purifier","player_choice":"One Purge","floor":45,"damage_taken":0}],"boss_relics":[{"not_picked":["Eternal Feather","Runic Pyramid"],"picked":"Pandora\u0027s Box"},{"not_picked":["Orrery","Cursed Key"],"picked":"Calling Bell"}],"potions_floor_spawned":[1,12,14,18,23,24,31,35,36],"seed_played":"8283753672433887468","ascension_level":1,"is_trial":false}