{"gold_per_floor":[116,127,92,116,135,135,169,169,192,192,204,35,185,214,214,291,341,358,79,29,49,49,49,69,69,69,6,32,50,50,64,64,138,138,153,164,164,26,44,44,76,86,109,109],"floor_reached":44,"playtime":1725,"items_purged":["Normality","Strike_B","Strike_B","Strike_B"],"score":841,"play_id":"dc1cbd79-5f48-4c07-b734-35291804c455","local_time":"20190131151216","is_ascension_mode":true,"campfire_choices":[{"data":"Defragment","floor":6.0,"key":"SMITH"},{"data":"Zap","floor":8.0,"key":"SMITH"},{"data":"Ball Lightning","floor":10.0,"key":"SMITH"},{"data":"Loop","floor":15.0,"key":"SMITH"},{"data":"Buffer","floor":23.0,"key":"SMITH"},{"data":"Barrage","floor":25.0,"key":"SMITH"},{"floor":32.0,"key":"REST"},{"floor":40.0,"key":"REST"}],"neow_cost":"CURSE","seed_source_timestamp":18011713905841,"circlet_count":0,"master_deck":["AscendersBane","Strike_B+1","Defend_B","Defend_B","Defend_B+1","Defend_B","Zap+1","Dualcast","FTL","Defragment+1","Ball Lightning+1","Cold Snap","Glacier","Capacitor","Leap","Loop+1","Buffer+1","Storm+1","Steam","Capacitor","Barrage+1","Ball Lightning+1","Creative AI","Turbo","Conserve Battery","Buffer","Stack","Barrage","Defragment","Conserve Battery+1","Leap","Amplify"],"special_seed":0,"relics":["Cracked Core","Omamori","Mercury Hourglass","Bag of Preparation","Regal Pillow","Tiny House","Membership Card","MutagenicStrength","Oddly Smooth Stone","PreservedInsect","Black Star","Smiling Mask","Molten Egg 2","Blood Vial"],"potions_floor_usage":[44],"damage_taken":[{"damage":4.0,"enemies":"2 Louse","floor":1.0,"turns":2.0},{"damage":6.0,"enemies":"Jaw Worm","floor":2.0,"turns":4.0},{"damage":1.0,"enemies":"Cultist","floor":5.0,"turns":4.0},{"damage":40.0,"enemies":"3 Sentries","floor":7.0,"turns":6.0},{"damage":8.0,"enemies":"Blue Slaver","floor":11.0,"turns":3.0},{"damage":8.0,"enemies":"Lagavulin","floor":14.0,"turns":6.0},{"damage":6.0,"enemies":"Slime Boss","floor":16.0,"turns":6.0},{"damage":0.0,"enemies":"Spheric Guardian","floor":18.0,"turns":3.0},{"damage":12.0,"enemies":"Shell Parasite","floor":21.0,"turns":6.0},{"damage":14.0,"enemies":"Snake Plant","floor":24.0,"turns":5.0},{"damage":40.0,"enemies":"Slavers","floor":28.0,"turns":7.0},{"damage":0.0,"enemies":"Snecko","floor":29.0,"turns":4.0},{"damage":2.0,"enemies":"Chosen and Byrds","floor":31.0,"turns":4.0},{"damage":9.0,"enemies":"Champ","floor":33.0,"turns":8.0},{"damage":38.0,"enemies":"3 Darklings","floor":35.0,"turns":4.0},{"damage":10.0,"enemies":"3 Shapes","floor":36.0,"turns":6.0},{"damage":20.0,"enemies":"Spire Growth","floor":39.0,"turns":5.0},{"damage":18.0,"enemies":"Reptomancer","floor":41.0,"turns":5.0},{"damage":22.0,"enemies":"3 Darklings","floor":42.0,"turns":5.0},{"damage":26,"enemies":"Jaw Worm Horde","floor":44,"turns":4}],"seed_played":"4151687285134333605","potions_obtained":[{"floor":2.0,"key":"SkillPotion"},{"floor":7.0,"key":"SpeedPotion"},{"floor":17.0,"key":"Poison Potion"},{"floor":29.0,"key":"AttackPotion"},{"floor":31.0,"key":"AttackPotion"},{"floor":33.0,"key":"FocusPotion"}],"is_trial":false,"path_per_floor":["M","M","?","T","M","R","E","R","T","R","M","$","?","E","R","B",null,"M","$","?","M","?","R","M","R","T","$","E","M","?","M","R","B",null,"M","M","?","$","M","R","E","M","T","M"],"character_chosen":"DEFECT","items_purchased":["Capacitor","Leap","Membership Card","Capacitor","Defragment","Swift Potion"],"campfire_rested":2,"item_purchase_floors":[12,12,19,19,38,38],"current_hp_per_floor":[74,68,85,85,84,84,44,44,44,44,36,36,36,28,28,22,74,74,74,74,62,62,62,48,48,48,48,8,8,26,24,66,57,82,44,34,34,34,14,56,38,16,16,0],"gold":109,"neow_bonus":"TWENTY_PERCENT_HP_BONUS","is_prod":false,"is_daily":false,"chose_seed":false,"campfire_upgraded":6,"win_rate":0,"timestamp":1548943936,"path_taken":["M","M","?","?","?","R","E","R","T","R","M","$","?","E","R","BOSS","M","$","?","?","?","R","M","R","T","$","E","M","?","M","R","BOSS","M","M","?","$","M","R","E","?","T","M"],"build_version":"2019-01-23","purchased_purges":4,"victory":false,"max_hp_per_floor":[85,85,85,85,85,85,85,85,85,85,85,85,85,85,85,85,90,90,90,90,90,90,90,90,90,90,90,90,90,90,90,90,90,90,90,90,90,90,90,90,90,90,90,90],"card_choices":[{"not_picked":["Chaos","Hologram"],"picked":"FTL","floor":1.0},{"not_picked":["Stack","Conserve Battery"],"picked":"Defragment","floor":2.0},{"not_picked":["FTL","Redo"],"picked":"Ball Lightning","floor":5.0},{"not_picked":["White Noise","Force Field"],"picked":"Cold Snap","floor":7.0},{"not_picked":["Cold Snap","Beam Cell"],"picked":"Glacier","floor":11.0},{"not_picked":["Cold Snap","Steam"],"picked":"Loop","floor":14.0},{"not_picked":["Reboot","Thunder Strike"],"picked":"Buffer","floor":16.0},{"not_picked":["Steam","Sweeping Beam"],"picked":"Storm","floor":17.0},{"not_picked":["Loop","Turbo"],"picked":"Steam","floor":18.0},{"not_picked":["Compile Driver","Conserve Battery"],"picked":"Barrage","floor":21.0},{"not_picked":["Rebound","Redo"],"picked":"Ball Lightning+1","floor":24.0},{"not_picked":["Redo+1","Barrage"],"picked":"Creative AI","floor":28.0},{"not_picked":["Gash","Compile Driver"],"picked":"Turbo","floor":29.0},{"not_picked":["White Noise+1","Gash"],"picked":"Conserve Battery","floor":31.0},{"not_picked":["Machine Learning","Seek"],"picked":"Buffer","floor":33.0},{"not_picked":["Recycle","Redo"],"picked":"Stack","floor":35.0},{"not_picked":["Double Energy","Loop"],"picked":"Barrage","floor":36.0},{"not_picked":["Stack","Cold Snap"],"picked":"Conserve Battery+1","floor":39.0},{"not_picked":["Reprogram","Ball Lightning"],"picked":"Leap","floor":41.0},{"not_picked":["Leap","Turbo"],"picked":"Amplify","floor":42.0}],"player_experience":1156402,"relics_obtained":[{"floor":4.0,"key":"Omamori"},{"floor":7.0,"key":"Mercury Hourglass"},{"floor":9.0,"key":"Bag of Preparation"},{"floor":14.0,"key":"Regal Pillow"},{"floor":26.0,"key":"Oddly Smooth Stone"},{"floor":28.0,"key":"PreservedInsect"},{"floor":41.0,"key":"Smiling Mask"},{"floor":41.0,"key":"Molten Egg 2"},{"floor":43.0,"key":"Blood Vial"}],"event_choices":[{"damage_healed":21.0,"max_hp_gain":0.0,"max_hp_loss":0.0,"gold_gain":0.0,"event_name":"The Cleric","player_choice":"Healed","floor":3.0,"gold_loss":35.0,"damage_taken":0.0},{"damage_healed":0.0,"max_hp_gain":0.0,"max_hp_loss":0.0,"gold_gain":150.0,"event_name":"Liars Game","player_choice":"AGREE","floor":13.0,"gold_loss":0.0,"damage_taken":0.0,"cards_obtained":["Doubt"]},{"damage_healed":0.0,"max_hp_gain":0.0,"max_hp_loss":0.0,"gold_gain":0.0,"event_name":"Designer","player_choice":"Upgraded Two","floor":20.0,"gold_loss":50.0,"damage_taken":0.0,"cards_upgraded":["Defend_B","Storm"]},{"damage_healed":0.0,"max_hp_gain":0.0,"max_hp_loss":0.0,"gold_gain":0.0,"event_name":"Drug Dealer","player_choice":"Inject Mutagens","floor":22.0,"gold_loss":0.0,"damage_taken":0.0,"relics_obtained":["MutagenicStrength"]},{"damage_healed":18.0,"max_hp_gain":0.0,"max_hp_loss":0.0,"gold_gain":0.0,"event_name":"The Library","player_choice":"Heal","floor":30.0,"gold_loss":0.0,"damage_taken":0.0},{"damage_healed":0.0,"max_hp_gain":0.0,"max_hp_loss":0.0,"gold_gain":0.0,"event_name":"SecretPortal","player_choice":"Ignored","floor":37.0,"gold_loss":0.0,"damage_taken":0.0}],"is_beta":false,"boss_relics":[{"not_picked":["Runic Dome","Astrolabe"],"picked":"Tiny House"},{"not_picked":["Eternal Feather","White Beast Statue"],"picked":"Black Star"}],"items_purged_floors":[12,19,27,38],"is_endless":false,"potions_floor_spawned":[2,7,14,29,31,33,39],"killed_by":"Jaw Worm Horde","ascension_level":15}