{"path_per_floor":["M","?","$","M","?","E","M","R","T","M","R","?","M","M","R","B",null,"M","M","$","?","?","M","R","M","T","R","M","$","M","M","R"],"character_chosen":"IRONCLAD","items_purchased":["Ghostly Armor","Shrug It Off","Dream Catcher","Strength Potion"],"gold_per_floor":[118,118,44,59,59,85,97,97,121,137,137,137,151,164,164,260,260,274,287,14,14,14,24,24,38,38,38,52,1,18,28,28],"floor_reached":33,"campfire_rested":0,"playtime":1801,"current_hp_per_floor":[76,69,69,75,75,52,58,58,58,57,57,57,55,60,60,38,80,70,80,80,80,80,80,80,80,80,80,50,50,62,70,70],"items_purged":["Strike_R"],"gold":28,"score":301,"play_id":"632f1566-4369-407c-a18f-4f73c8fd4add","local_time":"20180311234140","is_prod":false,"is_daily":false,"is_ascension_mode":true,"campfire_upgraded":6,"timestamp":1520808100,"path_taken":["M","?","$","M","?","E","M","R","T","M","R","?","M","?","R","BOSS","M","M","$","?","?","M","R","M","T","R","?","$","M","?","R","BOSS"],"build_version":"2018-03-09","purchased_purges":1,"victory":false,"master_deck":["Strike_R","Strike_R","Defend_R","Defend_R","Defend_R","Defend_R","Pommel Strike","Disarm+1","Ghostly Armor+1","True Grit+1","Bash","Panacea","Spot Weakness+1","Shockwave+1","Battle Trance","Reaper","Intimidate","Flame Barrier+1","Shrug It Off+1","Decay","Flame Barrier+1","Sentinel","Heavy Blade+1"],"max_hp_per_floor":[80,80,80,80,80,80,80,80,80,80,80,80,80,80,80,80,80,80,80,80,80,80,80,80,80,80,80,80,80,80,80,80],"relics":["Burning Blood","Matryoshka","Meat on the Bone","War Paint","Mark of Pain","Dream Catcher","Oddly Smooth Stone","Charon\u0027s Ashes"],"card_choices":[{"not_picked":["Evolve","Fire Breathing"],"picked":"Disarm"},{"not_picked":["Corruption","Cleave"],"picked":"True Grit"},{"not_picked":["Pommel Strike","Pummel"],"picked":"Spot Weakness"},{"not_picked":["Warcry","Rampage"],"picked":"Shockwave"},{"not_picked":["Reckless Charge","Burning Pact"],"picked":"Battle Trance"},{"not_picked":["Berserk","Feed"],"picked":"Reaper"},{"not_picked":["Perfected Strike","Clothesline"],"picked":"Intimidate"},{"not_picked":["Evolve","Body Slam"],"picked":"Flame Barrier"},{"not_picked":["Headbutt","Clash"],"picked":"Flame Barrier"},{"not_picked":["Corruption","Perfected Strike"],"picked":"Sentinel"},{"not_picked":["Headbutt","Brutality"],"picked":"Heavy Blade"}],"player_experience":206755,"potions_floor_usage":[6,7,16,23,33,33],"damage_taken":[{"damage":10,"enemies":"Small Slimes","floor":1,"turns":4},{"damage":0,"enemies":"Cultist","floor":4,"turns":4},{"damage":29,"enemies":"Gremlin Nob","floor":6,"turns":5},{"damage":0,"enemies":"Jaw Worm","floor":7,"turns":5},{"damage":7,"enemies":"Lots of Slimes","floor":10,"turns":4},{"damage":8,"enemies":"Exordium Thugs","floor":13,"turns":5},{"damage":1,"enemies":"3 Louse","floor":14,"turns":5},{"damage":40,"enemies":"Hexaghost","floor":16,"turns":11},{"damage":16,"enemies":"Shell Parasite","floor":18,"turns":6},{"damage":4,"enemies":"Chosen","floor":19,"turns":7},{"damage":14,"enemies":"Centurion and Healer","floor":23,"turns":9},{"damage":8,"enemies":"Snake Plant","floor":25,"turns":5},{"damage":36,"enemies":"Cultist and Chosen","floor":28,"turns":8},{"damage":2,"enemies":"Centurion and Healer","floor":30,"turns":8},{"damage":6,"enemies":"Chosen and Byrds","floor":31,"turns":6},{"damage":91,"enemies":"Collector","floor":33,"turns":12}],"event_choices":[{"event_name":"Golden Wing","player_choice":"Card Removal","floor":2,"damage_taken":0},{"event_name":"Match and Keep!","player_choice":"2 cards matched","floor":5,"damage_taken":0},{"event_name":"Match and Keep!","player_choice":"2 cards matched","floor":5,"damage_taken":0},{"event_name":"Liars Game","player_choice":"disagreed","floor":12,"damage_taken":0},{"event_name":"Back to Basics","player_choice":"Elegance","floor":21,"damage_taken":0},{"event_name":"Forgotten Altar","player_choice":"Smashed Altar","floor":22,"damage_taken":0}],"boss_relics":[{"not_picked":["Calling Bell","Sozu"],"picked":"Mark of Pain"}],"potions_floor_spawned":[1,6,14,19,30],"seed_played":"8893196737429349419","killed_by":"Collector","ascension_level":4,"is_trial":false}