{"gold_per_floor":[110,285,299,25,25,25,35,35,35,35,49,11,22,42,42,145,145,157,18,18,117,127,127,127,155,155,174,191,191,466,479,479,582,582,600,620,620,188,200,200,228,503,526,543,543],"floor_reached":45,"playtime":2727,"items_purged":["Doubt","Defend_B"],"score":480,"play_id":"e35bf6bb-7c40-48e6-9241-63695ea6887a","local_time":"20181014193726","is_ascension_mode":false,"campfire_choices":[{"data":"Barrage","floor":6,"key":"SMITH"},{"data":"Armaments","floor":8,"key":"SMITH"},{"data":"Dualcast","floor":10,"key":"SMITH"},{"floor":15,"key":"REST"},{"data":"Creative AI","floor":24,"key":"SMITH"},{"floor":32,"key":"REST"},{"data":"Electrodynamics","floor":40,"key":"SMITH"}],"neow_cost":"NONE","seed_source_timestamp":264461977374473,"circlet_count":0,"master_deck":["Strike_B+1","Strike_B","Strike_B","Strike_B+1","Defend_B","Defend_B","Defend_B","Zap+1","Dualcast+1","Barrage+1","Sweeping Beam","Armaments+1","Terror+1","Darkness+1","Armaments+1","Creative AI+1","Seeing Red+1","Sunder","Glacier+1","Panacea+1","Discovery+1","Shrug It Off+1","Electrodynamics+1","Headbutt+1","Madness+1","Fusion+1","Whirlwind+1","Deadly Poison+1"],"relics":["Cracked Core","PrismaticShard","Omamori","Toxic Egg 2","Sozu","FossilizedHelix","Happy Flower","Nuclear Battery","Lee\u0027s Waffle","Vajra","Dream Catcher","Whetstone"],"potions_floor_usage":[11,11,16,25],"damage_taken":[{"damage":2,"enemies":"2 Louse","floor":1,"turns":2},{"damage":1,"enemies":"Jaw Worm","floor":3,"turns":3},{"damage":0,"enemies":"Cultist","floor":7,"turns":2},{"damage":0,"enemies":"Red Slaver","floor":11,"turns":1},{"damage":9,"enemies":"Exordium Thugs","floor":13,"turns":5},{"damage":3,"enemies":"2 Fungi Beasts","floor":14,"turns":3},{"damage":32,"enemies":"The Guardian","floor":16,"turns":9},{"damage":37,"enemies":"Chosen","floor":18,"turns":6},{"damage":15,"enemies":"3 Byrds","floor":22,"turns":5},{"damage":42,"enemies":"Book of Stabbing","floor":25,"turns":6},{"damage":12,"enemies":"3 Cultists","floor":27,"turns":5},{"damage":14,"enemies":"Snake Plant","floor":28,"turns":3},{"damage":22,"enemies":"Centurion and Healer","floor":31,"turns":5},{"damage":24,"enemies":"Champ","floor":33,"turns":12},{"damage":0,"enemies":"Orb Walker","floor":35,"turns":2},{"damage":11,"enemies":"3 Darklings","floor":36,"turns":4},{"damage":0,"enemies":"Spire Growth","floor":39,"turns":5},{"damage":81,"enemies":"Nemesis","floor":41,"turns":9},{"damage":0,"enemies":"Reptomancer","floor":44,"turns":4},{"damage":3,"enemies":"4 Shapes","floor":45,"turns":1}],"seed_played":"6294190324255942592","potions_obtained":[{"floor":3,"key":"SpeedPotion"},{"floor":7,"key":"AttackPotion"},{"floor":13,"key":"AttackPotion"},{"floor":16,"key":"Dexterity Potion"}],"is_trial":false,"path_per_floor":["M","?","M","$","?","R","M","R","T","R","M","$","M","M","R","B",null,"M","$","?","?","M","?","R","E","T","M","M","?","?","M","R","B",null,"M","M","?","$","M","R","E","?","T","M"],"character_chosen":"DEFECT","items_purchased":["PrismaticShard","Darkness+1","Sunder","Lee\u0027s Waffle","Vajra","Fusion+1"],"campfire_rested":2,"item_purchase_floors":[4,12,19,38,38,38],"current_hp_per_floor":[73,73,72,72,54,54,54,54,54,54,54,54,45,42,64,32,75,38,38,38,38,23,75,75,33,33,21,7,32,32,10,32,8,75,75,64,64,82,82,82,1,1,1,1,0],"gold":543,"neow_bonus":"UPGRADE_CARD","is_prod":false,"is_daily":false,"chose_seed":false,"campfire_upgraded":5,"win_rate":0.0,"timestamp":1539499046,"path_taken":["M","?","?","$","?","R","M","R","T","R","M","?","M","M","R","BOSS","M","$","?","?","M","?","R","E","T","?","M","?","?","M","R","BOSS","M","M","?","$","M","R","E","?","T","M","?"],"build_version":"2018-10-11","purchased_purges":2,"victory":false,"max_hp_per_floor":[75,75,75,75,75,75,75,75,75,75,75,75,75,75,75,75,75,75,75,75,75,75,75,75,75,75,75,75,75,75,75,75,75,75,75,75,75,82,82,82,82,82,82,82,82],"card_choices":[{"not_picked":["Beam Cell","Aggregate"],"picked":"Barrage","floor":1},{"not_picked":["Turbo","Steam"],"picked":"Sweeping Beam","floor":3},{"not_picked":["Sucker Punch","Fusion"],"picked":"Armaments","floor":7},{"not_picked":["Coolheaded+1","Power Through+1"],"picked":"Terror+1","floor":11},{"not_picked":["Compile Driver","Grand Finale","Wild Strike"],"picked":"SKIP","floor":13},{"not_picked":["True Grit+1","Clothesline"],"picked":"Armaments+1","floor":14},{"not_picked":["Seek+1","Machine Learning"],"picked":"Creative AI","floor":16},{"not_picked":["Skim+1","Warcry+1"],"picked":"Seeing Red+1","floor":18},{"not_picked":["Heavy Blade+1","Body Slam+1"],"picked":"Glacier+1","floor":22},{"not_picked":["Bane","Corruption"],"picked":"Panacea+1","floor":25},{"not_picked":["Prepared+1","Steam+1","Dark Shackles+1"],"picked":"SKIP","floor":27},{"not_picked":["Sever Soul+1","Deep Breath+1"],"picked":"Discovery+1","floor":28},{"not_picked":["Armaments+1","Storm"],"picked":"Shrug It Off+1","floor":31},{"not_picked":["Limit Break+1","Thunder Strike"],"picked":"Electrodynamics","floor":33},{"not_picked":["Prepared+1","Conserve Battery+1"],"picked":"Headbutt+1","floor":35},{"not_picked":["Blood for Blood","Rampage+1"],"picked":"Madness+1","floor":36},{"not_picked":["True Grit+1","Clash+1","Sunder+1"],"picked":"SKIP","floor":39},{"not_picked":["Blur+1","Prepared+1"],"picked":"Whirlwind+1","floor":41},{"not_picked":["Recycle+1","Pommel Strike"],"picked":"Deadly Poison+1","floor":44}],"player_experience":42092,"relics_obtained":[{"floor":9,"key":"Toxic Egg 2"},{"floor":25,"key":"FossilizedHelix"},{"floor":26,"key":"Happy Flower"},{"floor":41,"key":"Dream Catcher"},{"floor":43,"key":"Whetstone"}],"event_choices":[{"event_name":"Liars Game","player_choice":"agreed","floor":2,"damage_taken":0},{"event_name":"Scrap Ooze","player_choice":"success","floor":5,"damage_taken":18},{"event_name":"Duplicator","player_choice":"One dupe","floor":20,"damage_taken":0},{"event_name":"Nest","player_choice":"Stole From Cult","floor":21,"damage_taken":0},{"event_name":"Bonfire Elementals","player_choice":"UNCOMMON","floor":23,"damage_taken":0},{"event_name":"The Library","player_choice":"Heal","floor":29,"damage_taken":0},{"event_name":"Golden Shrine","player_choice":"Desecrate","floor":30,"damage_taken":0},{"event_name":"Tomb of Lord Red Mask","player_choice":"Ignored","floor":37,"damage_taken":0},{"event_name":"Golden Shrine","player_choice":"Desecrate","floor":42,"damage_taken":0}],"is_beta":false,"boss_relics":[{"not_picked":["Ectoplasm","Snecko Eye"],"picked":"Sozu"},{"not_picked":["Fusion Hammer","Astrolabe"],"picked":"Nuclear Battery"}],"items_purged_floors":[4,19],"is_endless":false,"potions_floor_spawned":[3,7,13,16,18,25,28,31,35,39,44],"killed_by":"4 Shapes","ascension_level":0}