{"path_per_floor":["M","M","M","?","T","E","R","E","T","R","M","M","M","M","R","B",null,"M","M","M","?","M","?","T","M","T","?","M","R","T","M","R","B",null,"M","?","M","M","?","R","?","M","T","M","M","$","E","M","R","B"],"character_chosen":"IRONCLAD","items_purchased":["Strength Potion","Molten Egg 2","Bag of Preparation","Cauldron"],"gold_per_floor":[211,229,242,242,242,267,267,294,294,294,307,322,341,351,351,452,452,472,487,507,507,520,570,597,612,664,664,680,680,705,720,720,823,823,836,836,854,870,870,870,870,887,887,903,923,178,206,224,224,224],"floor_reached":51,"campfire_rested":1,"playtime":2340,"current_hp_per_floor":[80,78,80,80,80,60,60,46,46,46,36,38,44,46,46,9,96,94,94,88,72,44,44,44,52,59,43,38,38,38,60,60,13,93,90,90,73,52,77,77,77,46,46,44,28,28,28,38,74,56],"items_purged":["Writhe"],"gold":224,"score":699,"play_id":"aa7f2350-cdfe-4762-bdb5-b7b2772dc5dd","is_prod":false,"is_daily":false,"is_ascension_mode":true,"campfire_upgraded":6,"path_taken":["M","M","?","?","?","E","R","E","T","R","M","M","M","?","R","BOSS","M","M","M","?","M","?","?","M","T","?","M","R","?","?","R","BOSS","M","?","M","?","?","R","?","M","T","?","M","$","E","M","R","BOSS"],"build_version":"2018-02-15-PROD1","purchased_purges":1,"victory":true,"master_deck":["Defend_R","Defend_R","Defend_R+1","Defend_R","Bash+1","Heavy Blade+1","Feed+1","Clash","Headbutt","Inflame+1","Double Tap+1","Inflame+1","Bite","Bite","Bite","Bite","Whirlwind+1","Flex+1","Offering","Heavy Blade+1","Flex+1"],"max_hp_per_floor":[80,80,80,80,80,80,80,84,84,84,88,92,92,96,96,96,96,100,100,104,72,76,76,76,76,83,83,87,87,87,89,89,93,93,97,97,99,99,99,99,99,101,101,107,109,109,115,121,121,121],"relics":["Burning Blood","Ice Cream","Lantern","Ornamental Fan","Red Skull","Black Star","War Paint","Strawberry","Singing Bowl","White Beast Statue","Shuriken","Molten Egg 2","Bag of Preparation","Cauldron","Happy Flower","Oddly Smooth Stone"],"card_choices":[{"not_picked":["Wild Strike","Battle Trance"],"picked":"Heavy Blade"},{"not_picked":["Shrug It Off","Clothesline"],"picked":"Feed"},{"not_picked":["Clothesline","Searing Blow"],"picked":"Clash"},{"not_picked":["Pommel Strike","Feel No Pain"],"picked":"Headbutt"},{"not_picked":["Iron Wave","Heavy Blade"],"picked":"Inflame"},{"not_picked":["Immolate","Impervious"],"picked":"Double Tap"},{"not_picked":["Clash","Limit Break"],"picked":"Inflame"},{"not_picked":["Seeing Red","Shrug It Off"],"picked":"Whirlwind"},{"not_picked":["Thunderclap","Armaments"],"picked":"Flex"},{"not_picked":["Dark Embrace","Barricade"],"picked":"Offering"},{"not_picked":["Body Slam","Shockwave"],"picked":"Heavy Blade"},{"not_picked":["Anger","Rage"],"picked":"Flex"}],"player_experience":105442,"potions_floor_usage":[47,50,50,50],"damage_taken":[{"damage":6.0,"enemies":"Cultist","floor":1.0,"turns":3.0},{"damage":8.0,"enemies":"Small Slimes","floor":2.0,"turns":3.0},{"damage":0.0,"enemies":"2 Louse","floor":3.0,"turns":3.0},{"damage":26.0,"enemies":"Lagavulin","floor":6.0,"turns":6.0},{"damage":24.0,"enemies":"3 Sentries","floor":8.0,"turns":6.0},{"damage":20.0,"enemies":"Exordium Wildlife","floor":11.0,"turns":3.0},{"damage":8.0,"enemies":"Gremlin Gang","floor":12.0,"turns":3.0},{"damage":0.0,"enemies":"Looter","floor":13.0,"turns":1.0},{"damage":8.0,"enemies":"3 Louse","floor":14.0,"turns":3.0},{"damage":43.0,"enemies":"The Guardian","floor":16.0,"turns":7.0},{"damage":12.0,"enemies":"Chosen","floor":18.0,"turns":5.0},{"damage":6.0,"enemies":"Spheric Guardian","floor":19.0,"turns":3.0},{"damage":16.0,"enemies":"Snecko","floor":20.0,"turns":4.0},{"damage":40.0,"enemies":"Centurion and Healer","floor":22.0,"turns":4.0},{"damage":12.0,"enemies":"Cultist and Chosen","floor":25.0,"turns":6.0},{"damage":17.0,"enemies":"Snake Plant","floor":28.0,"turns":2.0},{"damage":0.0,"enemies":"Snecko","floor":31.0,"turns":3.0},{"damage":80.0,"enemies":"Champ","floor":33.0,"turns":8.0},{"damage":19.0,"enemies":"3 Shapes","floor":35.0,"turns":3.0},{"damage":31.0,"enemies":"3 Darklings","floor":37.0,"turns":4.0},{"damage":29.0,"enemies":"4 Shapes","floor":38.0,"turns":3.0},{"damage":43.0,"enemies":"Sphere and 2 Shapes","floor":42.0,"turns":4.0},{"damage":22.0,"enemies":"Maw","floor":44.0,"turns":4.0},{"damage":34.0,"enemies":"3 Darklings","floor":45.0,"turns":3.0},{"damage":22,"enemies":"Nemesis","floor":47,"turns":3},{"damage":4,"enemies":"Sphere and 2 Shapes","floor":48,"turns":2},{"damage":24,"enemies":"Donu and Deca","floor":50,"turns":3}],"event_choices":[{"event_name":"Upgrade Shrine","player_choice":"Upgraded","floor":4.0,"damage_taken":0.0},{"event_name":"Vampires","player_choice":"Became a vampire","floor":21.0,"damage_taken":0.0},{"event_name":"The Joust","player_choice":"Bet on Murderer","floor":23.0,"damage_taken":0.0},{"event_name":"Knowing Skull","player_choice":"POTION ","floor":27.0,"damage_taken":0.0},{"event_name":"Winding Halls","player_choice":"Writhe","floor":39.0,"damage_taken":0.0},{"event_name":"Tomb of Lord Red Mask","player_choice":"Ignored","floor":41.0,"damage_taken":0.0}],"boss_relics":[],"potions_floor_spawned":[1,2,3,8,14,16,19,28,35,37,38,42,44,45,47,48],"seed_played":"3837538310276902542","ascension_level":1,"is_trial":false}