{"gold_per_floor":[114,124,124,137,137,181,194,222,222,222,235,235,256,256,256,375,375,394,142,192,242,11,11,47,65,118,168,233,233,283,212,212,341,341,360,410,180,200,7,7,40,58,58,78,128,128,152,202,202,202],"floor_reached":51,"playtime":2846,"items_purged":["Strike_G","Strike_G","Strike_G"],"score":1015,"play_id":"d1991c02-7a97-400f-ba75-fd169681efcf","local_time":"20190122230652","is_ascension_mode":true,"campfire_choices":[{"data":"Cloak And Dagger","floor":10,"key":"SMITH"},{"data":"Malaise","floor":12,"key":"SMITH"},{"data":"Concentrate","floor":15,"key":"SMITH"},{"data":"Infinite Blades","floor":23,"key":"SMITH"},{"floor":29,"key":"REST"},{"data":"Storm of Steel","floor":32,"key":"SMITH"},{"data":"Malaise","floor":40,"key":"SMITH"},{"floor":46,"key":"REST"},{"floor":49,"key":"REST"}],"neow_cost":"NONE","seed_source_timestamp":202103756911012,"circlet_count":0,"master_deck":["AscendersBane","Defend_G","Defend_G","Defend_G","Defend_G","Defend_G","Strike_G","Survivor","Neutralize","Slice","Dodge and Roll","Malaise+1","Footwork","Concentrate+1","Cloak And Dagger+1","Footwork","Finisher","Malaise+1","Calculated Gamble","Storm of Steel+1","Flash of Steel","Infinite Blades+1","Swift Strike","Slice+1","Endless Agony","Night Terror","Madness","Terror","Infinite Blades","Infinite Blades","Footwork+1","Cloak And Dagger+1"],"relics":["Runic Pyramid","Golden Idol","Meat on the Bone","Odd Mushroom","Ninja Scroll","SsserpentHead","WristBlade","Singing Bowl","Bag of Preparation","Eternal Feather","Potion Belt","Smiling Mask","Unceasing Top"],"potions_floor_usage":[6,16,24,35,47,50,50],"damage_taken":[{"damage":16,"enemies":"Cultist","floor":1,"turns":4},{"damage":2,"enemies":"Jaw Worm","floor":2,"turns":4},{"damage":5,"enemies":"Small Slimes","floor":4,"turns":4},{"damage":21,"enemies":"Lagavulin","floor":6,"turns":10},{"damage":10,"enemies":"3 Louse","floor":7,"turns":6},{"damage":12,"enemies":"The Mushroom Lair","floor":8,"turns":8},{"damage":5,"enemies":"Exordium Wildlife","floor":11,"turns":10},{"damage":3,"enemies":"2 Fungi Beasts","floor":13,"turns":4},{"damage":8,"enemies":"The Guardian","floor":16,"turns":18},{"damage":4,"enemies":"3 Byrds","floor":18,"turns":6},{"damage":50,"enemies":"Gremlin Leader","floor":24,"turns":8},{"damage":0,"enemies":"Chosen","floor":25,"turns":4},{"damage":20,"enemies":"Centurion and Healer","floor":28,"turns":5},{"damage":51,"enemies":"Automaton","floor":33,"turns":11},{"damage":0,"enemies":"3 Shapes","floor":35,"turns":3},{"damage":24,"enemies":"Orb Walker","floor":38,"turns":5},{"damage":34,"enemies":"Nemesis","floor":41,"turns":7},{"damage":24,"enemies":"Jaw Worm Horde","floor":42,"turns":4},{"damage":6,"enemies":"Maw","floor":44,"turns":7},{"damage":73,"enemies":"4 Shapes","floor":47,"turns":8},{"damage":71,"enemies":"Awakened One","floor":50,"turns":18}],"seed_played":"533979236162648846","potions_obtained":[{"floor":1,"key":"SkillPotion"},{"floor":7,"key":"FairyPotion"},{"floor":8,"key":"FairyPotion"},{"floor":11,"key":"Swift Potion"},{"floor":18,"key":"Explosive Potion"},{"floor":33,"key":"AttackPotion"},{"floor":41,"key":"PowerPotion"},{"floor":42,"key":"Strength Potion"},{"floor":44,"key":"SkillPotion"}],"is_trial":false,"path_per_floor":["M","M","?","M","?","E","M","?","T","R","M","R","M","?","R","B",null,"M","$","?","?","$","R","E","M","T","?","M","R","?","$","R","B",null,"M","?","$","M","$","R","E","M","T","M","?","R","M","?","R","B",null],"character_chosen":"THE_SILENT","items_purchased":["Storm of Steel","Flash of Steel","Infinite Blades","Swift Strike","Endless Agony","Terror","Infinite Blades","Infinite Blades","Potion Belt"],"campfire_rested":3,"item_purchase_floors":[19,19,22,22,31,37,37,39,39],"current_hp_per_floor":[47,45,45,40,40,19,21,21,21,21,28,28,37,37,37,41,59,55,55,55,55,55,55,19,31,31,22,16,36,59,59,59,20,57,59,50,50,40,40,58,36,24,24,32,32,72,21,21,62,18],"gold":202,"neow_bonus":"BOSS_RELIC","is_prod":false,"is_daily":false,"chose_seed":false,"campfire_upgraded":6,"win_rate":0,"timestamp":1548194812,"path_taken":["M","?","?","M","?","E","M","?","T","R","M","R","?","?","R","BOSS","M","$","?","?","$","R","E","M","T","?","?","R","?","$","R","BOSS","M","?","$","M","$","R","E","M","T","M","?","R","M","?","R","BOSS"],"build_version":"2019-01-17v2","purchased_purges":3,"victory":true,"max_hp_per_floor":[70,70,65,65,65,65,65,65,65,65,65,65,65,65,65,65,65,65,65,65,65,65,65,67,67,67,67,69,69,69,69,69,69,69,71,71,71,73,73,73,73,73,73,75,75,75,77,77,77,77],"card_choices":[{"not_picked":["Dash","Backflip"],"picked":"Slice","floor":1},{"not_picked":["Poisoned Stab","Eviscerate"],"picked":"Dodge and Roll","floor":2},{"not_picked":["Backflip","Quick Slash"],"picked":"Malaise","floor":4},{"not_picked":["Slice","Riddle With Holes"],"picked":"Footwork","floor":6},{"not_picked":["Accuracy","Quick Slash"],"picked":"Concentrate","floor":7},{"not_picked":["Outmaneuver","Flying Knee"],"picked":"Cloak And Dagger","floor":8},{"not_picked":["Dagger Throw","Underhanded Strike"],"picked":"Footwork","floor":11},{"not_picked":["Dodge and Roll","Caltrops"],"picked":"Finisher","floor":13},{"not_picked":["Wraith Form v2","Doppelganger"],"picked":"Malaise","floor":16},{"not_picked":["Backflip+1","Underhanded Strike+1"],"picked":"Calculated Gamble","floor":18},{"not_picked":["Deflect","Sucker Punch+1","Calculated Gamble"],"picked":"Singing Bowl","floor":24},{"not_picked":["Wraith Form v2","Dagger Throw"],"picked":"Slice+1","floor":25},{"not_picked":["Eviscerate","All Out Attack","Tactician"],"picked":"Singing Bowl","floor":28},{"not_picked":["Corpse Explosion","Unload"],"picked":"Night Terror","floor":33},{"not_picked":["Flying Knee","Prepared","Deflect+1"],"picked":"Singing Bowl","floor":35},{"not_picked":["Caltrops","Concentrate+1","Dodge and Roll+1"],"picked":"Singing Bowl","floor":38},{"not_picked":["Underhanded Strike+1","Reflex"],"picked":"Footwork+1","floor":41},{"not_picked":["PiercingWail+1","Deflect"],"picked":"Cloak And Dagger+1","floor":42},{"not_picked":["Dagger Throw","All Out Attack","Flying Knee"],"picked":"Singing Bowl","floor":44},{"not_picked":["Deadly Poison","PiercingWail","Underhanded Strike+1"],"picked":"Singing Bowl","floor":47}],"player_experience":267471,"relics_obtained":[{"floor":6,"key":"Meat on the Bone"},{"floor":8,"key":"Odd Mushroom"},{"floor":9,"key":"Ninja Scroll"},{"floor":24,"key":"Singing Bowl"},{"floor":26,"key":"Bag of Preparation"},{"floor":41,"key":"Smiling Mask"},{"floor":43,"key":"Unceasing Top"}],"event_choices":[{"damage_healed":0,"gold_gain":0,"player_choice":"Lose Max HP","damage_taken":0,"relics_obtained":["Golden Idol"],"max_hp_gain":0,"max_hp_loss":5,"event_name":"Golden Idol","floor":3,"gold_loss":0},{"cards_removed":["Strike_G"],"damage_healed":0,"gold_gain":0,"player_choice":"Forget","damage_taken":0,"max_hp_gain":0,"max_hp_loss":0,"event_name":"Living Wall","floor":5,"gold_loss":0},{"damage_healed":0,"gold_gain":0,"player_choice":"Fought Mushrooms","damage_taken":0,"max_hp_gain":0,"max_hp_loss":0,"event_name":"Mushrooms","floor":8,"gold_loss":0},{"damage_healed":0,"gold_gain":0,"player_choice":"Trade","damage_taken":0,"relics_obtained":["SsserpentHead"],"max_hp_gain":0,"max_hp_loss":0,"event_name":"FaceTrader","floor":14,"gold_loss":0},{"damage_healed":0,"gold_gain":0,"player_choice":"Ignored","damage_taken":0,"max_hp_gain":0,"max_hp_loss":0,"event_name":"Ghosts","floor":20,"gold_loss":0},{"damage_healed":0,"gold_gain":0,"player_choice":"Ignored","damage_taken":0,"max_hp_gain":0,"max_hp_loss":0,"event_name":"Vampires","floor":21,"gold_loss":0},{"damage_healed":0,"gold_gain":0,"player_choice":"Stopped","damage_taken":9,"max_hp_gain":0,"max_hp_loss":0,"event_name":"Cursed Tome","floor":27,"gold_loss":0},{"damage_healed":23,"gold_gain":0,"player_choice":"Heal","damage_taken":0,"max_hp_gain":0,"max_hp_loss":0,"event_name":"The Library","floor":30,"gold_loss":0},{"damage_healed":0,"gold_gain":0,"player_choice":"Embrace Madness","damage_taken":9,"max_hp_gain":0,"max_hp_loss":0,"event_name":"Winding Halls","floor":36,"gold_loss":0,"cards_obtained":["Madness","Madness"]},{"cards_removed":["Madness"],"damage_healed":0,"gold_gain":0,"player_choice":"Removed Skill","damage_taken":0,"max_hp_gain":0,"max_hp_loss":0,"event_name":"Falling","floor":45,"gold_loss":0},{"damage_healed":0,"gold_gain":0,"player_choice":"Ignored","damage_taken":0,"max_hp_gain":0,"max_hp_loss":0,"event_name":"Mysterious Sphere","floor":48,"gold_loss":0}],"is_beta":false,"boss_relics":[{"not_picked":["Busted Crown","Astrolabe"],"picked":"WristBlade"},{"not_picked":["White Beast Statue","Black Star"],"picked":"Eternal Feather"}],"items_purged_floors":[19,22,37],"is_endless":false,"potions_floor_spawned":[1,7,8,11,13,18,33,41,42,44],"ascension_level":10}