{"gold_per_floor":[111,128,147,162,19,31,31,49,74,101,101,101,131,131,131,230,230,244,343,343,361,59,59,92,107,134,148,148,163,195,110,110,209,259,276,276,276,295,14,32,58,58],"floor_reached":42,"playtime":4089,"items_purged":["Strike_G","Strike_G"],"score":503,"play_id":"766a31fc-8727-4f00-8d6b-80eeca4753b4","local_time":"20190125204718","is_ascension_mode":false,"campfire_choices":[{"data":"Dash","floor":7.0,"key":"SMITH"},{"floor":15.0,"key":"REST"},{"data":"Noxious Fumes","floor":23.0,"key":"SMITH"},{"floor":28.0,"key":"REST"},{"floor":32.0,"key":"REST"}],"neow_cost":"NONE","seed_source_timestamp":0,"circlet_count":0,"master_deck":["Defend_G","Defend_G","Defend_G+1","Defend_G+1","Defend_G","Strike_G+1","Strike_G+1","Strike_G","Survivor","Neutralize","Deflect+1","Escape Plan","Dash+1","Prepared+1","Cloak And Dagger","Backflip","Backflip+1","Burst","Terror","Dash+1","Noxious Fumes+1","Acrobatics","Leg Sweep","Deflect+1","Leg Sweep","Adrenaline","Flechettes","Outmaneuver+1","Backflip","Deflect","Master of Strategy","Caltrops","Doppelganger"],"special_seed":0,"relics":["Ring of the Snake","Orichalcum","Bronze Scales","Bottled Flame","Juzu Bracelet","Whetstone","Philosopher\u0027s Stone","Lantern","Paper Crane","Snake Skull","War Paint","Tiny House","Regal Pillow"],"potions_floor_usage":[41,42,42],"damage_taken":[{"damage":0.0,"enemies":"2 Louse","floor":1.0,"turns":3.0},{"damage":5.0,"enemies":"Cultist","floor":2.0,"turns":6.0},{"damage":0.0,"enemies":"Small Slimes","floor":3.0,"turns":5.0},{"damage":0.0,"enemies":"Blue Slaver","floor":4.0,"turns":5.0},{"damage":0.0,"enemies":"3 Louse","floor":6.0,"turns":5.0},{"damage":1.0,"enemies":"Looter","floor":8.0,"turns":3.0},{"damage":39.0,"enemies":"Gremlin Nob","floor":10.0,"turns":7.0},{"damage":3.0,"enemies":"3 Sentries","floor":13.0,"turns":7.0},{"damage":22.0,"enemies":"Hexaghost","floor":16.0,"turns":11.0},{"damage":10.0,"enemies":"3 Byrds","floor":18.0,"turns":3.0},{"damage":0.0,"enemies":"Shell Parasite","floor":21.0,"turns":6.0},{"damage":2.0,"enemies":"Book of Stabbing","floor":24.0,"turns":6.0},{"damage":0.0,"enemies":"Centurion and Healer","floor":25.0,"turns":6.0},{"damage":3.0,"enemies":"Snecko","floor":27.0,"turns":6.0},{"damage":0.0,"enemies":"Shelled Parasite and Fungi","floor":29.0,"turns":7.0},{"damage":47.0,"enemies":"Slavers","floor":30.0,"turns":6.0},{"damage":21.0,"enemies":"Automaton","floor":33.0,"turns":13.0},{"damage":0,"enemies":"Orb Walker","floor":35,"turns":5},{"damage":2,"enemies":"3 Shapes","floor":38,"turns":4},{"damage":9,"enemies":"3 Darklings","floor":40,"turns":8},{"damage":14,"enemies":"Nemesis","floor":41,"turns":9},{"damage":83,"enemies":"Maw","floor":42,"turns":9}],"seed_played":"-7238537195944105499","potions_obtained":[{"floor":2.0,"key":"FearPotion"},{"floor":8.0,"key":"PowerPotion"},{"floor":13.0,"key":"SteroidPotion"},{"floor":16.0,"key":"SkillPotion"},{"floor":21.0,"key":"GhostInAJar"},{"floor":27.0,"key":"FairyPotion"},{"floor":29.0,"key":"AttackPotion"},{"floor":33.0,"key":"Ancient Potion"},{"floor":34,"key":"EntropicBrew"},{"floor":38,"key":"PowerPotion"}],"is_trial":false,"path_per_floor":["M","M","M","M","$","M","R","M","T","E","?","?","E","?","R","B",null,"M","?","?","M","$","R","E","M","T","M","R","M","E","?","R","B",null,"M","?","?","M","$","M","E","M"],"character_chosen":"THE_SILENT","items_purchased":["Orichalcum","Lantern","Noxious Fumes","Master of Strategy"],"campfire_rested":3,"item_purchase_floors":[5,22,22,39],"current_hp_per_floor":[77,72,72,72,72,72,72,71,71,32,25,25,22,7,30,8,77,67,67,53,53,53,53,51,51,51,48,72,72,25,25,49,28,87,87,87,87,85,85,76,62,0],"gold":58,"neow_bonus":"TEN_PERCENT_HP_BONUS","is_prod":false,"is_daily":false,"chose_seed":false,"campfire_upgraded":2,"win_rate":0,"timestamp":1548478038,"path_taken":["M","M","M","M","$","M","R","M","T","E","?","?","E","?","R","BOSS","M","?","?","M","$","R","E","M","T","M","R","M","E","?","R","BOSS","M","?","?","M","$","M","E","M"],"build_version":"2019-01-23","purchased_purges":2,"victory":false,"max_hp_per_floor":[77,77,77,77,77,77,77,77,77,77,77,77,77,77,77,77,77,77,77,82,82,82,82,82,82,82,82,82,82,82,82,82,82,87,87,87,87,87,87,87,87,87],"card_choices":[{"not_picked":["Quick Slash","Bouncing Flask","Flying Knee"],"picked":"SKIP","floor":1.0},{"not_picked":["Catalyst","Quick Slash"],"picked":"Deflect","floor":2.0},{"not_picked":["Slice","Venomology"],"picked":"Escape Plan","floor":3.0},{"not_picked":["Skewer","Deadly Poison"],"picked":"Dash","floor":4.0},{"not_picked":["Sucker Punch","Flying Knee"],"picked":"Prepared","floor":6.0},{"not_picked":["Outmaneuver","Deflect"],"picked":"Cloak And Dagger","floor":8.0},{"not_picked":["Blade Dance","Tactician"],"picked":"Backflip","floor":10.0},{"not_picked":["Catalyst","Caltrops"],"picked":"Backflip","floor":13.0},{"not_picked":["Phantasmal Killer","Night Terror"],"picked":"Burst","floor":16.0},{"not_picked":["Masterful Stab","Underhanded Strike"],"picked":"Terror","floor":18.0},{"not_picked":["Underhanded Strike","Riddle With Holes+1"],"picked":"Dash+1","floor":21.0},{"not_picked":["Dagger Spray","Underhanded Strike+1"],"picked":"Acrobatics","floor":24.0},{"not_picked":["Tactician","Escape Plan"],"picked":"Leg Sweep","floor":25.0},{"not_picked":["Bane","Predator"],"picked":"Deflect+1","floor":27.0},{"not_picked":["Eviscerate","Bane+1","Accuracy"],"picked":"SKIP","floor":29.0},{"not_picked":["Blade Dance+1","Bane"],"picked":"Leg Sweep","floor":30.0},{"not_picked":["Burst","Doppelganger"],"picked":"Adrenaline","floor":33.0},{"not_picked":["Dagger Throw","Endless Agony"],"picked":"Flechettes","floor":34},{"not_picked":["Backflip","Dagger Throw+1"],"picked":"Outmaneuver+1","floor":35},{"not_picked":["Bane","Terror+1"],"picked":"Deflect","floor":38},{"not_picked":["Slice+1","Dagger Throw+1"],"picked":"Caltrops","floor":40},{"not_picked":["Underhanded Strike+1","Distraction+1"],"picked":"Doppelganger","floor":41}],"player_experience":150111,"relics_obtained":[{"floor":9.0,"key":"Bronze Scales"},{"floor":10.0,"key":"Bottled Flame"},{"floor":13.0,"key":"Whetstone"},{"floor":24.0,"key":"Paper Crane"},{"floor":30.0,"key":"Snake Skull"},{"floor":41,"key":"Regal Pillow"}],"event_choices":[{"damage_healed":0.0,"max_hp_gain":0.0,"max_hp_loss":0.0,"gold_gain":0.0,"event_name":"Scrap Ooze","player_choice":"Success","floor":11.0,"gold_loss":0.0,"damage_taken":7.0,"relics_obtained":["Juzu Bracelet"]},{"damage_healed":0.0,"max_hp_gain":0.0,"max_hp_loss":0.0,"gold_gain":0.0,"event_name":"NoteForYourself","player_choice":"Ignored","floor":12.0,"gold_loss":0.0,"damage_taken":0.0},{"damage_healed":0.0,"max_hp_gain":0.0,"max_hp_loss":0.0,"gold_gain":0.0,"event_name":"Shining Light","player_choice":"Entered Light","floor":14.0,"gold_loss":0.0,"damage_taken":15.0,"cards_upgraded":["Deflect","Defend_G"]},{"damage_healed":0.0,"max_hp_gain":0.0,"max_hp_loss":0.0,"gold_gain":99.0,"event_name":"Nest","player_choice":"Stole From Cult","floor":19.0,"gold_loss":0.0,"damage_taken":0.0},{"damage_healed":0.0,"max_hp_gain":5.0,"max_hp_loss":0.0,"gold_gain":0.0,"event_name":"Forgotten Altar","player_choice":"Shed Blood","floor":20.0,"gold_loss":0.0,"damage_taken":19.0},{"damage_healed":0.0,"max_hp_gain":0.0,"max_hp_loss":0.0,"gold_gain":0.0,"event_name":"Addict","player_choice":"Obtained Relic","floor":31.0,"gold_loss":85.0,"damage_taken":0.0,"relics_obtained":["War Paint"]},{"damage_healed":0,"gold_gain":0,"player_choice":"1 cards matched","damage_taken":0,"max_hp_gain":0,"max_hp_loss":0,"event_name":"Match and Keep!","floor":36,"gold_loss":0,"cards_obtained":["Backflip"]},{"damage_healed":0,"gold_gain":0,"player_choice":"Ignored","damage_taken":0,"max_hp_gain":0,"max_hp_loss":0,"event_name":"Tomb of Lord Red Mask","floor":37,"gold_loss":0}],"is_beta":false,"boss_relics":[{"not_picked":["Cursed Key","WristBlade"],"picked":"Philosopher\u0027s Stone"},{"not_picked":["Fusion Hammer","Snecko Eye"],"picked":"Tiny House"}],"items_purged_floors":[22,39],"is_endless":false,"potions_floor_spawned":[2,8,13,16,21,27,29,33,38,40],"killed_by":"Maw","ascension_level":0}