{"path_per_floor":["M","$","M","$","M","R","E","?","T","E","?","R","M","M","R","B",null,"M","?","M","M","M","R","E","R","T","M","$","E","?","M","R","B",null,"M","?","M","M","M","R","M","E","T","R","?","M","$","?","R","B"],"character_chosen":"THE_SILENT","items_purchased":["Poisoned Stab","Bronze Scales","Pen Nib","Blur","Mango","Deep Breath","Footwork"],"gold_per_floor":[113,113,127,74,93,93,127,127,127,152,152,152,171,184,184,288,288,305,275,263,276,294,294,329,329,353,369,1,334,334,352,352,449,449,462,462,473,491,504,504,523,550,619,619,619,638,82,131,131,131],"floor_reached":51,"campfire_rested":4,"playtime":2292,"current_hp_per_floor":[70,70,70,70,67,67,58,58,58,35,21,21,21,21,42,27,70,70,70,67,46,43,43,28,49,49,49,49,49,70,64,64,50,70,70,61,61,61,61,61,60,31,31,52,52,51,65,65,84,23],"items_purged":["Strike_G"],"gold":131,"score":804,"play_id":"6bddb950-add5-4b53-b0ab-a2d17cc31d2e","local_time":"20180418204541","is_prod":false,"is_daily":false,"chose_seed":false,"is_ascension_mode":false,"campfire_upgraded":5,"timestamp":1524077141,"path_taken":["M","$","M","$","M","R","E","?","T","E","?","R","M","M","R","BOSS","M","?","M","M","M","R","E","R","T","?","$","E","?","M","R","BOSS","M","?","M","M","?","R","?","E","T","R","?","M","$","?","R","BOSS"],"build_version":"2018-04-12","seed_source_timestamp":7262849610740,"purchased_purges":1,"victory":true,"master_deck":["Defend_G","Defend_G+1","Defend_G","Defend_G","Defend_G+1","Survivor","Neutralize","Leg Sweep+1","Footwork","Skewer+1","Poisoned Stab","Flechettes","Dash+1","Deadly Poison+1","Noxious Fumes+1","Dash","After Image","Bouncing Flask+1","Poisoned Stab","Bane","Backflip+1","Blur","Bullet Time","PiercingWail+1","Footwork+1","Blur+1","Blur+1","Madness","Madness","Escape Plan","Noxious Fumes+1","Poisoned Stab+1","Dodge and Roll+1","Dodge and Roll+1","Deep Breath","Footwork","Malaise"],"max_hp_per_floor":[70,70,70,70,70,70,70,70,70,70,70,70,70,70,70,70,70,70,70,70,70,70,70,70,70,70,70,70,70,70,70,70,70,70,70,70,70,70,70,70,70,70,70,70,70,70,84,84,84,84],"relics":["Ring of the Snake","Omamori","Art of War","Whetstone","Cursed Key","Ninja Scroll","Happy Flower","Bronze Scales","Pen Nib","Old Coin","Astrolabe","Gambling Chip","Molten Egg 2","Mango","The Specimen"],"card_choices":[{"not_picked":["Reflex","Deflect"],"picked":"Footwork","floor":1},{"not_picked":["Prepared","Deflect"],"picked":"Skewer","floor":3},{"not_picked":["Underhanded Strike","Quick Slash"],"picked":"Flechettes","floor":5},{"not_picked":["Bouncing Flask","Bane"],"picked":"Dash","floor":7},{"not_picked":["Expertise","Eviscerate"],"picked":"Deadly Poison","floor":10},{"not_picked":["Flying Knee","Caltrops"],"picked":"Noxious Fumes","floor":13},{"not_picked":["Acrobatics","Poisoned Stab"],"picked":"Dash","floor":14},{"not_picked":["Doppelganger","Night Terror"],"picked":"After Image","floor":16},{"not_picked":["Outmaneuver","Blade Dance"],"picked":"Bouncing Flask","floor":18},{"not_picked":["Calculated Gamble","Deflect"],"picked":"Poisoned Stab","floor":20},{"not_picked":["Deflect","Dodge and Roll"],"picked":"Bane","floor":21},{"not_picked":["Blur","Deflect"],"picked":"Backflip","floor":22},{"not_picked":["Phantasmal Killer","After Image"],"picked":"Bullet Time","floor":33},{"not_picked":["Dodge and Roll","Underhanded Strike"],"picked":"Blur","floor":35},{"not_picked":["Acrobatics","Masterful Stab"],"picked":"Escape Plan","floor":37},{"not_picked":["Concentrate","Dodge and Roll"],"picked":"Noxious Fumes","floor":38},{"not_picked":["Infinite Blades","Flying Knee"],"picked":"Poisoned Stab","floor":39},{"not_picked":["Poisoned Stab","Envenom"],"picked":"Dodge and Roll","floor":42},{"not_picked":["Predator","Quick Slash"],"picked":"Dodge and Roll","floor":46},{"not_picked":["Eviscerate","Predator"],"picked":"Malaise","floor":48}],"player_experience":474482,"potions_floor_usage":[7,10,20,22,22,24,29,31,38,38,41,50],"damage_taken":[{"damage":0,"enemies":"2 Louse","floor":1,"turns":4},{"damage":0,"enemies":"Jaw Worm","floor":3,"turns":7},{"damage":3,"enemies":"Small Slimes","floor":5,"turns":3},{"damage":9,"enemies":"3 Sentries","floor":7,"turns":9},{"damage":23,"enemies":"Lagavulin","floor":10,"turns":8},{"damage":0,"enemies":"2 Fungi Beasts","floor":13,"turns":4},{"damage":0,"enemies":"Blue Slaver","floor":14,"turns":3},{"damage":15,"enemies":"Hexaghost","floor":16,"turns":10},{"damage":0,"enemies":"Shell Parasite","floor":18,"turns":6},{"damage":3,"enemies":"2 Thieves","floor":20,"turns":4},{"damage":21,"enemies":"3 Cultists","floor":21,"turns":7},{"damage":3,"enemies":"Chosen and Byrds","floor":22,"turns":6},{"damage":15,"enemies":"Slavers","floor":24,"turns":6},{"damage":0,"enemies":"Snecko","floor":27,"turns":4},{"damage":0,"enemies":"Book of Stabbing","floor":29,"turns":5},{"damage":6,"enemies":"Centurion and Healer","floor":31,"turns":5},{"damage":14,"enemies":"Champ","floor":33,"turns":11},{"damage":0,"enemies":"Orb Walker","floor":35,"turns":3},{"damage":0,"enemies":"3 Shapes","floor":37,"turns":6},{"damage":0,"enemies":"Sphere and 2 Shapes","floor":38,"turns":6},{"damage":0,"enemies":"Maw","floor":39,"turns":8},{"damage":1,"enemies":"3 Darklings","floor":41,"turns":5},{"damage":29,"enemies":"2 Orb Walkers","floor":42,"turns":6},{"damage":1,"enemies":"Sphere and 2 Shapes","floor":46,"turns":5},{"damage":0,"enemies":"Sphère mystérieuse","floor":48,"turns":6},{"damage":61,"enemies":"Donu and Deca","floor":50,"turns":10}],"event_choices":[{"event_name":"Living Wall","player_choice":"Grow","floor":8,"damage_taken":0},{"event_name":"Shining Light","player_choice":"Entered Light","floor":11,"damage_taken":0},{"event_name":"The Woman in Blue","player_choice":"Bought 2 Potions","floor":19,"damage_taken":0},{"event_name":"The Library","player_choice":"Heal","floor":30,"damage_taken":0},{"event_name":"Winding Halls","player_choice":"Embrace Madness","floor":36,"damage_taken":0},{"event_name":"Tomb of Lord Red Mask","player_choice":"Ignored","floor":45,"damage_taken":0},{"event_name":"Mysterious Sphere","player_choice":"Fight","floor":48,"damage_taken":0}],"boss_relics":[{"not_picked":["Runic Dome","Philosopher\u0027s Stone"],"picked":"Cursed Key"},{"not_picked":["Velvet Choker","Runic Pyramid"],"picked":"Astrolabe"}],"potions_floor_spawned":[1,3,16,21,27,29,33,35,39,46],"seed_played":"-1816962809260405013","ascension_level":0,"is_trial":false}