{"path_per_floor":["M","M","?","?","?","R","E","M","T","E","M","$","M","M","R"],"character_chosen":"THE_SILENT","items_purchased":["Singing Bowl"],"gold_per_floor":[113,127,127,77,252,252,280,300,300,329,342,124,136,154,154,154],"floor_reached":16,"campfire_rested":1,"playtime":1239,"current_hp_per_floor":[70,70,70,70,70,70,42,36,36,19,4,4,4,6,27,0],"items_purged":["Doubt"],"gold":154,"score":129,"play_id":"89eaa7e9-7b27-4410-9660-20142c7eebcb","local_time":"20180324205750","is_prod":false,"is_daily":false,"is_ascension_mode":true,"campfire_upgraded":1,"timestamp":1521921470,"path_taken":["M","M","?","?","?","R","E","M","T","E","M","$","?","M","R","BOSS"],"build_version":"2018-03-22v2","purchased_purges":1,"victory":false,"master_deck":["Defend_G","Defend_G","Defend_G","Defend_G","Defend_G","Strike_G","Strike_G","Strike_G","Strike_G","Survivor","Neutralize+1","Quick Slash","Choke","Backstab","Heel Hook","Cloak And Dagger","Crippling Poison","PiercingWail","Cloak And Dagger"],"max_hp_per_floor":[70,70,70,70,70,70,70,70,70,70,70,70,70,72,72,72],"relics":["Ring of the Snake","Prayer Wheel","Anchor","Snake Skull","Singing Bowl"],"card_choices":[{"not_picked":["Finisher","Outmaneuver"],"picked":"Quick Slash","floor":1},{"not_picked":["Dagger Throw","Dodge and Roll"],"picked":"Choke","floor":2},{"not_picked":["All Out Attack","Setup"],"picked":"Backstab","floor":7},{"not_picked":["Skewer","Dash"],"picked":"Heel Hook","floor":8},{"not_picked":["PiercingWail","Flying Knee"],"picked":"Cloak And Dagger","floor":9},{"not_picked":["A Thousand Cuts","Dagger Throw"],"picked":"Crippling Poison","floor":10},{"not_picked":["Dagger Spray","Expertise"],"picked":"PiercingWail","floor":11},{"not_picked":["All Out Attack","Flechettes"],"picked":"Cloak And Dagger","floor":13}],"player_experience":324308,"potions_floor_usage":[13,16,16,16],"damage_taken":[{"damage":0,"enemies":"Cultist","floor":1,"turns":6},{"damage":0,"enemies":"2 Louse","floor":2,"turns":2},{"damage":28,"enemies":"Gremlin Nob","floor":7,"turns":5},{"damage":6,"enemies":"Small Slimes","floor":8,"turns":2},{"damage":17,"enemies":"3 Sentries","floor":10,"turns":10},{"damage":15,"enemies":"Exordium Wildlife","floor":11,"turns":6},{"damage":0,"enemies":"Lots of Slimes","floor":13,"turns":3},{"damage":0,"enemies":"Large Slime","floor":14,"turns":6},{"damage":31,"enemies":"Slime Boss","floor":16,"turns":7}],"event_choices":[{"event_name":"The Woman in Blue","player_choice":"Bought 0 Potions","floor":3,"damage_taken":0},{"event_name":"The Cleric","player_choice":"Card Removal","floor":4,"damage_taken":0},{"event_name":"Liars Game","player_choice":"agreed","floor":5,"damage_taken":0}],"boss_relics":[],"potions_floor_spawned":[1,10,11,14],"seed_played":"3241098411350263799","killed_by":"Slime Boss","ascension_level":3,"is_trial":false}