{"gold_per_floor":[115,125,10,23,39,74,74,249,272,308,258,258,358,383,383,507,507,532,26,26,26,26,26,26],"floor_reached":24,"playtime":1181,"items_purged":["Strike_G","Injury"],"score":293,"play_id":"8060f051-6896-42a7-878a-bdad996f923d","local_time":"20190120152708","is_ascension_mode":true,"campfire_choices":[{"data":"Calculated Gamble","floor":12,"key":"SMITH"},{"floor":15,"key":"REST"},{"data":"Reflex","floor":23,"key":"SMITH"}],"neow_cost":"NONE","seed_source_timestamp":3393422725925,"circlet_count":0,"master_deck":["Defend_G","Defend_G","Defend_G","Defend_G","Defend_G","Strike_G+1","Strike_G","Strike_G","Survivor","Neutralize+1","Heel Hook","Riddle With Holes+1","Riddle With Holes","Sucker Punch","Calculated Gamble+1","Riddle With Holes","Calculated Gamble","PiercingWail","Die Die Die","Slice+1","Reflex+1","Violence"],"relics":["Ring of the Snake","Strawberry","Golden Idol","Vajra","Whetstone","Eternal Feather","Anchor"],"potions_floor_usage":[6,18],"damage_taken":[{"damage":0,"enemies":"Small Slimes","floor":1,"turns":7},{"damage":0,"enemies":"2 Louse","floor":2,"turns":3},{"damage":0,"enemies":"Cultist","floor":4,"turns":3},{"damage":2,"enemies":"2 Fungi Beasts","floor":5,"turns":5},{"damage":24,"enemies":"Gremlin Nob","floor":6,"turns":4},{"damage":25,"enemies":"Lagavulin","floor":10,"turns":5},{"damage":1,"enemies":"Looter","floor":14,"turns":3},{"damage":20,"enemies":"The Guardian","floor":16,"turns":13},{"damage":11,"enemies":"2 Thieves","floor":18,"turns":3},{"damage":82,"enemies":"Gremlin Leader","floor":24,"turns":10}],"seed_played":"-5879266548814810742","potions_obtained":[{"floor":1,"key":"AttackPotion"},{"floor":4,"key":"Ancient Potion"},{"floor":6,"key":"FairyPotion"},{"floor":10,"key":"AttackPotion"},{"floor":18,"key":"LiquidBronze"}],"is_trial":false,"path_per_floor":["M","M","$","M","M","E","?","?","T","E","?","R","?","M","R","B",null,"M","$","?","?","?","R","E"],"character_chosen":"THE_SILENT","items_purchased":["Riddle With Holes","Reflex","Anchor","Violence"],"campfire_rested":1,"item_purchase_floors":[3,19,19,19],"current_hp_per_floor":[63,63,63,63,61,44,44,44,44,19,19,19,19,18,41,21,63,52,52,52,52,52,64,0],"gold":26,"neow_bonus":"UPGRADE_CARD","is_prod":false,"is_daily":false,"chose_seed":false,"campfire_upgraded":2,"win_rate":0,"timestamp":1547994428,"path_taken":["M","M","$","M","M","E","?","?","T","E","?","R","?","M","R","BOSS","M","$","?","?","?","R","E"],"build_version":"2019-01-17v2","purchased_purges":2,"victory":false,"max_hp_per_floor":[70,70,70,70,70,77,77,77,77,77,77,77,77,77,77,77,77,77,77,77,77,77,77,77],"card_choices":[{"not_picked":["Skewer","Dodge and Roll"],"picked":"Heel Hook","floor":1},{"not_picked":["PiercingWail","Bane"],"picked":"Riddle With Holes","floor":2},{"not_picked":["Eviscerate","Outmaneuver"],"picked":"Sucker Punch","floor":4},{"not_picked":["Skewer","Slice"],"picked":"Calculated Gamble","floor":5},{"not_picked":["Storm of Steel","Noxious Fumes"],"picked":"Riddle With Holes","floor":6},{"not_picked":["Acrobatics","Leg Sweep"],"picked":"Calculated Gamble","floor":10},{"not_picked":["Quick Slash","Dagger Spray"],"picked":"PiercingWail","floor":14},{"not_picked":["Doppelganger","Unload"],"picked":"Die Die Die","floor":16},{"not_picked":["Predator","Poisoned Stab+1"],"picked":"Slice+1","floor":18}],"player_experience":229548,"relics_obtained":[{"floor":6,"key":"Strawberry"},{"floor":9,"key":"Vajra"},{"floor":10,"key":"Whetstone"}],"event_choices":[{"damage_healed":0,"gold_gain":0,"player_choice":"Take Wound","damage_taken":0,"relics_obtained":["Golden Idol"],"max_hp_gain":0,"max_hp_loss":0,"event_name":"Golden Idol","floor":7,"gold_loss":0,"cards_obtained":["Injury"]},{"damage_healed":0,"gold_gain":175,"player_choice":"AGREE","damage_taken":0,"max_hp_gain":0,"max_hp_loss":0,"event_name":"Liars Game","floor":8,"gold_loss":0,"cards_obtained":["Doubt"]},{"cards_removed":["Doubt"],"damage_healed":0,"gold_gain":0,"player_choice":"Card Removal","damage_taken":0,"max_hp_gain":0,"max_hp_loss":0,"event_name":"The Cleric","floor":11,"gold_loss":50},{"damage_healed":0,"gold_gain":100,"player_choice":"Pray","damage_taken":0,"max_hp_gain":0,"max_hp_loss":0,"event_name":"Golden Shrine","floor":13,"gold_loss":0},{"damage_healed":0,"gold_gain":0,"player_choice":"Ignored","damage_taken":0,"max_hp_gain":0,"max_hp_loss":0,"event_name":"Beggar","floor":20,"gold_loss":0},{"damage_healed":0,"gold_gain":0,"player_choice":"Ignored","damage_taken":0,"max_hp_gain":0,"max_hp_loss":0,"event_name":"Ghosts","floor":21,"gold_loss":0},{"cards_removed":["Strike_G"],"damage_healed":0,"gold_gain":0,"player_choice":"Offered Basic","damage_taken":0,"max_hp_gain":0,"max_hp_loss":0,"event_name":"Bonfire Elementals","floor":22,"gold_loss":0}],"is_beta":false,"boss_relics":[{"not_picked":["Lizard Tail","WristBlade"],"picked":"Eternal Feather"}],"items_purged_floors":[3,19],"is_endless":false,"potions_floor_spawned":[1,4,6,10,14,18],"killed_by":"Gremlin Leader","ascension_level":9}