{"gold_per_floor":[109,122,122,138,148,148,174,174,174,174,99,99,121,133,133,207,207,219,232,232],"floor_reached":20,"playtime":872,"items_purged":[],"score":348,"play_id":"5491a59c-ae1e-498d-b67d-6e580f21859a","local_time":"20181225230249","is_ascension_mode":true,"campfire_choices":[{"data":"Hello World","floor":6.0,"key":"SMITH"},{"data":"Blind","floor":8.0,"key":"SMITH"},{"data":"Self Repair","floor":10.0,"key":"SMITH"},{"data":"Zap","floor":12.0,"key":"SMITH"},{"data":"Biased Cognition","floor":15,"key":"SMITH"}],"neow_cost":"NONE","seed_source_timestamp":34109860846894,"circlet_count":0,"master_deck":["AscendersBane","Strike_B","Strike_B","Defend_B","Defend_B","Defend_B","Defend_B","Zap+1","Dualcast","Blind+1","Hello World+1","Scrape","BootSequence","Self Repair+1","Biased Cognition+1","Doom and Gloom","Buffer"],"special_seed":0,"relics":["Cracked Core","Mummified Hand","Thread and Needle","Odd Mushroom","Philosopher\u0027s Stone"],"potions_floor_usage":[20],"damage_taken":[{"damage":4.0,"enemies":"Jaw Worm","floor":1.0,"turns":3.0},{"damage":6.0,"enemies":"Small Slimes","floor":2.0,"turns":4.0},{"damage":3.0,"enemies":"Cultist","floor":4.0,"turns":5.0},{"damage":16.0,"enemies":"Large Slime","floor":5.0,"turns":8.0},{"damage":10.0,"enemies":"Lagavulin","floor":7.0,"turns":7.0},{"damage":10.0,"enemies":"The Mushroom Lair","floor":13.0,"turns":4.0},{"damage":10,"enemies":"Gremlin Gang","floor":14,"turns":5},{"damage":13,"enemies":"Hexaghost","floor":16,"turns":12},{"damage":23,"enemies":"3 Byrds","floor":18,"turns":4},{"damage":22,"enemies":"Shell Parasite","floor":19,"turns":4},{"damage":32,"enemies":"Sentry and Sphere","floor":20,"turns":5}],"seed_played":"6457246933032766282","potions_obtained":[{"floor":2.0,"key":"Poison Potion"},{"floor":7.0,"key":"EssenceOfSteel"},{"floor":13.0,"key":"Ancient Potion"},{"floor":19,"key":"Swift Potion"}],"is_trial":false,"path_per_floor":["M","M","?","M","M","R","E","R","T","R","?","R","?","M","R","B",null,"M","M","M"],"character_chosen":"DEFECT","items_purchased":[],"campfire_rested":0,"item_purchase_floors":[],"current_hp_per_floor":[60,54,47,44,28,28,25,25,25,25,25,25,25,25,25,22,59,36,24,0],"gold":232,"neow_bonus":"RANDOM_COLORLESS","is_prod":false,"is_daily":false,"chose_seed":false,"campfire_upgraded":5,"win_rate":0,"timestamp":1545746569,"path_taken":["M","M","?","M","M","R","E","R","T","R","?","R","?","M","R","BOSS","M","M","M"],"build_version":"2018-12-20","purchased_purges":0,"victory":false,"max_hp_per_floor":[71,71,71,71,71,71,71,71,71,71,71,71,71,71,71,71,71,71,71,71],"card_choices":[{"not_picked":["Stack","Go for the Eyes"],"picked":"Hello World","floor":1.0},{"not_picked":["Barrage","Tempest"],"picked":"Scrape","floor":2.0},{"not_picked":["Steam","Melter"],"picked":"BootSequence","floor":4.0},{"not_picked":["Go for the Eyes","Double Energy"],"picked":"Self Repair","floor":5.0},{"not_picked":["Genetic Algorithm","Gash"],"picked":"Biased Cognition","floor":7.0},{"not_picked":["Auto Shields","Sweeping Beam"],"picked":"Doom and Gloom","floor":13.0},{"not_picked":["Leap","Sweeping Beam","Doom and Gloom"],"picked":"SKIP","floor":14},{"not_picked":["Biased Cognition","Hyperbeam"],"picked":"Buffer","floor":16},{"not_picked":["Chaos","Beam Cell","Rebound"],"picked":"SKIP","floor":18},{"not_picked":["Doom and Gloom","Hologram","Barrage"],"picked":"SKIP","floor":19}],"player_experience":851825,"relics_obtained":[{"floor":7.0,"key":"Mummified Hand"},{"floor":9.0,"key":"Thread and Needle"},{"floor":13.0,"key":"Odd Mushroom"}],"event_choices":[{"cards_removed":["Strike_B"],"damage_healed":0.0,"max_hp_gain":0.0,"max_hp_loss":0.0,"gold_gain":0.0,"event_name":"Golden Wing","player_choice":"Card Removal","floor":3.0,"gold_loss":0.0,"damage_taken":7.0},{"cards_removed":["Strike_B"],"damage_healed":0.0,"max_hp_gain":0.0,"max_hp_loss":0.0,"gold_gain":0.0,"event_name":"The Cleric","player_choice":"Card Removal","floor":11.0,"gold_loss":75.0,"damage_taken":0.0},{"damage_healed":0.0,"max_hp_gain":0.0,"max_hp_loss":0.0,"gold_gain":0.0,"event_name":"Mushrooms","player_choice":"Fought Mushrooms","floor":13.0,"gold_loss":0.0,"damage_taken":0.0}],"is_beta":false,"boss_relics":[{"not_picked":["Ectoplasm","Fusion Hammer"],"picked":"Philosopher\u0027s Stone"}],"items_purged_floors":[],"is_endless":false,"potions_floor_spawned":[2,7,13,19],"killed_by":"Sentry and Sphere","ascension_level":20}