{"gold_per_floor":[109,119,119,132,147,147,180,180,180,180,37,52,106,139,139,139],"floor_reached":16,"playtime":531,"items_purged":[],"score":187,"play_id":"b963293e-79dd-4051-af6f-8ced75c5084b","local_time":"20181003233924","is_ascension_mode":true,"campfire_choices":[{"data":"Clothesline","floor":6,"key":"SMITH"},{"floor":8,"key":"REST"},{"data":"Armaments","floor":15,"key":"SMITH"}],"neow_cost":"TEN_PERCENT_HP_LOSS","seed_source_timestamp":0,"circlet_count":0,"master_deck":["Strike_R","Strike_R","Strike_R","Strike_R","Strike_R","Defend_R","Defend_R","Defend_R","Defend_R","Bash+1","AscendersBane","Power Through","Metallicize","Armaments+1","Clothesline+1","Reaper","True Grit","Bandage Up","Carnage","True Grit"],"special_seed":0,"relics":["Burning Blood","Turnip","Boot","Kunai","Self Forming Clay","Dream Catcher"],"potions_floor_usage":[12,14],"damage_taken":[{"damage":0,"enemies":"2 Louse","floor":1,"turns":3},{"damage":2,"enemies":"Jaw Worm","floor":2,"turns":4},{"damage":0,"enemies":"Small Slimes","floor":4,"turns":5},{"damage":21,"enemies":"Looter","floor":5,"turns":4},{"damage":37,"enemies":"Lagavulin","floor":7,"turns":9},{"damage":15,"enemies":"3 Louse","floor":12,"turns":5},{"damage":16,"enemies":"Gremlin Nob","floor":14,"turns":4},{"damage":58,"enemies":"Hexaghost","floor":16,"turns":15}],"seed_played":"5339013327760497897","potions_obtained":[{"floor":4,"key":"Ancient Potion"},{"floor":5,"key":"EssenceOfSteel"},{"floor":7,"key":"BloodPotion"}],"is_trial":false,"path_per_floor":["M","M","?","M","M","R","E","R","T","?","$","M","?","E","R"],"character_chosen":"IRONCLAD","items_purchased":["True Grit","Bandage Up"],"campfire_rested":1,"item_purchase_floors":[11,11],"current_hp_per_floor":[68,68,68,68,53,53,22,42,42,42,42,58,58,52,52,0],"gold":139,"neow_bonus":"ONE_RARE_RELIC","is_prod":false,"is_daily":false,"chose_seed":false,"campfire_upgraded":2,"win_rate":0,"timestamp":1538602764,"path_taken":["M","M","?","M","M","R","E","R","T","?","$","M","?","E","R","BOSS"],"build_version":"2018-09-27","purchased_purges":0,"victory":false,"max_hp_per_floor":[68,68,68,68,68,68,68,68,68,68,68,68,68,68,68,68],"card_choices":[{"not_picked":["Clash","Intimidate"],"picked":"Power Through","floor":1},{"not_picked":["Havoc","Fire Breathing"],"picked":"Metallicize","floor":2},{"not_picked":["Blood for Blood","Headbutt"],"picked":"Armaments","floor":4},{"not_picked":["Flex","Body Slam"],"picked":"Clothesline","floor":5},{"not_picked":["Iron Wave","Pummel"],"picked":"Reaper","floor":7},{"not_picked":["Pommel Strike","Armaments"],"picked":"Carnage","floor":12},{"not_picked":["Perfected Strike","Power Through"],"picked":"True Grit","floor":14}],"player_experience":809243,"relics_obtained":[{"floor":7,"key":"Boot"},{"floor":9,"key":"Kunai"},{"floor":14,"key":"Dream Catcher"}],"event_choices":[{"event_name":"Living Wall","player_choice":"Grow","floor":3,"damage_taken":0},{"event_name":"Dead Adventurer","player_choice":"Searched \u00271\u0027 times","floor":10,"damage_taken":0},{"event_name":"Golden Wing","player_choice":"Gained Gold","floor":13,"damage_taken":0}],"is_beta":false,"boss_relics":[],"items_purged_floors":[],"is_endless":false,"potions_floor_spawned":[4,5,7],"killed_by":"Hexaghost","ascension_level":14}