{"gold_per_floor":[113,113,17,29,40,40,69,69,69,69,84,103,117,137,137,237,237,256,275,21,39,39,74,22,22,22,22,22,22,41,59,59,160,160,176,188,203,203],"floor_reached":38,"playtime":6588,"items_purged":[],"score":400,"play_id":"c3e33132-c28b-4743-9599-cf81c59bdac2","local_time":"20190125230738","is_ascension_mode":false,"campfire_choices":[{"data":"Defragment","floor":6.0,"key":"SMITH"},{"floor":10,"key":"RECALL"},{"data":"Glacier","floor":15,"key":"SMITH"},{"floor":25,"key":"REST"},{"data":"Echo Form","floor":28,"key":"SMITH"},{"floor":32,"key":"REST"}],"neow_cost":"NONE","seed_source_timestamp":0,"circlet_count":0,"master_deck":["Defend_B","Defend_B","Defend_B","Defend_B","Zap","Dualcast","Chill","Defragment+1","Coolheaded","Go for the Eyes","Skim","Reinforced Body","Conserve Battery","Glacier+1","BootSequence","Echo Form+1","Hello World+1","Gash+1","Redo+1","White Noise+1","BootSequence+1","Conserve Battery+1","Loop","Zap+1","Thunder Strike","Skim+1","FTL","Echo Form"],"special_seed":0,"relics":["Cracked Core","NeowsBlessing","Shuriken","Astrolabe","Singing Bowl","Toxic Egg 2","Mercury Hourglass","Nuclear Battery"],"potions_floor_usage":[16,16,23,31,33],"damage_taken":[{"damage":0.0,"enemies":"Jaw Worm","floor":1.0,"turns":1.0},{"damage":0.0,"enemies":"Cultist","floor":4.0,"turns":1.0},{"damage":0.0,"enemies":"2 Louse","floor":5.0,"turns":1.0},{"damage":7.0,"enemies":"3 Sentries","floor":7.0,"turns":12.0},{"damage":0,"enemies":"Red Slaver","floor":11,"turns":3},{"damage":4,"enemies":"3 Louse","floor":12,"turns":8},{"damage":6,"enemies":"Looter","floor":13,"turns":3},{"damage":0,"enemies":"Blue Slaver","floor":14,"turns":5},{"damage":42,"enemies":"Hexaghost","floor":16,"turns":18},{"damage":6,"enemies":"Shell Parasite","floor":18,"turns":7},{"damage":0,"enemies":"3 Byrds","floor":19,"turns":7},{"damage":0,"enemies":"Cultist and Chosen","floor":21,"turns":10},{"damage":36,"enemies":"Gremlin Leader","floor":23,"turns":7},{"damage":17,"enemies":"Sentry and Sphere","floor":30,"turns":8},{"damage":4,"enemies":"Shelled Parasite and Fungi","floor":31,"turns":6},{"damage":11,"enemies":"Champ","floor":33,"turns":14},{"damage":0,"enemies":"Orb Walker","floor":35,"turns":4},{"damage":23,"enemies":"3 Darklings","floor":36,"turns":6},{"damage":0,"enemies":"Maw","floor":37,"turns":8},{"damage":66,"enemies":"Sphere and 2 Shapes","floor":38,"turns":6}],"seed_played":"7678819053843040671","potions_obtained":[{"floor":1.0,"key":"SkillPotion"},{"floor":7,"key":"PowerPotion"},{"floor":14,"key":"Poison Potion"},{"floor":18,"key":"EssenceOfSteel"},{"floor":23,"key":"LiquidBronze"},{"floor":31,"key":"SteroidPotion"},{"floor":37,"key":"Ancient Potion"}],"is_trial":false,"path_per_floor":["M","?","$","M","M","R","E","?","T","R","M","M","M","M","R","B",null,"M","M","$","M","?","E","$","R","T","?","R","?","M","M","R","B",null,"M","M","M","M"],"character_chosen":"DEFECT","items_purchased":["Defragment","Coolheaded","Singing Bowl","Energy Potion"],"campfire_rested":2,"item_purchase_floors":[3,3,20,24],"current_hp_per_floor":[75,75,75,75,75,75,68,75,75,75,75,71,65,65,65,23,75,69,69,69,69,55,19,19,43,43,43,43,43,28,24,48,37,82,84,63,65,0],"gold":203,"neow_bonus":"THREE_ENEMY_KILL","is_prod":false,"is_daily":false,"chose_seed":false,"campfire_upgraded":3,"win_rate":0,"timestamp":1548486458,"path_taken":["M","?","$","M","?","R","E","?","T","R","M","M","M","M","R","BOSS","M","M","$","M","?","E","$","R","T","?","R","?","M","M","R","BOSS","M","M","M","M"],"build_version":"2019-01-23","purchased_purges":0,"victory":false,"max_hp_per_floor":[75,75,75,75,75,75,75,75,75,75,75,75,75,75,75,75,75,75,75,75,75,80,80,80,80,80,80,80,80,82,82,82,82,82,84,86,88,88],"card_choices":[{"not_picked":["Darkness","Redo"],"picked":"Chill","floor":1.0},{"not_picked":["Streamline","Reinforced Body"],"picked":"Go for the Eyes","floor":4.0},{"not_picked":["Doom and Gloom","Rebound"],"picked":"Skim","floor":5.0},{"not_picked":["Leap","Go for the Eyes"],"picked":"Reinforced Body","floor":7},{"not_picked":["Beam Cell","Redo"],"picked":"Conserve Battery","floor":11},{"not_picked":["Rebound","Static Discharge","Stack"],"picked":"SKIP","floor":12},{"not_picked":["Turbo","Capacitor"],"picked":"Glacier","floor":13},{"not_picked":["Rebound","Skim"],"picked":"BootSequence","floor":14},{"not_picked":["Biased Cognition","Buffer"],"picked":"Echo Form","floor":16},{"not_picked":["Undo","Rebound"],"picked":"White Noise+1","floor":18},{"not_picked":["Reinforced Body","Aggregate+1"],"picked":"BootSequence+1","floor":19},{"not_picked":["Double Energy","Sweeping Beam"],"picked":"Conserve Battery+1","floor":21},{"not_picked":["BootSequence+1","Turbo"],"picked":"Loop","floor":23},{"not_picked":["Leap+1","Steam Power+1","Skim+1"],"picked":"Singing Bowl","floor":30},{"not_picked":["Conserve Battery+1","BootSequence+1"],"picked":"FTL","floor":31},{"not_picked":["Creative AI","Thunder Strike"],"picked":"Echo Form","floor":33},{"not_picked":["Hello World","Sweeping Beam+1","Auto Shields+1"],"picked":"Singing Bowl","floor":35},{"not_picked":["Steam Power+1","Hello World+1","Ball Lightning"],"picked":"Singing Bowl","floor":36},{"not_picked":["Steam+1","Stack+1","Streamline"],"picked":"Singing Bowl","floor":37}],"player_experience":154200,"relics_obtained":[{"floor":7,"key":"Shuriken"},{"floor":23,"key":"Toxic Egg 2"},{"floor":26,"key":"Mercury Hourglass"}],"event_choices":[{"cards_removed":["Strike_B"],"damage_healed":0.0,"max_hp_gain":0.0,"max_hp_loss":0.0,"gold_gain":0.0,"event_name":"Bonfire Elementals","player_choice":"Offered Basic","floor":2.0,"gold_loss":0.0,"damage_taken":0.0},{"damage_healed":7,"gold_gain":0,"player_choice":"Full Heal","damage_taken":0,"max_hp_gain":0,"max_hp_loss":0,"event_name":"Wheel of Change","floor":8,"gold_loss":0},{"damage_healed":0,"gold_gain":0,"player_choice":"Shed Blood","damage_taken":19,"max_hp_gain":5,"max_hp_loss":0,"event_name":"Forgotten Altar","floor":22,"gold_loss":0},{"damage_healed":0,"gold_gain":0,"player_choice":"Ignored","damage_taken":0,"max_hp_gain":0,"max_hp_loss":0,"event_name":"Vampires","floor":27,"gold_loss":0},{"damage_healed":0,"gold_gain":0,"player_choice":"3 cards matched","damage_taken":0,"max_hp_gain":0,"max_hp_loss":0,"event_name":"Match and Keep!","floor":29,"gold_loss":0,"cards_obtained":["Zap","Thunder Strike","Skim"]}],"is_beta":false,"boss_relics":[{"not_picked":["White Beast Statue","Fusion Hammer"],"picked":"Astrolabe"},{"not_picked":["Philosopher\u0027s Stone","Black Star"],"picked":"Nuclear Battery"}],"items_purged_floors":[],"is_endless":false,"potions_floor_spawned":[1,7,14,18,23,31,37],"killed_by":"Sphere and 2 Shapes","ascension_level":0}