{"gold_per_floor":[111,111,186,201,225,249,1,22,22,22,36,51,82,101,101,101],"floor_reached":16,"playtime":1135,"items_purged":[],"score":104,"play_id":"5a799fe7-feb3-4070-9c2e-21127fbf002b","local_time":"20181014011528","is_ascension_mode":false,"campfire_choices":[{"data":"Zap","floor":10,"key":"SMITH"},{"floor":15,"key":"REST"}],"neow_cost":"TEN_PERCENT_HP_LOSS","seed_source_timestamp":199932226262377,"circlet_count":0,"master_deck":["Strike_B","Strike_B","Strike_B","Strike_B","Defend_B","Defend_B","Defend_B","Defend_B","Zap+1","Dualcast","Self Repair","Ball Lightning","Storm","Ball Lightning","Ball Lightning","Chaos","Double Energy","Fission"],"relics":["Cracked Core","Nunchaku","Golden Idol","Boot","Bottled Lightning","Bottled Tornado","Peace Pipe"],"potions_floor_usage":[13,13,14],"damage_taken":[{"damage":0,"enemies":"Cultist","floor":1,"turns":3},{"damage":7,"enemies":"Small Slimes","floor":4,"turns":4},{"damage":7,"enemies":"2 Louse","floor":6,"turns":3},{"damage":15,"enemies":"Exordium Wildlife","floor":8,"turns":4},{"damage":15,"enemies":"Gremlin Gang","floor":11,"turns":4},{"damage":7,"enemies":"Blue Slaver","floor":12,"turns":2},{"damage":9,"enemies":"3 Sentries","floor":13,"turns":4},{"damage":22,"enemies":"Exordium Wildlife","floor":14,"turns":4},{"damage":28,"enemies":"Hexaghost","floor":16,"turns":8}],"seed_played":"-1767380421929251278","potions_obtained":[{"floor":4,"key":"AttackPotion"},{"floor":6,"key":"EssenceOfSteel"},{"floor":11,"key":"EssenceOfSteel"},{"floor":12,"key":"PowerPotion"}],"is_trial":false,"path_per_floor":["M","?","?","M","T","M","$","M","T","R","M","M","E","M","R"],"character_chosen":"DEFECT","items_purchased":["Bottled Lightning"],"campfire_rested":1,"item_purchase_floors":[7],"current_hp_per_floor":[68,51,40,40,40,40,40,32,32,32,24,24,29,7,27,0],"gold":101,"neow_bonus":"ONE_RARE_RELIC","is_prod":false,"is_daily":false,"chose_seed":false,"campfire_upgraded":1,"win_rate":0.0,"timestamp":1539432928,"path_taken":["M","?","?","M","?","M","?","M","T","R","?","M","E","M","R","BOSS"],"build_version":"2018-10-11","purchased_purges":0,"victory":false,"max_hp_per_floor":[68,68,68,68,68,68,68,68,68,68,68,68,68,68,68,68],"card_choices":[{"not_picked":["Gash","Glacier"],"picked":"Self Repair","floor":1},{"not_picked":["Redo","Barrage"],"picked":"Ball Lightning","floor":4},{"not_picked":["Barrage","Rip and Tear"],"picked":"Storm","floor":6},{"not_picked":["Rip and Tear","Sweeping Beam"],"picked":"Ball Lightning","floor":8},{"not_picked":["Undo","Melter"],"picked":"Ball Lightning","floor":11},{"not_picked":["BootSequence","Aggregate"],"picked":"Chaos","floor":12},{"not_picked":["Self Repair","Compile Driver"],"picked":"Double Energy","floor":13},{"not_picked":["Skim","Stack"],"picked":"Fission","floor":14}],"player_experience":12451,"relics_obtained":[{"floor":5,"key":"Boot"},{"floor":9,"key":"Bottled Tornado"},{"floor":13,"key":"Peace Pipe"}],"event_choices":[{"event_name":"Golden Idol","player_choice":"Take Damage","floor":2,"damage_taken":0},{"event_name":"World of Goop","player_choice":"Gather Gold","floor":3,"damage_taken":0}],"is_beta":false,"boss_relics":[],"items_purged_floors":[],"is_endless":false,"potions_floor_spawned":[4,6,11,12],"killed_by":"Hexaghost","ascension_level":0}