{"gold_per_floor":[118,78,78,3,3,30,30,48,98,115,77,95,112,129,129,234,234,250,250,267,62,15,15,15],"floor_reached":24,"playtime":1584,"items_purged":["Defend_R"],"score":196,"play_id":"719cf18b-4000-434f-ab20-832102bf9542","local_time":"20181016214654","is_ascension_mode":false,"campfire_choices":[{"floor":7,"key":"REST"},{"data":"Armaments","floor":15,"key":"SMITH"},{"data":"Armaments","floor":23,"key":"SMITH"}],"neow_cost":"PERCENT_DAMAGE","seed_source_timestamp":446178990964169,"circlet_count":0,"master_deck":["Strike_R","Strike_R","Strike_R","Strike_R","Strike_R","Defend_R","Defend_R","Defend_R","Bash","Sword Boomerang","Decay","Shockwave","Shrug It Off","Flex","Inflame","Limit Break","Armaments+1","Iron Wave","Limit Break","Metallicize","Body Slam","Armaments+1"],"relics":["Burning Blood","Ginger","Calipers","Darkstone Periapt","Orichalcum","Lizard Tail","Medical Kit"],"potions_floor_usage":[6,6,6,6,8,13,13,14,20],"damage_taken":[{"damage":10,"enemies":"Cultist","floor":1,"turns":4},{"damage":20,"enemies":"Gremlin Nob","floor":6,"turns":4},{"damage":5,"enemies":"Jaw Worm","floor":8,"turns":4},{"damage":0,"enemies":"Small Slimes","floor":10,"turns":4},{"damage":6,"enemies":"Blue Slaver","floor":12,"turns":4},{"damage":15,"enemies":"Lots of Slimes","floor":13,"turns":3},{"damage":8,"enemies":"Exordium Thugs","floor":14,"turns":4},{"damage":25,"enemies":"The Guardian","floor":16,"turns":9},{"damage":16,"enemies":"Shell Parasite","floor":18,"turns":4},{"damage":26,"enemies":"2 Thieves","floor":20,"turns":4},{"damage":35,"enemies":"3 Cultists","floor":24,"turns":5}],"seed_played":"8155029114925455639","potions_obtained":[{"floor":2,"key":"SkillPotion"},{"floor":2,"key":"EntropicBrew"},{"floor":2,"key":"EssenceOfSteel"},{"floor":6,"key":"SpeedPotion"},{"floor":13,"key":"Fire Potion"},{"floor":14,"key":"Ancient Potion"},{"floor":16,"key":"Strength Potion"}],"is_trial":false,"path_per_floor":["M","?","T","$","?","E","R","M","T","M","$","M","M","M","R","B",null,"M","?","M","$","$","R"],"character_chosen":"IRONCLAD","items_purchased":["Inflame","Medical Kit","Armaments"],"campfire_rested":1,"item_purchase_floors":[11,21,22],"current_hp_per_floor":[52,52,52,52,52,38,62,63,63,69,69,69,60,58,58,39,80,70,62,42,42,42,42,7],"gold":15,"neow_bonus":"ONE_RARE_RELIC","is_prod":false,"is_daily":false,"chose_seed":false,"campfire_upgraded":2,"win_rate":0.0,"timestamp":1539679614,"path_taken":["M","?","?","$","?","E","R","M","T","M","?","M","?","M","R","BOSS","M","?","M","?","$","R","M"],"build_version":"2018-10-11","purchased_purges":1,"victory":false,"max_hp_per_floor":[80,80,80,80,80,80,80,80,80,80,80,80,80,80,80,80,80,80,80,80,80,80,80,80],"card_choices":[{"not_picked":["Iron Wave","Entrench"],"picked":"Sword Boomerang","floor":1},{"not_picked":["Wild Strike","Cleave"],"picked":"Shockwave","floor":6},{"not_picked":["Entrench","True Grit"],"picked":"Shrug It Off","floor":8},{"not_picked":["Blood for Blood","Thunderclap"],"picked":"Flex","floor":10},{"not_picked":["Reckless Charge","Headbutt"],"picked":"Limit Break","floor":12},{"not_picked":["Thunderclap","Perfected Strike"],"picked":"Armaments","floor":13},{"not_picked":["Shockwave","Thunderclap"],"picked":"Iron Wave","floor":14},{"not_picked":["Impervious","Berserk"],"picked":"Limit Break","floor":16},{"not_picked":["Warcry","Sword Boomerang"],"picked":"Metallicize","floor":18},{"not_picked":["Corruption","Bloodletting+1"],"picked":"Body Slam","floor":20}],"player_experience":93851,"relics_obtained":[{"floor":3,"key":"Calipers"},{"floor":6,"key":"Darkstone Periapt"},{"floor":9,"key":"Orichalcum"}],"event_choices":[{"event_name":"The Woman in Blue","player_choice":"Bought 3 Potions","floor":2,"damage_taken":0},{"event_name":"Wheel of Change","player_choice":"Curse","floor":5,"damage_taken":0},{"event_name":"Wheel of Change","player_choice":"Damage","floor":19,"damage_taken":0}],"is_beta":false,"boss_relics":[{"not_picked":["Calling Bell","Cursed Key"],"picked":"Lizard Tail"}],"items_purged_floors":[4],"is_endless":false,"potions_floor_spawned":[6,13,14,16],"killed_by":"3 Cultists","ascension_level":0}