{"gold_per_floor":[109,109,35,35,54,54,87,87,155,191,165,165,199,219,219,317,317,335,335,16,36,36,72,72,88,88,88,123,173,186,207,207,303,303,326,326,24,24,48,48,86,110,110,110,133,151,151,190,190,190],"floor_reached":51,"playtime":1141,"items_purged":["Defend_R"],"score":1501,"play_id":"496b93c7-5510-4bfe-9214-068c9f757294","local_time":"20180716211255","is_ascension_mode":true,"campfire_choices":[{"data":"Perfected Strike","floor":6.0,"key":"SMITH"},{"data":"True Grit","floor":8.0,"key":"SMITH"},{"floor":12.0,"key":"REST"},{"data":"Perfected Strike","floor":15.0,"key":"SMITH"},{"data":"Double Tap","floor":24,"key":"SMITH"},{"data":"Perfected Strike","floor":27,"key":"SMITH"},{"data":"Uppercut","floor":32,"key":"SMITH"},{"data":"Whirlwind","floor":40,"key":"SMITH"},{"data":"Trip","floor":44,"key":"SMITH"},{"floor":47,"key":"REST"},{"floor":49,"key":"REST"}],"neow_cost":"NONE","seed_source_timestamp":0,"circlet_count":0,"master_deck":["Strike_R","Strike_R","Strike_R","Strike_R","Strike_R","Defend_R","Defend_R","Defend_R+1","Bash+1","AscendersBane","Perfected Strike+1","Shrug It Off+1","True Grit+1","Dual Wield+1","Shockwave+1","Clothesline","Perfected Strike+1","Twin Strike","Bludgeon","Shrug It Off","Shrug It Off","Double Tap+1","Twin Strike","Pommel Strike","Perfected Strike+1","Perfected Strike+1","Uppercut+1","Headbutt+1","Flame Barrier+1","Demon Form","Twin Strike","Secret Weapon","Whirlwind+1","Trip+1","Feel No Pain","Shrug It Off","Pommel Strike+1","Wild Strike+1","Dual Wield","Power Through"],"special_seed":0,"relics":["Velvet Choker","Golden Idol","Dream Catcher","Bottled Lightning","War Paint","Mercury Hourglass","Runic Dome","Shuriken","Pen Nib","Bag of Preparation","Thread and Needle","Bronze Scales","Sozu","Ornamental Fan","Anchor","Blue Candle"],"potions_floor_usage":[50],"damage_taken":[{"damage":1.0,"enemies":"Small Slimes","floor":1.0,"turns":4.0},{"damage":0.0,"enemies":"Cultist","floor":5.0,"turns":3.0},{"damage":8.0,"enemies":"Gremlin Nob","floor":7.0,"turns":3.0},{"damage":18.0,"enemies":"Lagavulin","floor":10.0,"turns":7.0},{"damage":7.0,"enemies":"3 Sentries","floor":13.0,"turns":7.0},{"damage":4.0,"enemies":"Jaw Worm","floor":14.0,"turns":2.0},{"damage":0.0,"enemies":"Slime Boss","floor":16.0,"turns":4.0},{"damage":0,"enemies":"Spheric Guardian","floor":18,"turns":2},{"damage":0,"enemies":"3 Byrds","floor":21,"turns":4},{"damage":5,"enemies":"Slavers","floor":23,"turns":2},{"damage":0,"enemies":"Snake Plant","floor":25,"turns":1},{"damage":7,"enemies":"Gremlin Leader","floor":28,"turns":3},{"damage":0,"enemies":"Snecko","floor":30,"turns":2},{"damage":0,"enemies":"Centurion and Healer","floor":31,"turns":2},{"damage":20,"enemies":"Collector","floor":33,"turns":5},{"damage":0,"enemies":"3 Darklings","floor":35,"turns":2},{"damage":0,"enemies":"Flame Bruiser 1 Orb","floor":39,"turns":2},{"damage":2,"enemies":"2 Orb Walkers","floor":41,"turns":2},{"damage":0,"enemies":"Sphere and 2 Shapes","floor":42,"turns":3},{"damage":0,"enemies":"3 Darklings","floor":45,"turns":3},{"damage":0,"enemies":"Spire Growth","floor":46,"turns":3},{"damage":31,"enemies":"Nemesis","floor":48,"turns":5},{"damage":38,"enemies":"Donu and Deca","floor":50,"turns":6}],"seed_played":"-6240654830957637296","potions_obtained":[{"floor":1.0,"key":"Strength Potion"},{"floor":13.0,"key":"Poison Potion"},{"floor":14.0,"key":"EssenceOfSteel"},{"floor":23,"key":"SteroidPotion"}],"is_trial":false,"path_per_floor":["M","?","$","?","M","R","E","R","T","E","$","R","E","M","R","B",null,"M","T","$","M","?","E","R","M","T","R","E","?","M","M","R","B",null,"M","?","$","?","M","R","E","M","T","R","M","M","R","E","R","B"],"character_chosen":"IRONCLAD","items_purchased":["Shrug It Off","True Grit","Pommel Strike","Shrug It Off","Pen Nib","Double Tap","Twin Strike","Secret Weapon","Whirlwind"],"campfire_rested":3,"item_purchase_floors":[3,3,11,20,20,20,20,37,37],"current_hp_per_floor":[67,44,44,44,44,44,36,36,36,18,18,38,31,27,27,27,58,58,58,58,58,58,53,53,53,53,53,46,46,46,46,46,26,58,58,58,58,58,58,58,56,56,56,56,56,56,68,37,57,19],"gold":190,"neow_bonus":"BOSS_RELIC","is_prod":false,"is_daily":false,"chose_seed":false,"campfire_upgraded":8,"win_rate":0,"timestamp":1531800775,"path_taken":["M","?","$","?","M","R","E","R","T","E","$","R","E","M","R","BOSS","M","?","$","M","?","E","R","?","T","R","E","?","?","M","R","BOSS","M","?","$","?","M","R","E","M","T","R","M","M","R","E","R","BOSS"],"build_version":"2018-07-13","purchased_purges":1,"victory":true,"max_hp_per_floor":[75,75,75,68,68,68,68,68,68,68,68,68,68,68,68,68,68,68,68,68,68,68,68,68,68,68,68,68,68,68,68,68,68,68,68,68,68,68,68,68,68,68,68,68,68,68,68,68,68,68],"card_choices":[{"not_picked":["Bloodletting","Uppercut"],"picked":"Perfected Strike","floor":1.0},{"not_picked":["Thunderclap","Warcry"],"picked":"Dual Wield","floor":5.0},{"not_picked":["Havoc","Iron Wave"],"picked":"Shockwave","floor":7.0},{"not_picked":["Uppercut","Dropkick"],"picked":"Clothesline","floor":10.0},{"not_picked":["Brutality","Flame Barrier"],"picked":"Perfected Strike","floor":13.0},{"not_picked":["Clash","Fire Breathing"],"picked":"Twin Strike","floor":14.0},{"not_picked":["Feed","Barricade"],"picked":"Bludgeon","floor":16.0},{"not_picked":["Bloodletting","Clothesline"],"picked":"Shrug It Off","floor":18},{"not_picked":["Armaments","Shrug It Off"],"picked":"Pommel Strike","floor":21},{"not_picked":["Battle Trance","Bloodletting"],"picked":"Perfected Strike+1","floor":23},{"not_picked":["Sword Boomerang","Metallicize"],"picked":"Perfected Strike","floor":25},{"not_picked":["Body Slam","Reaper"],"picked":"Uppercut","floor":28},{"not_picked":["Seeing Red+1","Sword Boomerang"],"picked":"Headbutt+1","floor":30},{"not_picked":["True Grit","Wild Strike"],"picked":"Flame Barrier+1","floor":31},{"not_picked":["Berserk","Exhume"],"picked":"Demon Form","floor":33},{"not_picked":["True Grit","Flex+1"],"picked":"Twin Strike","floor":35},{"not_picked":["Dark Shackles","Chrysalis"],"picked":"Trip","floor":38},{"not_picked":["Twin Strike","Armaments"],"picked":"Feel No Pain","floor":41},{"not_picked":["Intimidate+1","Blood for Blood"],"picked":"Shrug It Off","floor":42},{"not_picked":["Clash","Shrug It Off"],"picked":"Pommel Strike+1","floor":45},{"not_picked":["Iron Wave","Twin Strike"],"picked":"Wild Strike+1","floor":46},{"not_picked":["Headbutt","Clothesline"],"picked":"Dual Wield","floor":47},{"not_picked":["Twin Strike+1","Body Slam"],"picked":"Power Through","floor":48}],"player_experience":672527,"relics_obtained":[{"floor":7.0,"key":"Dream Catcher"},{"floor":9.0,"key":"Bottled Lightning"},{"floor":10.0,"key":"War Paint"},{"floor":13.0,"key":"Mercury Hourglass"},{"floor":19,"key":"Shuriken"},{"floor":23,"key":"Bag of Preparation"},{"floor":26,"key":"Thread and Needle"},{"floor":28,"key":"Bronze Scales"},{"floor":41,"key":"Ornamental Fan"},{"floor":43,"key":"Anchor"},{"floor":48,"key":"Blue Candle"}],"event_choices":[{"event_name":"Shining Light","player_choice":"Entered Light","floor":2.0,"damage_taken":0.0},{"event_name":"Golden Idol","player_choice":"Lose Max HP","floor":4.0,"damage_taken":0.0},{"event_name":"Accursed Blacksmith","player_choice":"Forge","floor":22,"damage_taken":0},{"event_name":"Nest","player_choice":"Stole From Cult","floor":29,"damage_taken":0},{"event_name":"Falling","player_choice":"Removed Attack","floor":36,"damage_taken":0},{"event_name":"SensoryStone","player_choice":"Memory 1","floor":38,"damage_taken":0}],"boss_relics":[{"not_picked":["Calling Bell","Empty Cage"],"picked":"Runic Dome"},{"not_picked":["White Beast Statue","Fusion Hammer"],"picked":"Sozu"}],"items_purged_floors":[37],"is_endless":false,"potions_floor_spawned":[1,13,14,23,25,30,33,39,41,46],"ascension_level":15}