{"gold_per_floor":[114,128,53,65,14,47,65,65,65,65,76,96,96,107,107,203,203,217,142,142,42,56,56,69,69,69,69,46,61,61,89,89,89],"floor_reached":33,"playtime":1517,"items_purged":["Strike_G","Infinite Blades+1"],"score":267,"play_id":"6c903613-d39e-40b0-b4ec-37cd7a7d86f2","local_time":"20181020140956","is_ascension_mode":false,"campfire_choices":[{"floor":8,"key":"REST"},{"data":"Choke","floor":10,"key":"SMITH"},{"data":"Poisoned Stab","floor":13,"key":"SMITH"},{"data":"Neutralize","floor":15,"key":"SMITH"},{"floor":23,"key":"REST"},{"floor":25,"key":"REST"},{"floor":27,"key":"REST"},{"data":"Corpse Explosion","floor":30,"key":"SMITH"},{"floor":32,"key":"REST"}],"neow_cost":"NONE","seed_source_timestamp":764441743455027,"circlet_count":0,"master_deck":["Defend_G","Defend_G","Defend_G","Strike_G","Strike_G","Survivor","Neutralize+1","Dagger Throw","Accuracy","Poisoned Stab+1","Quick Slash","Choke+1","Backflip","Riddle With Holes+1","Quick Slash+1","Corpse Explosion+1","Calculated Gamble+1","Phantasmal Killer+1","Phantasmal Killer+1","Quick Slash+1","Dagger Throw+1","Sucker Punch+1","Choke+1","Flying Knee+1"],"relics":["Ring of the Snake","NeowsBlessing","Question Card","Molten Egg 2","Astrolabe","Mercury Hourglass","Bottled Tornado","Bronze Scales"],"potions_floor_usage":[6,11,14,16,18,31,33],"damage_taken":[{"damage":0,"enemies":"Cultist","floor":1,"turns":1},{"damage":0,"enemies":"Jaw Worm","floor":2,"turns":1},{"damage":0,"enemies":"2 Louse","floor":4,"turns":1},{"damage":29,"enemies":"Lagavulin","floor":6,"turns":8},{"damage":5,"enemies":"2 Fungi Beasts","floor":7,"turns":3},{"damage":0,"enemies":"3 Louse","floor":11,"turns":4},{"damage":3,"enemies":"Exordium Thugs","floor":12,"turns":4},{"damage":11,"enemies":"Exordium Wildlife","floor":14,"turns":3},{"damage":44,"enemies":"Hexaghost","floor":16,"turns":8},{"damage":28,"enemies":"2 Thieves","floor":18,"turns":3},{"damage":18,"enemies":"Spheric Guardian","floor":22,"turns":4},{"damage":27,"enemies":"3 Cultists","floor":24,"turns":5},{"damage":15,"enemies":"Snake Plant","floor":29,"turns":3},{"damage":30,"enemies":"Slavers","floor":31,"turns":2},{"damage":43,"enemies":"Champ","floor":33,"turns":7}],"seed_played":"8606398801751288116","potions_obtained":[{"floor":2,"key":"SpeedPotion"},{"floor":7,"key":"SkillPotion"},{"floor":12,"key":"Regen Potion"},{"floor":14,"key":"AttackPotion"},{"floor":16,"key":"Block Potion"},{"floor":29,"key":"PowerPotion"},{"floor":31,"key":"Dexterity Potion"}],"is_trial":false,"path_per_floor":["M","M","$","M","$","E","M","R","T","R","M","M","R","M","R","B",null,"M","?","?","$","M","R","M","R","T","R","$","M","R","E","R"],"character_chosen":"THE_SILENT","items_purchased":["Poisoned Stab","Sucker Punch+1"],"campfire_rested":5,"item_purchase_floors":[5,28],"current_hp_per_floor":[70,70,70,70,70,41,36,57,57,57,57,54,54,52,52,8,70,42,42,42,42,24,45,18,39,39,60,60,45,45,15,36,0],"gold":89,"neow_bonus":"THREE_ENEMY_KILL","is_prod":false,"is_daily":false,"chose_seed":false,"campfire_upgraded":4,"win_rate":0.0,"timestamp":1539997796,"path_taken":["M","M","$","?","$","E","M","R","T","R","M","M","R","M","R","BOSS","M","?","?","?","M","R","M","R","T","R","$","M","R","E","R","BOSS"],"build_version":"2018-10-18","purchased_purges":2,"victory":false,"max_hp_per_floor":[70,70,70,70,70,70,70,70,70,70,70,70,70,70,70,70,70,70,70,70,70,70,70,70,70,70,70,70,70,70,70,70,70],"card_choices":[{"not_picked":["Finisher","Bane"],"picked":"Dagger Throw","floor":1},{"not_picked":["Blur","Acrobatics"],"picked":"Accuracy","floor":2},{"not_picked":["Masterful Stab","Acrobatics","Catalyst"],"picked":"SKIP","floor":4},{"not_picked":["Catalyst","Outmaneuver"],"picked":"Quick Slash","floor":6},{"not_picked":["Dash","Poisoned Stab","Catalyst"],"picked":"Choke","floor":7},{"not_picked":["Blade Dance","Caltrops","Leg Sweep"],"picked":"Backflip","floor":11},{"not_picked":["PiercingWail","Blade Dance","Flying Knee+1"],"picked":"Riddle With Holes+1","floor":12},{"not_picked":["Caltrops","Sucker Punch+1","Deadly Poison"],"picked":"Quick Slash+1","floor":14},{"not_picked":["Adrenaline","Venomology","Tools of the Trade"],"picked":"Corpse Explosion","floor":16},{"not_picked":["Accuracy","Eviscerate+1","Riddle With Holes+1"],"picked":"Infinite Blades+1","floor":18},{"not_picked":["Outmaneuver+1","Sucker Punch+1","Underhanded Strike+1"],"picked":"Quick Slash+1","floor":22},{"not_picked":["Bane+1","PiercingWail+1","Deflect"],"picked":"Dagger Throw+1","floor":24},{"not_picked":["Flying Knee+1","Dodge and Roll","Acrobatics"],"picked":"Choke+1","floor":29},{"not_picked":["Blade Dance","Venomology","Underhanded Strike+1"],"picked":"Flying Knee+1","floor":31}],"player_experience":120269,"relics_obtained":[{"floor":6,"key":"Question Card"},{"floor":9,"key":"Molten Egg 2"},{"floor":26,"key":"Bottled Tornado"},{"floor":31,"key":"Bronze Scales"}],"event_choices":[{"cards_removed":["Strike_G"],"damage_healed":0,"gold_gain":0,"player_choice":"Gave Gold","damage_taken":0,"max_hp_gain":0,"max_hp_loss":0,"event_name":"Beggar","floor":19,"gold_loss":75},{"damage_healed":0,"gold_gain":0,"player_choice":"Opened","damage_taken":0,"relics_obtained":["Mercury Hourglass"],"max_hp_gain":0,"max_hp_loss":0,"event_name":"The Mausoleum","floor":20,"gold_loss":0}],"is_beta":false,"boss_relics":[{"not_picked":["Sozu","Ring of the Serpent"],"picked":"Astrolabe"}],"items_purged_floors":[3,21],"is_endless":false,"potions_floor_spawned":[2,7,12,14,16,29,31],"killed_by":"Champ","ascension_level":0}