{"path_per_floor":["M","?","M","$","?","E","M","E","T","$","E","M"],"character_chosen":"DEFECT","items_purchased":["Rainbow","Beam Cell","Hologram"],"gold_per_floor":[115,115,128,59,59,84,98,123,123,47,81,81,81],"floor_reached":13,"campfire_rested":0,"playtime":816,"item_purchase_floors":[4,10,10],"current_hp_per_floor":[78,78,78,78,78,59,59,29,29,29,6,6,0],"items_purged":[],"gold":81,"score":118,"play_id":"440af0df-1890-470b-a7c4-e3284ffb5c24","local_time":"20180604181855","is_prod":false,"is_daily":false,"chose_seed":false,"is_ascension_mode":true,"campfire_upgraded":0,"win_rate":0,"timestamp":1528129135,"campfire_choices":[],"path_taken":["M","?","?","?","?","E","M","E","T","?","E","?","E"],"build_version":"2018-05-31","seed_source_timestamp":99928086478353,"purchased_purges":0,"victory":false,"master_deck":["Strike_B","Strike_B","Strike_B","Strike_B","Defend_B","Defend_B","Defend_B","Defend_B","Zap+1","Dualcast","Defragment","Hologram","Rainbow","Ball Lightning","Rip and Tear","Conserve Battery","Beam Cell","Hologram","White Noise"],"max_hp_per_floor":[82,82,82,82,82,82,82,82,82,82,82,82,82],"relics":["Cracked Core","Dead Branch","Turnip","Peace Pipe","Shuriken"],"card_choices":[{"not_picked":["Compile Driver","Cold Snap"],"picked":"Defragment","floor":1},{"not_picked":["Hello World","Steam Power"],"picked":"Hologram","floor":3},{"not_picked":["Auto Shields","Steam"],"picked":"Ball Lightning","floor":6},{"not_picked":["Stack","Steam Power"],"picked":"Rip and Tear","floor":7},{"not_picked":["Go for the Eyes","Beam Cell"],"picked":"Conserve Battery","floor":8},{"not_picked":["Rebound","Machine Learning"],"picked":"White Noise","floor":11}],"player_experience":700444,"potions_floor_usage":[8,12,13],"damage_taken":[{"damage":4,"enemies":"Jaw Worm","floor":1,"turns":5},{"damage":0,"enemies":"Small Slimes","floor":3,"turns":2},{"damage":19,"enemies":"3 Sentries","floor":6,"turns":10},{"damage":0,"enemies":"Cultist","floor":7,"turns":2},{"damage":30,"enemies":"Lagavulin","floor":8,"turns":4},{"damage":23,"enemies":"Gremlin Nob","floor":11,"turns":4},{"damage":0,"enemies":"Lots of Slimes","floor":12,"turns":1},{"damage":12,"enemies":"Lagavulin","floor":13,"turns":4}],"relics_obtained":[{"floor":6,"key":"Dead Branch"},{"floor":8,"key":"Turnip"},{"floor":9,"key":"Peace Pipe"},{"floor":11,"key":"Shuriken"}],"event_choices":[{"event_name":"Living Wall","player_choice":"Grow","floor":2,"damage_taken":0},{"event_name":"The Lab","player_choice":"Got Potions","floor":5,"damage_taken":0}],"boss_relics":[],"items_purged_floors":[],"potions_floor_spawned":[3,7,11],"seed_played":"-3033055337822598208","killed_by":"Lagavulin","ascension_level":3,"potions_obtained":[{"floor":3,"key":"Strength Potion"},{"floor":5,"key":"SkillPotion"},{"floor":5,"key":"SteroidPotion"},{"floor":11,"key":"SmokeBomb"}],"is_trial":false}