{"path_per_floor":["M","?","$","M","M","R","E","R","T","M","?","E","?","?","R"],"character_chosen":"THE_SILENT","items_purchased":["Orichalcum"],"gold_per_floor":[109,284,54,71,85,85,117,117,117,129,129,154,154,154,154,154],"floor_reached":16,"campfire_rested":1,"playtime":1371,"current_hp_per_floor":[56,56,56,54,52,52,27,48,48,48,48,24,24,29,29,0],"items_purged":["Doubt"],"gold":154,"score":151,"play_id":"077df889-a1ee-4766-831c-f1f9084d7ae8","local_time":"20180524121555","is_prod":false,"is_daily":false,"chose_seed":false,"is_ascension_mode":true,"campfire_upgraded":2,"timestamp":1527156955,"campfire_choices":[{"data":"Leg Sweep","floor":6,"key":"SMITH"},{"floor":8,"key":"REST"},{"data":"Cloak And Dagger","floor":15,"key":"SMITH"}],"path_taken":["M","?","$","M","M","R","E","R","T","M","?","E","?","?","R","BOSS"],"build_version":"2018-05-17","seed_source_timestamp":723530237153,"purchased_purges":1,"victory":false,"master_deck":["Defend_G","Defend_G","Defend_G","Defend_G","Defend_G","Strike_G","Strike_G","Strike_G","Strike_G","Survivor","Neutralize","Leg Sweep+1","Slice","Backstab","Cloak And Dagger+1","Sucker Punch","Unload","Injury"],"max_hp_per_floor":[70,70,70,70,70,70,70,70,70,70,70,70,70,75,75,75],"relics":["Ring of the Snake","Orichalcum","Peace Pipe","Centennial Puzzle","Ornamental Fan","Golden Idol"],"card_choices":[{"not_picked":["Poisoned Stab","Skewer"],"picked":"Leg Sweep","floor":1},{"not_picked":["Dagger Throw","Infinite Blades"],"picked":"Slice","floor":4},{"not_picked":["Deflect","Dodge and Roll"],"picked":"Backstab","floor":5},{"not_picked":["Finisher","Dagger Spray"],"picked":"Cloak And Dagger","floor":7},{"not_picked":["Crippling Poison","Underhanded Strike"],"picked":"Sucker Punch","floor":10},{"not_picked":["Slice","Underhanded Strike"],"picked":"Unload","floor":12}],"player_experience":642069,"potions_floor_usage":[7,7],"damage_taken":[{"damage":7,"enemies":"Small Slimes","floor":1,"turns":9},{"damage":2,"enemies":"2 Louse","floor":4,"turns":3},{"damage":2,"enemies":"Cultist","floor":5,"turns":5},{"damage":25,"enemies":"Lagavulin","floor":7,"turns":9},{"damage":0,"enemies":"Exordium Wildlife","floor":10,"turns":10},{"damage":24,"enemies":"Gremlin Nob","floor":12,"turns":7},{"damage":30,"enemies":"Hexaghost","floor":16,"turns":15}],"relics_obtained":[{"floor":7,"key":"Peace Pipe"},{"floor":9,"key":"Centennial Puzzle"},{"floor":12,"key":"Ornamental Fan"}],"event_choices":[{"event_name":"Liars Game","player_choice":"agreed","floor":2,"damage_taken":0},{"event_name":"Purifier","player_choice":"One Purge","floor":11,"damage_taken":0},{"event_name":"Golden Idol","player_choice":"Take Wound","floor":13,"damage_taken":0},{"event_name":"Big Fish","player_choice":"Donut","floor":14,"damage_taken":0}],"boss_relics":[],"potions_floor_spawned":[1,4,7],"seed_played":"-7108386235985228911","killed_by":"Hexaghost","ascension_level":8,"potions_obtained":[{"floor":1,"key":"SteroidPotion"},{"floor":4,"key":"SkillPotion"},{"floor":7,"key":"Weak Potion"}],"is_trial":false}