{"gold_per_floor":[117,137,87,98,98,98,115,134,159,172,172,198,198,209,209,304,304,319,336,356,370,370,370,383,383,383,383,48,68,68,81,81,81],"floor_reached":33,"playtime":1786,"items_purged":[],"score":253,"play_id":"d95d51e4-4a91-4c3b-a135-ab7fee614d62","local_time":"20181020120441","is_ascension_mode":false,"campfire_choices":[{"data":"Armaments","floor":6.0,"key":"SMITH"},{"data":"Armaments","floor":11.0,"key":"SMITH"},{"floor":15.0,"key":"REST"},{"data":"Feed","floor":23,"key":"SMITH"},{"floor":25,"key":"REST"},{"data":"Infernal Blade","floor":30,"key":"SMITH"},{"floor":32,"key":"REST"}],"neow_cost":"NONE","seed_source_timestamp":0,"circlet_count":0,"master_deck":["Bash","Bludgeon","Thunderclap","Armaments+1","Armaments+1","Iron Wave","Perfected Strike","Inflame","Iron Wave","Sword Boomerang","Flame Barrier","Feed+1","Infernal Blade+1","Perfected Strike","Pummel","Anger","Power Through","Reckless Charge","Pommel Strike","Anger","Combust+1","Thunderclap","Flex","Combust+1","Flex","Infernal Blade+1"],"special_seed":0,"relics":["Burning Blood","Bronze Scales","PreservedInsect","Ancient Tea Set","Pandora\u0027s Box","Darkstone Periapt","Strange Spoon","Pen Nib"],"potions_floor_usage":[16,18,20,21,29,33],"damage_taken":[{"damage":6.0,"enemies":"Cultist","floor":1.0,"turns":3.0},{"damage":11.0,"enemies":"Jaw Worm","floor":2.0,"turns":2.0},{"damage":0.0,"enemies":"Small Slimes","floor":4.0,"turns":3.0},{"damage":8.0,"enemies":"2 Fungi Beasts","floor":7.0,"turns":3.0},{"damage":17.0,"enemies":"3 Louse","floor":8.0,"turns":3.0},{"damage":5.0,"enemies":"Looter","floor":10.0,"turns":3.0},{"damage":31.0,"enemies":"Lagavulin","floor":12.0,"turns":5.0},{"damage":15.0,"enemies":"Large Slime","floor":14.0,"turns":4.0},{"damage":28,"enemies":"Slime Boss","floor":16,"turns":10},{"damage":14,"enemies":"Spheric Guardian","floor":18,"turns":5},{"damage":12,"enemies":"Chosen","floor":19,"turns":4},{"damage":10,"enemies":"Snecko","floor":20,"turns":3},{"damage":25,"enemies":"Centurion and Healer","floor":21,"turns":4},{"damage":23,"enemies":"Snake Plant","floor":24,"turns":3},{"damage":10,"enemies":"Chosen and Byrds","floor":29,"turns":4},{"damage":28,"enemies":"Centurion and Healer","floor":31,"turns":3},{"damage":86,"enemies":"Collector","floor":33,"turns":6}],"seed_played":"-4650626904639863589","potions_obtained":[{"floor":1.0,"key":"Strength Potion"},{"floor":7.0,"key":"FearPotion"},{"floor":12.0,"key":"SkillPotion"},{"floor":16,"key":"SkillPotion"},{"floor":19,"key":"BloodPotion"},{"floor":20,"key":"Weak Potion"},{"floor":24,"key":"Poison Potion"},{"floor":31,"key":"AttackPotion"}],"is_trial":false,"path_per_floor":["M","M","?","M","?","R","M","M","T","M","R","E","?","M","R","B",null,"M","M","M","M","?","R","M","R","T","?","$","M","R","M","R"],"character_chosen":"IRONCLAD","items_purchased":["Strange Spoon","Pen Nib"],"campfire_rested":3,"item_purchase_floors":[28,28],"current_hp_per_floor":[80,75,75,80,80,80,78,67,67,68,68,43,43,34,58,36,80,72,66,70,51,51,51,34,58,58,58,58,58,58,40,66,0],"gold":81,"neow_bonus":"ONE_RANDOM_RARE_CARD","is_prod":false,"is_daily":false,"chose_seed":false,"campfire_upgraded":4,"win_rate":0.0,"timestamp":1539990281,"path_taken":["M","M","?","M","?","R","M","M","T","M","R","E","?","?","R","BOSS","M","?","M","?","?","R","M","R","T","?","$","M","R","M","R","BOSS"],"build_version":"2018-10-18","purchased_purges":0,"victory":false,"max_hp_per_floor":[80,80,80,80,80,80,80,80,80,80,80,80,80,80,80,80,80,80,80,80,80,80,80,80,80,80,80,80,84,84,88,88,88],"card_choices":[{"not_picked":["Warcry","Ghostly Armor"],"picked":"Thunderclap","floor":1.0},{"not_picked":["Thunderclap","Cleave"],"picked":"Armaments","floor":2.0},{"not_picked":["Shockwave","Perfected Strike"],"picked":"Armaments","floor":4.0},{"not_picked":["Combust","Second Wind"],"picked":"Perfected Strike","floor":7.0},{"not_picked":["Sever Soul","Sword Boomerang"],"picked":"Inflame","floor":8.0},{"not_picked":["Shrug It Off","Perfected Strike"],"picked":"Iron Wave","floor":10.0},{"not_picked":["Corruption","Intimidate"],"picked":"Sword Boomerang","floor":12.0},{"not_picked":["Power Through","Clash"],"picked":"Flame Barrier","floor":14.0},{"not_picked":["Limit Break","Berserk"],"picked":"Feed","floor":16},{"not_picked":["Power Through","Sword Boomerang"],"picked":"Pommel Strike","floor":18},{"not_picked":["Whirlwind","Twin Strike"],"picked":"Anger","floor":19},{"not_picked":["Battle Trance","Whirlwind"],"picked":"Combust+1","floor":20},{"not_picked":["Wild Strike","Feel No Pain"],"picked":"Thunderclap","floor":21},{"not_picked":["True Grit+1","Thunderclap+1"],"picked":"Combust+1","floor":24},{"not_picked":["Iron Wave","Twin Strike"],"picked":"Flex","floor":29},{"not_picked":["Clash","Twin Strike"],"picked":"Infernal Blade+1","floor":31}],"player_experience":112549,"relics_obtained":[{"floor":9.0,"key":"Bronze Scales"},{"floor":12.0,"key":"PreservedInsect"},{"floor":26,"key":"Darkstone Periapt"}],"event_choices":[{"cards_removed":["Strike_R"],"damage_healed":0.0,"max_hp_gain":0.0,"max_hp_loss":0.0,"gold_gain":0.0,"event_name":"The Cleric","player_choice":"Card Removal","floor":3.0,"gold_loss":50.0,"damage_taken":0.0},{"damage_healed":0.0,"max_hp_gain":0.0,"max_hp_loss":0.0,"gold_gain":0.0,"cards_transformed":["Defend_R"],"event_name":"Living Wall","player_choice":"Change","floor":5.0,"gold_loss":0.0,"damage_taken":0.0,"cards_obtained":["Iron Wave"]},{"damage_healed":0.0,"max_hp_gain":0.0,"max_hp_loss":0.0,"gold_gain":0.0,"event_name":"Dead Adventurer","player_choice":"Searched \u00271\u0027 times","floor":13.0,"gold_loss":0.0,"damage_taken":0.0,"relics_obtained":["Ancient Tea Set"]},{"damage_healed":0,"gold_gain":0,"player_choice":"Read","damage_taken":0,"max_hp_gain":0,"max_hp_loss":0,"event_name":"The Library","floor":22,"gold_loss":0,"cards_obtained":["Flex"]},{"cards_removed":["Evolve"],"damage_healed":0,"gold_gain":0,"player_choice":"Elegance","damage_taken":0,"max_hp_gain":0,"max_hp_loss":0,"event_name":"Back to Basics","floor":27,"gold_loss":0}],"is_beta":false,"boss_relics":[{"not_picked":["Astrolabe","White Beast Statue"],"picked":"Pandora\u0027s Box"}],"items_purged_floors":[],"is_endless":false,"potions_floor_spawned":[1,7,12,16,19,20,24,31],"killed_by":"Collector","ascension_level":0}