{"gold_per_floor":[118,138,155,171,185,210,210,225,225,225,180,208,208,220,220,220],"floor_reached":16,"playtime":1163,"items_purged":[],"score":171,"play_id":"ec831428-b063-4c9a-9b52-d080b8de9887","local_time":"20190122183751","is_ascension_mode":true,"campfire_choices":[{"data":"Reflex","floor":7,"key":"SMITH"},{"data":"Burst","floor":10,"key":"SMITH"},{"floor":15,"key":"REST"}],"neow_cost":"TEN_PERCENT_HP_LOSS","seed_source_timestamp":187656027638913,"circlet_count":0,"master_deck":["AscendersBane","Defend_G","Defend_G","Defend_G","Defend_G","Defend_G","Strike_G","Strike_G","Strike_G","Strike_G","Survivor","Neutralize","Eviscerate","Dagger Throw","Prepared","Footwork","Reflex+1","Burst+1","Tools of the Trade","Tactician"],"relics":["Ring of the Snake","Thread and Needle","Happy Flower","Bottled Flame","Darkstone Periapt"],"potions_floor_usage":[6,6,12,12,12,12,12],"damage_taken":[{"damage":5,"enemies":"Cultist","floor":1,"turns":5},{"damage":0,"enemies":"Jaw Worm","floor":2,"turns":4},{"damage":0,"enemies":"Small Slimes","floor":3,"turns":2},{"damage":7,"enemies":"3 Louse","floor":4,"turns":5},{"damage":9,"enemies":"Lots of Slimes","floor":5,"turns":5},{"damage":5,"enemies":"3 Sentries","floor":6,"turns":11},{"damage":4,"enemies":"Gremlin Gang","floor":8,"turns":7},{"damage":0,"enemies":"Looter","floor":11,"turns":5},{"damage":18,"enemies":"Lagavulin","floor":12,"turns":8},{"damage":7,"enemies":"3 Louse","floor":14,"turns":3},{"damage":46,"enemies":"Hexaghost","floor":16,"turns":17}],"seed_played":"5094085283124373163","potions_obtained":[{"floor":1,"key":"FearPotion"},{"floor":4,"key":"EssenceOfSteel"},{"floor":5,"key":"SteroidPotion"},{"floor":8,"key":"EntropicBrew"}],"is_trial":false,"path_per_floor":["M","M","M","M","M","E","R","M","T","R","M","E","?","M","R","B"],"character_chosen":"THE_SILENT","items_purchased":[],"campfire_rested":1,"item_purchase_floors":[],"current_hp_per_floor":[58,58,58,51,42,37,37,33,33,33,33,30,30,23,41,0],"gold":220,"neow_bonus":"ONE_RARE_RELIC","is_prod":false,"is_daily":false,"chose_seed":false,"campfire_upgraded":2,"win_rate":0,"timestamp":1548178671,"path_taken":["M","M","M","M","M","E","R","M","T","R","?","E","?","?","R","BOSS"],"build_version":"2019-01-17v2","purchased_purges":0,"victory":false,"max_hp_per_floor":[63,63,63,63,63,63,63,63,63,63,63,63,63,63,63,63],"card_choices":[{"not_picked":["Slice","Underhanded Strike"],"picked":"Eviscerate","floor":1},{"not_picked":["Poisoned Stab","Dagger Spray"],"picked":"Dagger Throw","floor":2},{"not_picked":["Bouncing Flask","Quick Slash","Skewer"],"picked":"SKIP","floor":3},{"not_picked":["Blade Dance","Sucker Punch"],"picked":"Prepared","floor":4},{"not_picked":["Slice","Flechettes"],"picked":"Footwork","floor":5},{"not_picked":["Outmaneuver","Expertise"],"picked":"Reflex","floor":6},{"not_picked":["Flechettes","Backflip"],"picked":"Burst","floor":8},{"not_picked":["Endless Agony","Bane","Caltrops"],"picked":"SKIP","floor":11},{"not_picked":["Outmaneuver","Sucker Punch"],"picked":"Tools of the Trade","floor":12},{"not_picked":["Slice","Sucker Punch"],"picked":"Tactician","floor":14}],"player_experience":258777,"relics_obtained":[{"floor":6,"key":"Happy Flower"},{"floor":9,"key":"Bottled Flame"},{"floor":12,"key":"Darkstone Periapt"}],"event_choices":[{"cards_removed":["Strike_G"],"damage_healed":0,"gold_gain":0,"player_choice":"Offered Basic","damage_taken":0,"max_hp_gain":0,"max_hp_loss":0,"event_name":"Bonfire Elementals","floor":13,"gold_loss":0}],"is_beta":false,"boss_relics":[],"items_purged_floors":[],"is_endless":false,"potions_floor_spawned":[1,4,5,8],"killed_by":"Hexaghost","ascension_level":10}