{"gold_per_floor":[113,130,9,19,35,35,69,69,93,93,108,108,142,112,112,211,211,228,28,28,28,43,43,70,81,81,101,101,113,113,141,141,243,243,258,40,40,40,58,58,88,108,135,135,135,169,169,187,187,187],"floor_reached":51,"playtime":3828,"items_purged":["Strike_B"],"score":1004,"play_id":"1336b0f0-d734-4532-8fa7-19e5a33f1feb","local_time":"20180924232654","is_ascension_mode":true,"campfire_choices":[{"data":"Zap","floor":6,"key":"SMITH"},{"floor":8,"key":"REST"},{"floor":12,"key":"REST"},{"data":"Chaos","floor":15,"key":"SMITH"},{"floor":23,"key":"REST"},{"floor":28,"key":"REST"},{"floor":30,"key":"REST"},{"data":"Consume","floor":32,"key":"SMITH"},{"floor":40,"key":"REST"},{"data":"Rainbow","floor":44,"key":"SMITH"},{"floor":49,"key":"REST"}],"neow_cost":"NONE","seed_source_timestamp":270375021808227,"circlet_count":0,"master_deck":["Strike_B","Strike_B","Defend_B","Defend_B","Defend_B","Defend_B","Zap+1","Dualcast","Multi-Cast","Capacitor","Hologram","Conserve Battery","Chill","Cold Snap","Chaos+1","Coolheaded","Consume+1","Rainbow+1","Ball Lightning","Leap","Sweeping Beam+1","Undo+1","Electrodynamics","Self Repair","Impatience","Reinforced Body","Go for the Eyes+1"],"relics":["Cracked Core","Juzu Bracelet","Art of War","Strawberry","Busted Crown","Orichalcum","Boot","Singing Bowl","Potion Belt","Lizard Tail","DataDisk","Unceasing Top","Blue Candle","Centennial Puzzle","Oddly Smooth Stone"],"potions_floor_usage":[5,16,20,24,24,27,31,31,37,41,48,50],"damage_taken":[{"damage":3,"enemies":"Jaw Worm","floor":1,"turns":4},{"damage":1,"enemies":"Cultist","floor":2,"turns":3},{"damage":0,"enemies":"2 Louse","floor":4,"turns":1},{"damage":21,"enemies":"Exordium Thugs","floor":5,"turns":6},{"damage":16,"enemies":"Lagavulin","floor":7,"turns":8},{"damage":7,"enemies":"Looter","floor":11,"turns":4},{"damage":8,"enemies":"3 Sentries","floor":13,"turns":7},{"damage":3,"enemies":"Slime Boss","floor":16,"turns":16},{"damage":22,"enemies":"2 Thieves","floor":18,"turns":5},{"damage":20,"enemies":"Colosseum Slavers","floor":20,"turns":6},{"damage":6,"enemies":"Chosen","floor":22,"turns":5},{"damage":24,"enemies":"Slavers","floor":24,"turns":5},{"damage":1,"enemies":"3 Cultists","floor":25,"turns":5},{"damage":9,"enemies":"Cultist and Chosen","floor":27,"turns":6},{"damage":0,"enemies":"Snecko","floor":29,"turns":4},{"damage":15,"enemies":"Book of Stabbing","floor":31,"turns":6},{"damage":48,"enemies":"Champ","floor":33,"turns":13},{"damage":13,"enemies":"Orb Walker","floor":35,"turns":4},{"damage":6,"enemies":"Mind Bloom Boss Battle","floor":37,"turns":7},{"damage":3,"enemies":"3 Shapes","floor":39,"turns":3},{"damage":19,"enemies":"2 Orb Walkers","floor":41,"turns":5},{"damage":0,"enemies":"3 Darklings","floor":42,"turns":4},{"damage":100,"enemies":"Giant Head","floor":46,"turns":11},{"damage":3,"enemies":"Reptomancer","floor":48,"turns":6},{"damage":64,"enemies":"Donu and Deca","floor":50,"turns":11}],"seed_played":"-3363385473973500636","potions_obtained":[{"floor":1,"key":"LiquidBronze"},{"floor":2,"key":"Energy Potion"},{"floor":11,"key":"SteroidPotion"},{"floor":13,"key":"Fire Potion"},{"floor":18,"key":"EssenceOfSteel"},{"floor":22,"key":"Swift Potion"},{"floor":27,"key":"AttackPotion"},{"floor":29,"key":"AttackPotion"},{"floor":33,"key":"PowerPotion"},{"floor":37,"key":"FocusPotion"},{"floor":41,"key":"Explosive Potion"},{"floor":46,"key":"FocusPotion"}],"is_trial":false,"path_per_floor":["M","M","$","M","M","R","E","R","T","?","M","R","E","?","R","B",null,"M","$","?","$","M","R","E","M","T","M","R","M","R","E","R","B",null,"M","$","?","?","M","R","E","M","T","R","?","E","?","M","R","B"],"character_chosen":"DEFECT","items_purchased":["Conserve Battery","Leap","Orichalcum","DataDisk","Self Repair"],"campfire_rested":7,"item_purchase_floors":[3,19,19,36,36],"current_hp_per_floor":[72,71,71,71,50,50,34,56,56,56,49,71,70,70,70,67,78,56,56,36,36,30,54,30,29,29,22,47,49,74,59,59,11,67,56,56,59,59,56,83,73,75,75,75,75,53,53,57,84,27],"gold":187,"neow_bonus":"ONE_RANDOM_RARE_CARD","is_prod":false,"is_daily":false,"chose_seed":false,"campfire_upgraded":4,"win_rate":0,"timestamp":1537824414,"path_taken":["M","M","$","M","M","R","E","R","T","?","M","R","E","?","R","BOSS","M","$","?","$","M","R","E","M","T","M","R","M","R","E","R","BOSS","M","$","?","?","M","R","E","M","T","R","?","E","?","M","R","BOSS"],"build_version":"2018-09-20","purchased_purges":1,"victory":true,"max_hp_per_floor":[75,75,75,75,75,75,75,75,75,75,75,75,82,82,82,82,82,82,82,82,82,82,82,82,82,82,84,84,86,86,86,86,86,86,88,88,90,90,90,90,92,94,94,94,89,91,91,91,91,91],"card_choices":[{"not_picked":["Turbo","Go for the Eyes"],"picked":"Capacitor","floor":1},{"not_picked":["Turbo","Streamline"],"picked":"Hologram","floor":2},{"not_picked":["Streamline","Hello World"],"picked":"Chill","floor":4},{"not_picked":["Gash","Redo"],"picked":"Cold Snap","floor":5},{"not_picked":["Coolheaded","Lockon"],"picked":"Chaos","floor":7},{"not_picked":["Heatsinks","Static Discharge"],"picked":"Coolheaded","floor":11},{"not_picked":["Chill","Barrage"],"picked":"Consume","floor":13},{"not_picked":["Seek","Core Surge"],"picked":"Rainbow","floor":16},{"not_picked":[],"picked":"Ball Lightning","floor":18},{"not_picked":[],"picked":"Sweeping Beam+1","floor":22},{"not_picked":["Stack"],"picked":"SKIP","floor":24},{"not_picked":["Leap"],"picked":"SKIP","floor":25},{"not_picked":["Turbo"],"picked":"Singing Bowl","floor":27},{"not_picked":["Scrape"],"picked":"Singing Bowl","floor":29},{"not_picked":[],"picked":"Undo+1","floor":31},{"not_picked":[],"picked":"Electrodynamics","floor":33},{"not_picked":["Gash+1"],"picked":"Singing Bowl","floor":35},{"not_picked":["Compile Driver+1"],"picked":"Singing Bowl","floor":37},{"not_picked":[],"picked":"Impatience","floor":38},{"not_picked":[],"picked":"Reinforced Body","floor":39},{"not_picked":["Double Energy"],"picked":"Singing Bowl","floor":41},{"not_picked":["Ball Lightning"],"picked":"Singing Bowl","floor":42},{"not_picked":["Sunder+1"],"picked":"Singing Bowl","floor":46},{"not_picked":[],"picked":"Go for the Eyes+1","floor":48}],"player_experience":666805,"relics_obtained":[{"floor":7,"key":"Juzu Bracelet"},{"floor":9,"key":"Art of War"},{"floor":13,"key":"Strawberry"},{"floor":24,"key":"Boot"},{"floor":26,"key":"Singing Bowl"},{"floor":31,"key":"Potion Belt"},{"floor":37,"key":"Unceasing Top"},{"floor":41,"key":"Blue Candle"},{"floor":43,"key":"Centennial Puzzle"},{"floor":46,"key":"Oddly Smooth Stone"}],"event_choices":[{"event_name":"Purifier","player_choice":"One Purge","floor":10,"damage_taken":0},{"event_name":"World of Goop","player_choice":"Left","floor":14,"damage_taken":0},{"event_name":"Colosseum","player_choice":"Fight","floor":20,"damage_taken":0},{"event_name":"Colosseum","player_choice":"Fled From Nobs","floor":20,"damage_taken":0},{"event_name":"MindBloom","player_choice":"Fight","floor":37,"damage_taken":0},{"event_name":"SensoryStone","player_choice":"Memory 1","floor":38,"damage_taken":0},{"event_name":"Winding Halls","player_choice":"Max HP","floor":45,"damage_taken":0},{"event_name":"Mysterious Sphere","player_choice":"Ignore","floor":47,"damage_taken":0}],"is_beta":false,"boss_relics":[{"not_picked":["Black Star","Snecko Eye"],"picked":"Busted Crown"},{"not_picked":["Eternal Feather","Philosopher\u0027s Stone"],"picked":"Lizard Tail"}],"items_purged_floors":[3],"is_endless":false,"potions_floor_spawned":[1,2,11,13,18,22,27,29,33,37,41,46],"ascension_level":5}