{"gold_per_floor":[216,34,51,226,53,53,80,80,80,80,96,96,113,125,125,222,222,239,239,55,67,67,67,98,98,147,182,182,282,292,91,91,194,194,207,221,321,341,358,387,387,420,445,10,24,24,41,73,73,73],"floor_reached":51,"playtime":2844,"items_purged":["Doubt","Strike_G","Strike_G","Strike_G"],"score":823,"play_id":"591dcbc3-99c0-4807-8645-21c190ccb381","local_time":"20190201181519","is_ascension_mode":false,"campfire_choices":[{"data":"Apotheosis","floor":6,"key":"SMITH"},{"data":"Noxious Fumes","floor":8,"key":"SMITH"},{"floor":10,"key":"REST"},{"data":"Deadly Poison","floor":15,"key":"SMITH"},{"floor":23,"key":"REST"},{"floor":25,"key":"REST"},{"floor":28,"key":"REST"},{"floor":32,"key":"REST"},{"floor":41,"key":"REST"},{"data":"1","floor":49,"key":"LIFT"}],"neow_cost":"NONE","seed_source_timestamp":980488455956,"circlet_count":0,"master_deck":["Defend_G","Defend_G","Defend_G","Defend_G","Defend_G","Strike_G","Strike_G","Survivor","Neutralize","Dodge and Roll","Apotheosis+1","Bouncing Flask","Noxious Fumes+1","Deadly Poison+1","Bane","Deadly Poison","Dodge and Roll","Burst","Necronomicurse","Footwork","Poisoned Stab","Flying Knee","Blur","Bouncing Flask","Deadly Poison+1","Well Laid Plans","Crippling Poison","Noxious Fumes","Envenom","Poisoned Stab+1","Catalyst","After Image","Catalyst","Noxious Fumes+1","Escape Plan+1","Dash+1","Predator+1"],"relics":["Ring of the Snake","Mummified Hand","Singing Bowl","Matryoshka","Fusion Hammer","Necronomicon","Oddly Smooth Stone","Smiling Mask","Bag of Preparation","Letter Opener","Bird Faced Urn","Shuriken","Lizard Tail","Girya","Juzu Bracelet","Frozen Egg 2","MawBank","Snake Skull","DollysMirror","Orichalcum","Art of War"],"potions_floor_usage":[16,24,24,29,29,39,40,42,50,50],"damage_taken":[{"damage":0,"enemies":"Cultist","floor":1,"turns":4},{"damage":0,"enemies":"Jaw Worm","floor":3,"turns":4},{"damage":14,"enemies":"Lagavulin","floor":7,"turns":7},{"damage":0,"enemies":"Small Slimes","floor":11,"turns":2},{"damage":0,"enemies":"Blue Slaver","floor":13,"turns":3},{"damage":2,"enemies":"Looter","floor":14,"turns":4},{"damage":18,"enemies":"Hexaghost","floor":16,"turns":7},{"damage":14,"enemies":"2 Thieves","floor":18,"turns":5},{"damage":6,"enemies":"3 Byrds","floor":21,"turns":5},{"damage":45,"enemies":"Slavers","floor":24,"turns":5},{"damage":6,"enemies":"Book of Stabbing","floor":27,"turns":6},{"damage":8,"enemies":"Colosseum Slavers","floor":29,"turns":3},{"damage":17,"enemies":"Colosseum Nobs","floor":29,"turns":4},{"damage":0,"enemies":"Centurion and Healer","floor":30,"turns":5},{"damage":27,"enemies":"Collector","floor":33,"turns":7},{"damage":21,"enemies":"3 Darklings","floor":35,"turns":5},{"damage":5,"enemies":"3 Shapes","floor":36,"turns":4},{"damage":0,"enemies":"Mind Bloom Boss Battle","floor":37,"turns":7},{"damage":8,"enemies":"Jaw Worm Horde","floor":38,"turns":4},{"damage":12,"enemies":"Maw","floor":39,"turns":7},{"damage":53,"enemies":"Nemesis","floor":40,"turns":5},{"damage":22,"enemies":"Giant Head","floor":42,"turns":7},{"damage":11,"enemies":"3 Darklings","floor":45,"turns":4},{"damage":3,"enemies":"Spire Growth","floor":47,"turns":2},{"damage":5,"enemies":"Reptomancer","floor":48,"turns":5},{"damage":40,"enemies":"Time Eater","floor":50,"turns":9}],"seed_played":"-7696696665003569632","potions_obtained":[{"floor":3,"key":"Fire Potion"},{"floor":7,"key":"Dexterity Potion"},{"floor":11,"key":"Strength Potion"},{"floor":18,"key":"SteroidPotion"},{"floor":27,"key":"LiquidBronze"},{"floor":29,"key":"Poison Potion"},{"floor":33,"key":"Dexterity Potion"},{"floor":36,"key":"Block Potion"},{"floor":39,"key":"Regen Potion"},{"floor":48,"key":"PowerPotion"}],"is_trial":false,"path_per_floor":["M","$","M","?","$","R","E","R","T","R","M","?","M","M","R","B",null,"M","?","$","M","?","R","E","R","T","E","R","?","M","$","R","B",null,"M","M","?","M","M","E","R","E","T","$","M","?","M","E","R","B",null],"character_chosen":"THE_SILENT","items_purchased":["Apotheosis","Noxious Fumes","Deadly Poison","Footwork","Poisoned Stab","Crippling Poison","Noxious Fumes","DollysMirror","Noxious Fumes+1","Orichalcum"],"campfire_rested":6,"item_purchase_floors":[2,5,5,20,20,31,31,44,44,44],"current_hp_per_floor":[70,70,70,70,70,70,56,56,56,70,72,60,60,58,58,40,72,60,44,44,38,38,60,15,37,37,31,53,28,32,32,54,35,74,63,70,78,80,73,44,68,60,60,60,57,57,60,69,69,45],"gold":73,"neow_bonus":"HUNDRED_GOLD","is_prod":false,"is_daily":false,"chose_seed":false,"campfire_upgraded":3,"win_rate":0,"timestamp":1549066519,"path_taken":["M","?","M","?","$","R","E","R","T","R","M","?","M","M","R","BOSS","M","?","$","M","?","R","E","R","T","E","R","?","M","$","R","BOSS","M","M","?","M","M","E","R","E","T","$","M","?","M","E","R","BOSS"],"build_version":"2019-01-23","purchased_purges":4,"victory":true,"max_hp_per_floor":[70,70,70,70,70,70,70,70,70,70,72,72,72,72,72,72,72,74,74,74,74,74,74,74,74,74,74,74,74,74,74,74,74,74,76,78,78,80,80,80,80,82,82,82,82,82,82,82,82,82],"card_choices":[{"not_picked":["Outmaneuver","Bane"],"picked":"Dodge and Roll","floor":1},{"not_picked":["Concentrate","Poisoned Stab"],"picked":"Bouncing Flask","floor":3},{"not_picked":["Masterful Stab","Blade Dance"],"picked":"Bane","floor":7},{"not_picked":["Deflect","Reflex","Choke"],"picked":"Singing Bowl","floor":11},{"not_picked":["Blade Dance","Deflect"],"picked":"Deadly Poison","floor":13},{"not_picked":["Slice","PiercingWail"],"picked":"Dodge and Roll","floor":14},{"not_picked":["Glass Knife","Venomology"],"picked":"Burst","floor":16},{"not_picked":["Finisher","Terror+1","Underhanded Strike"],"picked":"Singing Bowl","floor":18},{"not_picked":["Bane","Blade Dance+1"],"picked":"Flying Knee","floor":21},{"not_picked":["Underhanded Strike","Cloak And Dagger"],"picked":"Blur","floor":24},{"not_picked":["Dagger Spray","Skewer"],"picked":"Bouncing Flask","floor":27},{"not_picked":["Tactician","Prepared"],"picked":"Deadly Poison+1","floor":29},{"not_picked":["Caltrops","Dagger Spray+1"],"picked":"Well Laid Plans","floor":30},{"not_picked":["Adrenaline","Night Terror"],"picked":"Envenom","floor":33},{"not_picked":["Calculated Gamble+1","Sucker Punch+1","Endless Agony"],"picked":"Singing Bowl","floor":35},{"not_picked":["Underhanded Strike","Slice","Dagger Throw+1"],"picked":"Singing Bowl","floor":36},{"not_picked":["Backflip","Bane"],"picked":"Poisoned Stab+1","floor":37},{"not_picked":["Acrobatics","Quick Slash+1","Dagger Throw+1"],"picked":"Singing Bowl","floor":38},{"not_picked":["Flying Knee","Tactician"],"picked":"Catalyst","floor":39},{"not_picked":["Concentrate+1","Prepared"],"picked":"After Image","floor":40},{"not_picked":["Dodge and Roll","Cloak And Dagger","Quick Slash"],"picked":"Singing Bowl","floor":42},{"not_picked":["Flechettes+1","PiercingWail+1"],"picked":"Escape Plan+1","floor":45},{"not_picked":["Accuracy+1","Masterful Stab+1"],"picked":"Dash+1","floor":47},{"not_picked":["Backflip+1","PiercingWail+1"],"picked":"Predator+1","floor":48}],"player_experience":67913,"relics_obtained":[{"floor":7,"key":"Mummified Hand"},{"floor":9,"key":"Singing Bowl"},{"floor":19,"key":"Necronomicon"},{"floor":24,"key":"Oddly Smooth Stone"},{"floor":26,"key":"Smiling Mask"},{"floor":26,"key":"Bag of Preparation"},{"floor":27,"key":"Letter Opener"},{"floor":29,"key":"Bird Faced Urn"},{"floor":29,"key":"Shuriken"},{"floor":37,"key":"Girya"},{"floor":40,"key":"Juzu Bracelet"},{"floor":42,"key":"Frozen Egg 2"},{"floor":43,"key":"MawBank"},{"floor":43,"key":"Snake Skull"},{"floor":48,"key":"Art of War"}],"event_choices":[{"damage_healed":0,"gold_gain":175,"player_choice":"AGREE","damage_taken":0,"max_hp_gain":0,"max_hp_loss":0,"event_name":"Liars Game","floor":4,"gold_loss":0,"cards_obtained":["Doubt"]},{"damage_healed":0,"gold_gain":0,"player_choice":"Success","damage_taken":12,"relics_obtained":["Matryoshka"],"max_hp_gain":0,"max_hp_loss":0,"event_name":"Scrap Ooze","floor":12,"gold_loss":0},{"damage_healed":0,"gold_gain":0,"player_choice":"Obtained Book","damage_taken":16,"max_hp_gain":0,"max_hp_loss":0,"event_name":"Cursed Tome","floor":19,"gold_loss":0},{"damage_healed":0,"gold_gain":0,"player_choice":"Ignored","damage_taken":0,"max_hp_gain":0,"max_hp_loss":0,"event_name":"Beggar","floor":22,"gold_loss":0},{"damage_healed":0,"gold_gain":0,"player_choice":"Fight","damage_taken":0,"max_hp_gain":0,"max_hp_loss":0,"event_name":"Colosseum","floor":29,"gold_loss":0},{"damage_healed":0,"gold_gain":0,"player_choice":"Fought Nobs","damage_taken":0,"max_hp_gain":0,"max_hp_loss":0,"event_name":"Colosseum","floor":29,"gold_loss":0},{"damage_healed":0,"gold_gain":0,"player_choice":"Fight","damage_taken":0,"max_hp_gain":0,"max_hp_loss":0,"event_name":"MindBloom","floor":37,"gold_loss":0},{"damage_healed":0,"gold_gain":0,"player_choice":"Ignored","damage_taken":0,"max_hp_gain":0,"max_hp_loss":0,"event_name":"NoteForYourself","floor":46,"gold_loss":0}],"is_beta":false,"boss_relics":[{"not_picked":["Empty Cage","Orrery"],"picked":"Fusion Hammer"},{"not_picked":["Eternal Feather","Calling Bell"],"picked":"Lizard Tail"}],"items_purged_floors":[5,20,31,44],"is_endless":false,"potions_floor_spawned":[3,7,11,14,18,27,29,29,33,36,37,39,48],"ascension_level":0}