{"path_per_floor":["M","M","M","?","M","R","M","R","T","R","?","?","M","M","R","B",null,"M","M","M","M","$","R"],"character_chosen":"IRONCLAD","items_purchased":[],"gold_per_floor":[117,130,143,143,155,155,169,169,169,169,169,169,180,192,192,296,296,296,236,236,236,161,161,161],"floor_reached":24,"campfire_rested":0,"playtime":873,"current_hp_per_floor":[80,78,80,80,78,78,80,80,80,80,64,64,56,55,55,36,82,84,64,50,36,36,36,0],"items_purged":["Regret"],"gold":161,"score":192,"play_id":"5317412d-acd3-40b0-9ebb-d80742b6b992","local_time":"20180325113226","is_prod":false,"is_daily":false,"is_ascension_mode":false,"campfire_upgraded":5,"timestamp":1521970346,"path_taken":["M","M","M","?","M","R","M","R","T","R","?","?","M","M","R","BOSS","M","M","M","M","$","R","M"],"build_version":"2018-03-22v2","purchased_purges":1,"victory":false,"master_deck":["Strike_R","Strike_R+1","Strike_R","Strike_R","Strike_R","Defend_R","Defend_R","Defend_R","Defend_R","Bash+1","Limit Break+1","Disarm+1","Heavy Blade+1","Uppercut","Flex+1","Pummel+1","Sword Boomerang"],"max_hp_per_floor":[80,80,80,80,80,80,80,80,80,80,80,80,80,80,80,82,82,84,84,86,88,88,88,88],"relics":["Burning Blood","Singing Bowl","Vajra","Ectoplasm"],"card_choices":[{"not_picked":["Immolate","Clothesline"],"picked":"Disarm","floor":1},{"not_picked":["Pommel Strike","Evolve"],"picked":"Heavy Blade","floor":3},{"not_picked":["Combust","Armaments"],"picked":"Uppercut","floor":5},{"not_picked":["Corruption","Thunderclap"],"picked":"Flex","floor":13},{"not_picked":["Shockwave","Rage"],"picked":"Pummel","floor":14},{"not_picked":["Rage","Sever Soul"],"picked":"Sword Boomerang","floor":19}],"player_experience":143307,"potions_floor_usage":[7,7,16,21,24],"damage_taken":[{"damage":4,"enemies":"2 Louse","floor":1,"turns":3},{"damage":8,"enemies":"Jaw Worm","floor":2,"turns":5},{"damage":3,"enemies":"Small Slimes","floor":3,"turns":4},{"damage":8,"enemies":"Gremlin Gang","floor":5,"turns":6},{"damage":0,"enemies":"Exordium Wildlife","floor":7,"turns":5},{"damage":14,"enemies":"Blue Slaver","floor":13,"turns":4},{"damage":7,"enemies":"3 Louse","floor":14,"turns":5},{"damage":27,"enemies":"The Guardian","floor":16,"turns":7},{"damage":2,"enemies":"Chosen","floor":18,"turns":3},{"damage":26,"enemies":"2 Thieves","floor":19,"turns":4},{"damage":22,"enemies":"Centurion and Healer","floor":20,"turns":5},{"damage":22,"enemies":"Slaver and Parasite","floor":21,"turns":6},{"damage":48,"enemies":"3 Cultists","floor":24,"turns":5}],"event_choices":[{"event_name":"Liars Game","player_choice":"disagreed","floor":4,"damage_taken":0},{"event_name":"Shining Light","player_choice":"Entered Light","floor":11,"damage_taken":0},{"event_name":"Big Fish","player_choice":"Box","floor":12,"damage_taken":0}],"boss_relics":[{"not_picked":["Runic Cube","Runic Dome"],"picked":"Ectoplasm"}],"potions_floor_spawned":[1,2,5,19,20],"seed_played":"-4538776383122204158","killed_by":"3 Cultists","ascension_level":0,"is_trial":false}