{"gold_per_floor":[119,44,44,61,72,102,27,27,75,87,87,7,32,43,43,117,117,135,150,150,165,180,180,191,191,191,191,20,20,48,63,63,137,137,153,9,20,20,20,20,31,31,31,31,60,60,90,105,105,105],"floor_reached":51,"playtime":3158,"items_purged":["Strike_B","Writhe"],"score":1361,"play_id":"5d837614-f0db-489f-85a8-186cc6ea1779","local_time":"20180709145404","is_ascension_mode":true,"campfire_choices":[{"data":"Coolheaded","floor":8.0,"key":"SMITH"},{"data":"Streamline","floor":11.0,"key":"SMITH"},{"floor":15.0,"key":"REST"},{"data":"Chill","floor":23.0,"key":"SMITH"},{"data":"Coolheaded","floor":25.0,"key":"SMITH"},{"floor":29.0,"key":"REST"},{"floor":32.0,"key":"REST"},{"data":"Hello World","floor":40,"key":"SMITH"},{"data":"Hologram","floor":42,"key":"SMITH"},{"data":"Fission","floor":44,"key":"SMITH"},{"data":"Defragment","floor":49,"key":"SMITH"}],"neow_cost":"","seed_source_timestamp":118083837984562,"circlet_count":0,"master_deck":["Strike_B","Strike_B","Strike_B","Defend_B","Defend_B","Defend_B","Zap","Dualcast","AscendersBane","Conserve Battery","Coolheaded+1","Stack","Go for the Eyes","Streamline+1","White Noise","Chill+1","Self Repair","Creative AI","Leap","Cold Snap","Fission+1","Leap","Glacier","Streamline+1","Coolheaded+1","Self Repair","White Noise","Hello World+1","Glacier","Machine Learning","Hologram+1","Skim","Magnetism","Sunder","Chill","Defragment+1"],"special_seed":0,"relics":["Cracked Core","NeowsBlessing","DataDisk","Bag of Preparation","Vajra","Prayer Wheel","Cursed Key","Bottled Flame","Singing Bowl","Runic Dome","Omamori","Bottled Lightning","Lantern","Toxic Egg 2"],"potions_floor_usage":[45,48,48,50],"damage_taken":[{"damage":0.0,"enemies":"Jaw Worm","floor":1.0,"turns":1.0},{"damage":0.0,"enemies":"Cultist","floor":4.0,"turns":1.0},{"damage":0.0,"enemies":"2 Louse","floor":5.0,"turns":1.0},{"damage":23.0,"enemies":"Lagavulin","floor":6.0,"turns":9.0},{"damage":6.0,"enemies":"Large Slime","floor":10.0,"turns":6.0},{"damage":13.0,"enemies":"Gremlin Nob","floor":13.0,"turns":4.0},{"damage":0.0,"enemies":"Exordium Thugs","floor":14.0,"turns":4.0},{"damage":3.0,"enemies":"The Guardian","floor":16.0,"turns":11.0},{"damage":3.0,"enemies":"3 Byrds","floor":18.0,"turns":6.0},{"damage":2.0,"enemies":"Spheric Guardian","floor":19.0,"turns":4.0},{"damage":35.0,"enemies":"Snake Plant","floor":21.0,"turns":6.0},{"damage":11.0,"enemies":"Centurion and Healer","floor":22.0,"turns":9.0},{"damage":3.0,"enemies":"Snecko","floor":24.0,"turns":6.0},{"damage":38.0,"enemies":"Gremlin Leader","floor":30.0,"turns":12.0},{"damage":3.0,"enemies":"Cultist and Chosen","floor":31.0,"turns":9.0},{"damage":0.0,"enemies":"Champ","floor":33.0,"turns":24.0},{"damage":19.0,"enemies":"Flame Bruiser 1 Orb","floor":35.0,"turns":8.0},{"damage":19,"enemies":"3 Darklings","floor":37,"turns":10},{"damage":10,"enemies":"Spire Growth","floor":41,"turns":6},{"damage":47,"enemies":"Giant Head","floor":45,"turns":13},{"damage":25,"enemies":"Nemesis","floor":47,"turns":13},{"damage":11,"enemies":"Transient","floor":48,"turns":5},{"damage":27,"enemies":"Awakened One","floor":50,"turns":23}],"seed_played":"6290803705878757979","potions_obtained":[{"floor":5.0,"key":"Poison Potion"},{"floor":6.0,"key":"Block Potion"},{"floor":10.0,"key":"SteroidPotion"},{"floor":19.0,"key":"PowerPotion"},{"floor":45,"key":"FearPotion"},{"floor":48,"key":"SteroidPotion"}],"is_trial":false,"path_per_floor":["M","?","?","M","M","E","$","R","T","M","R","$","E","M","R","B",null,"M","M","?","M","M","R","M","R","T","?","$","R","E","M","R","B",null,"M","$","M","?","?","R","M","R","T","R","E","$","E","M","R","B"],"character_chosen":"DEFECT","items_purchased":["White Noise","Hello World","Omamori"],"campfire_rested":3,"item_purchase_floors":[],"current_hp_per_floor":[64,64,59,59,59,36,36,36,36,30,30,30,17,17,38,42,64,68,66,66,38,34,34,38,38,38,18,18,40,25,38,62,76,79,78,78,73,73,84,84,86,86,86,86,60,60,58,63,63,50],"gold":105,"neow_bonus":"","is_prod":false,"is_daily":false,"chose_seed":false,"campfire_upgraded":8,"win_rate":0,"timestamp":1531173244,"path_taken":["M","?","?","M","?","E","$","R","T","M","R","?","E","M","R","BOSS","M","M","?","M","M","R","M","R","T","?","$","R","E","M","R","BOSS","M","$","M","?","?","R","?","R","T","R","E","$","E","M","R","BOSS"],"build_version":"2018-07-05","purchased_purges":2,"victory":true,"max_hp_per_floor":[71,71,71,71,71,71,71,71,71,71,71,71,71,71,71,71,71,71,71,71,71,71,71,71,71,71,76,76,76,78,80,80,80,80,84,84,84,84,84,84,86,86,86,86,86,86,88,90,90,90],"card_choices":[{"not_picked":["Ball Lightning","Turbo"],"picked":"Conserve Battery","floor":1.0},{"not_picked":["Stack","Sweeping Beam"],"picked":"Coolheaded","floor":4.0},{"not_picked":["Heatsinks","Reprogram"],"picked":"Stack","floor":5.0},{"not_picked":["FTL","Rebound"],"picked":"Go for the Eyes","floor":6.0},{"not_picked":["Redo","Amplify"],"picked":"Streamline","floor":10.0},{"not_picked":["Doom and Gloom","Beam Cell"],"picked":"Chill","floor":13.0},{"not_picked":["Doom and Gloom","Go for the Eyes"],"picked":"Self Repair","floor":14.0},{"not_picked":["Heatsinks","Tempest","Stack"],"picked":"SKIP","floor":14.0},{"not_picked":["Reboot","Biased Cognition"],"picked":"Creative AI","floor":16.0},{"not_picked":["Steam","Heatsinks"],"picked":"Leap","floor":18.0},{"not_picked":["Rebound","Undo"],"picked":"Cold Snap","floor":18.0},{"not_picked":["Fission","Consume","Rebound"],"picked":"SKIP","floor":19.0},{"not_picked":["Ball Lightning","Steam","Beam Cell"],"picked":"SKIP","floor":19.0},{"not_picked":["Consume","Rebound"],"picked":"Fission","floor":19.0},{"not_picked":["Ball Lightning","Steam","Beam Cell"],"picked":"SKIP","floor":19.0},{"not_picked":["Double Energy","Conserve Battery"],"picked":"Leap","floor":21.0},{"not_picked":["Doom and Gloom","Barrage"],"picked":"Glacier","floor":21.0},{"not_picked":["Go for the Eyes+1","Compile Driver"],"picked":"Streamline+1","floor":22.0},{"not_picked":["FTL","Skim"],"picked":"Coolheaded","floor":22.0},{"not_picked":["Electrodynamics","BootSequence"],"picked":"Self Repair","floor":24.0},{"not_picked":["Rip and Tear","Streamline+1"],"picked":"White Noise","floor":24.0},{"not_picked":["Tempest","Steam","Stack"],"picked":"Singing Bowl","floor":30.0},{"not_picked":["Sweeping Beam","Undo"],"picked":"Glacier","floor":31.0},{"not_picked":["Cold Snap+1","Conserve Battery","Genetic Algorithm"],"picked":"Singing Bowl","floor":31.0},{"not_picked":["Thunder Strike","Buffer"],"picked":"Machine Learning","floor":33.0},{"not_picked":["Steam Power","Rebound+1","Go for the Eyes"],"picked":"Singing Bowl","floor":35.0},{"not_picked":["Barrage+1","Force Field","Auto Shields"],"picked":"Singing Bowl","floor":35.0},{"not_picked":["Conserve Battery+1","Beam Cell"],"picked":"Hologram","floor":37},{"not_picked":["Steam","Cold Snap"],"picked":"Skim","floor":37},{"not_picked":["Transmutation","Madness"],"picked":"Magnetism","floor":38},{"not_picked":["Undo","Barrage","Rip and Tear"],"picked":"Singing Bowl","floor":41},{"not_picked":["Compile Driver","Rebound"],"picked":"Sunder","floor":41},{"not_picked":["Conserve Battery+1","Barrage"],"picked":"Chill","floor":45},{"not_picked":["Cold Snap+1","Turbo+1","Conserve Battery"],"picked":"Singing Bowl","floor":47},{"not_picked":["Turbo+1","Melter+1","Compile Driver"],"picked":"Singing Bowl","floor":48},{"not_picked":["Coolheaded+1","Streamline+1"],"picked":"Defragment","floor":48}],"player_experience":551481,"relics_obtained":[{"floor":6.0,"key":"Bag of Preparation"},{"floor":9.0,"key":"Vajra"},{"floor":13.0,"key":"Prayer Wheel"},{"floor":26.0,"key":"Bottled Flame"},{"floor":30.0,"key":"Singing Bowl"},{"floor":43,"key":"Bottled Lightning"},{"floor":45,"key":"Lantern"},{"floor":47,"key":"Toxic Egg 2"}],"event_choices":[{"event_name":"The Cleric","player_choice":"Card Removal","floor":2.0,"damage_taken":0.0},{"event_name":"Scrap Ooze","player_choice":"success","floor":3.0,"damage_taken":5.0},{"event_name":"The Mausoleum","player_choice":"No","floor":20.0,"damage_taken":0.0},{"event_name":"Forgotten Altar","player_choice":"Shed Blood","floor":27.0,"damage_taken":0.0},{"event_name":"SensoryStone","player_choice":"Memory 1","floor":38,"damage_taken":0},{"event_name":"Winding Halls","player_choice":"Writhe","floor":39,"damage_taken":0}],"boss_relics":[{"not_picked":["Fusion Hammer","Nuclear Battery"],"picked":"Cursed Key"},{"not_picked":["Lizard Tail","Pandora\u0027s Box"],"picked":"Runic Dome"}],"items_purged_floors":[],"is_endless":false,"potions_floor_spawned":[5,6,10,19,22,24,33,35,45,47,48],"ascension_level":15}