{"gold_per_floor":[109,121,131,131,145,145,157,157,182,182,182,210,160,160,160,255,255,272,272,283,283,13,13,47,63,142,162,174,189,288,298,298,398,398,412,432,449,39,39,39,52,52,52,52,68,78,10,26,26,26],"floor_reached":51,"playtime":2634,"items_purged":["Defend_B","Clumsy"],"score":663,"play_id":"855edcc9-ab63-484e-b0e2-b672849188f0","local_time":"20190105124401","is_ascension_mode":false,"campfire_choices":[{"data":"Zap","floor":6.0,"key":"SMITH"},{"data":"Sunder","floor":10.0,"key":"SMITH"},{"floor":15.0,"key":"REST"},{"floor":23.0,"key":"REST"},{"floor":32.0,"key":"REST"},{"data":"Apotheosis","floor":40.0,"key":"SMITH"},{"floor":44.0,"key":"REST"},{"floor":49.0,"key":"REST"}],"neow_cost":"NONE","seed_source_timestamp":343394819927,"circlet_count":0,"master_deck":["Strike_B","Strike_B+1","Strike_B","Defend_B","Defend_B","Defend_B","Zap+1","Dualcast","Coolheaded","Sunder+1","Fission+1","Stack","Electrodynamics","Cold Snap","Apotheosis+1","Glacier+1","Leap","Conserve Battery","Leap","Barrage+1","Echo Form","Go for the Eyes+1","Defragment+1","Conserve Battery+1","Cold Snap","Ball Lightning","Injury","Defragment"],"special_seed":0,"relics":["Cracked Core","Happy Flower","Blood Vial","Odd Mushroom","Cursed Key","Bronze Scales","Orrery","Torii","Bottled Lightning"],"potions_floor_usage":[50],"damage_taken":[{"damage":1.0,"enemies":"2 Louse","floor":1.0,"turns":2.0},{"damage":0.0,"enemies":"Small Slimes","floor":2.0,"turns":2.0},{"damage":0.0,"enemies":"Cultist","floor":3.0,"turns":3.0},{"damage":9.0,"enemies":"Blue Slaver","floor":5.0,"turns":3.0},{"damage":14.0,"enemies":"Exordium Thugs","floor":7.0,"turns":3.0},{"damage":8.0,"enemies":"The Mushroom Lair","floor":12.0,"turns":3.0},{"damage":28.0,"enemies":"Hexaghost","floor":16.0,"turns":9.0},{"damage":0.0,"enemies":"Spheric Guardian","floor":18.0,"turns":3.0},{"damage":10.0,"enemies":"Shell Parasite","floor":20.0,"turns":4.0},{"damage":12.0,"enemies":"Gremlin Leader","floor":24.0,"turns":8.0},{"damage":9.0,"enemies":"Shelled Parasite and Fungi","floor":25.0,"turns":4.0},{"damage":8.0,"enemies":"Centurion and Healer","floor":27.0,"turns":4.0},{"damage":12.0,"enemies":"3 Cultists","floor":28.0,"turns":4.0},{"damage":10.0,"enemies":"Snake Plant","floor":29.0,"turns":3.0},{"damage":0.0,"enemies":"Centurion and Healer","floor":31.0,"turns":10.0},{"damage":27.0,"enemies":"Automaton","floor":33.0,"turns":10.0},{"damage":9.0,"enemies":"3 Shapes","floor":35.0,"turns":3.0},{"damage":8.0,"enemies":"Orb Walker","floor":36.0,"turns":2.0},{"damage":11.0,"enemies":"3 Darklings","floor":37.0,"turns":4.0},{"damage":8.0,"enemies":"Sphere and 2 Shapes","floor":41.0,"turns":4.0},{"damage":12.0,"enemies":"Writhing Mass","floor":45.0,"turns":7.0},{"damage":7.0,"enemies":"Transient","floor":46.0,"turns":5.0},{"damage":2.0,"enemies":"Spire Growth","floor":48.0,"turns":5.0},{"damage":11,"enemies":"Donu and Deca","floor":50,"turns":7}],"seed_played":"427382881972981992","potions_obtained":[{"floor":0.0,"key":"Poison Potion"},{"floor":0.0,"key":"Ancient Potion"},{"floor":0.0,"key":"Ancient Potion"},{"floor":1.0,"key":"GamblersBrew"},{"floor":12.0,"key":"Dexterity Potion"},{"floor":18.0,"key":"Dexterity Potion"},{"floor":21.0,"key":"FairyPotion"},{"floor":21.0,"key":"SkillPotion"},{"floor":27.0,"key":"SkillPotion"},{"floor":31.0,"key":"LiquidBronze"},{"floor":35.0,"key":"EssenceOfSteel"},{"floor":45.0,"key":"SpeedPotion"},{"floor":46.0,"key":"PowerPotion"}],"is_trial":false,"path_per_floor":["M","M","M","?","M","R","M","?","T","R","?","?","?","?","R","B",null,"M","?","M","?","$","R","E","M","T","M","M","M","?","M","R","B",null,"M","M","M","$","?","R","M","?","T","R","M","M","$","M","R","B",null],"character_chosen":"DEFECT","items_purchased":["Apotheosis","Torii","Defragment"],"campfire_rested":5,"item_purchase_floors":[22,38,47],"current_hp_per_floor":[74,74,74,59,50,50,36,33,33,33,38,32,32,32,56,30,80,80,65,57,57,57,82,72,65,65,59,49,41,41,43,68,43,85,76,70,61,61,61,61,55,55,55,80,70,65,65,65,85,74],"gold":26,"neow_bonus":"THREE_SMALL_POTIONS","is_prod":false,"is_daily":false,"chose_seed":false,"campfire_upgraded":3,"win_rate":0,"timestamp":1546688641,"path_taken":["M","M","M","?","M","R","M","?","T","R","?","?","?","?","R","BOSS","M","?","M","?","$","R","E","?","T","M","M","M","?","M","R","BOSS","M","M","M","$","?","R","M","?","T","R","M","?","$","M","R","BOSS"],"build_version":"2019-01-03v4","purchased_purges":2,"victory":true,"max_hp_per_floor":[75,75,75,75,75,75,75,75,75,75,80,80,80,80,80,80,80,80,85,85,85,85,85,85,85,85,85,85,85,85,85,85,85,85,85,85,85,85,85,85,85,85,85,85,85,85,85,85,85,85],"card_choices":[{"not_picked":["Rebound","Leap"],"picked":"Coolheaded","floor":1.0},{"not_picked":["Static Discharge","Barrage"],"picked":"Sunder","floor":2.0},{"not_picked":["Hologram","Sweeping Beam"],"picked":"Fission","floor":3.0},{"not_picked":["Barrage","Auto Shields","Beam Cell"],"picked":"SKIP","floor":5.0},{"not_picked":["Hologram","Rebound","Darkness"],"picked":"SKIP","floor":7.0},{"not_picked":["Beam Cell","Compile Driver"],"picked":"Stack","floor":12.0},{"not_picked":["Buffer","Multi-Cast"],"picked":"Electrodynamics","floor":16.0},{"not_picked":["Beam Cell","Steam Power+1","Steam"],"picked":"SKIP","floor":18.0},{"not_picked":["Tempest","Turbo"],"picked":"Cold Snap","floor":20.0},{"not_picked":["Melter","Hologram+1"],"picked":"Glacier+1","floor":24.0},{"not_picked":["Sunder","Barrage"],"picked":"Leap","floor":25.0},{"not_picked":["Turbo","Chaos"],"picked":"Conserve Battery","floor":27.0},{"not_picked":["Compile Driver","Sweeping Beam","Hyperbeam"],"picked":"SKIP","floor":28.0},{"not_picked":["Turbo","Hello World"],"picked":"Leap","floor":29.0},{"not_picked":["Stack+1","Genetic Algorithm+1"],"picked":"Barrage+1","floor":31.0},{"not_picked":["Reboot","Buffer"],"picked":"Echo Form","floor":33.0},{"not_picked":["Leap","All For One"],"picked":"Go for the Eyes+1","floor":34.0},{"not_picked":["All For One","Turbo"],"picked":"Defragment","floor":34.0},{"not_picked":["Steam","Compile Driver"],"picked":"Conserve Battery+1","floor":34.0},{"not_picked":["Barrage","Tempest"],"picked":"Cold Snap","floor":34.0},{"not_picked":["Stack","Streamline+1","Tempest"],"picked":"SKIP","floor":35.0},{"not_picked":["Conserve Battery+1","Rebound"],"picked":"Ball Lightning","floor":36.0},{"not_picked":["Go for the Eyes","Electrodynamics","Chaos+1"],"picked":"SKIP","floor":37.0},{"not_picked":["Heatsinks","Hologram+1","Streamline+1"],"picked":"SKIP","floor":41.0},{"not_picked":["Static Discharge+1","Hologram","Blizzard+1"],"picked":"SKIP","floor":45.0},{"not_picked":["Genetic Algorithm+1","Cold Snap","Beam Cell"],"picked":"SKIP","floor":46.0},{"not_picked":["Sunder","Melter+1","Biased Cognition"],"picked":"SKIP","floor":48.0}],"player_experience":355239,"relics_obtained":[{"floor":9.0,"key":"Blood Vial"},{"floor":12.0,"key":"Odd Mushroom"},{"floor":24.0,"key":"Bronze Scales"},{"floor":43.0,"key":"Bottled Lightning"}],"event_choices":[{"damage_healed":0.0,"max_hp_gain":0.0,"max_hp_loss":0.0,"gold_gain":0.0,"event_name":"Shining Light","player_choice":"Entered Light","floor":4.0,"gold_loss":0.0,"damage_taken":15.0,"cards_upgraded":["Strike_B","Fission"]},{"damage_healed":0.0,"max_hp_gain":0.0,"max_hp_loss":0.0,"gold_gain":0.0,"event_name":"Scrap Ooze","player_choice":"Success","floor":8.0,"gold_loss":0.0,"damage_taken":3.0,"relics_obtained":["Happy Flower"]},{"damage_healed":0.0,"max_hp_gain":5.0,"max_hp_loss":0.0,"gold_gain":0.0,"event_name":"Big Fish","player_choice":"Donut","floor":11.0,"gold_loss":0.0,"damage_taken":0.0},{"damage_healed":0.0,"max_hp_gain":0.0,"max_hp_loss":0.0,"gold_gain":0.0,"event_name":"Mushrooms","player_choice":"Fought Mushrooms","floor":12.0,"gold_loss":0.0,"damage_taken":0.0},{"cards_removed":["Strike_B"],"damage_healed":0.0,"max_hp_gain":0.0,"max_hp_loss":0.0,"gold_gain":0.0,"event_name":"The Cleric","player_choice":"Card Removal","floor":13.0,"gold_loss":50.0,"damage_taken":0.0},{"damage_healed":0.0,"max_hp_gain":0.0,"max_hp_loss":0.0,"gold_gain":0.0,"event_name":"Liars Game","player_choice":"Ignored","floor":14.0,"gold_loss":0.0,"damage_taken":0.0},{"damage_healed":0.0,"max_hp_gain":5.0,"max_hp_loss":0.0,"gold_gain":0.0,"event_name":"Forgotten Altar","player_choice":"Shed Blood","floor":19.0,"gold_loss":0.0,"damage_taken":20.0},{"damage_healed":0.0,"max_hp_gain":0.0,"max_hp_loss":0.0,"gold_gain":0.0,"event_name":"Lab","player_choice":"Got Potions","floor":21.0,"gold_loss":0.0,"damage_taken":0.0},{"damage_healed":0.0,"max_hp_gain":0.0,"max_hp_loss":0.0,"gold_gain":99.0,"event_name":"Nest","player_choice":"Stole From Cult","floor":30.0,"gold_loss":0.0,"damage_taken":0.0},{"damage_healed":0.0,"max_hp_gain":0.0,"max_hp_loss":0.0,"gold_gain":0.0,"event_name":"SensoryStone","player_choice":"Memory 1","floor":39.0,"gold_loss":0.0,"damage_taken":0.0},{"damage_healed":0.0,"max_hp_gain":0.0,"max_hp_loss":0.0,"gold_gain":0.0,"event_name":"Accursed Blacksmith","player_choice":"Forge","floor":42.0,"gold_loss":0.0,"damage_taken":0.0,"cards_upgraded":["Defragment"]}],"is_beta":false,"boss_relics":[{"not_picked":["White Beast Statue","Snecko Eye"],"picked":"Cursed Key"},{"not_picked":["Black Star","Runic Pyramid"],"picked":"Orrery"}],"items_purged_floors":[22,38],"is_endless":false,"potions_floor_spawned":[1,12,18,27,29,31,35,45,46],"ascension_level":0}