{"gold_per_floor":[110,121,121,38,38,38,64,64,132,132,150,163,183,199,199,276,326,346,346,63,77,96,96,124,124,124,124,124,140,140,170,170,244,244,257,269,269,269,286,286,313,313,337,380,412,424,436,61,61,61,61],"floor_reached":52,"playtime":7339,"items_purged":[],"score":1971,"play_id":"10c44d97-0d3a-4f67-a664-38940175c114","local_time":"20181104170740","is_ascension_mode":true,"campfire_choices":[{"data":"Skewer","floor":6.0,"key":"SMITH"},{"data":"Blade Dance","floor":8.0,"key":"SMITH"},{"data":"Neutralize","floor":10.0,"key":"SMITH"},{"data":"Terror","floor":15.0,"key":"SMITH"},{"data":"A Thousand Cuts","floor":23.0,"key":"SMITH"},{"floor":25.0,"key":"REST"},{"data":"Footwork","floor":27.0,"key":"SMITH"},{"data":"Cloak And Dagger","floor":30.0,"key":"SMITH"},{"data":"Tools of the Trade","floor":32.0,"key":"SMITH"},{"data":"Strike_G","floor":40.0,"key":"PURGE"},{"data":"Strike_G","floor":42.0,"key":"PURGE"},{"data":"Wraith Form v2","floor":46.0,"key":"SMITH"},{"data":"Finisher","floor":49.0,"key":"SMITH"}],"neow_cost":"NONE","seed_source_timestamp":26565722809777,"circlet_count":0,"master_deck":["AscendersBane","Defend_G+1","Defend_G+1","Defend_G+1","Defend_G+1","Defend_G+1","Strike_G+1","Survivor+1","Neutralize+1","Skewer+1","Blade Dance+1","Endless Agony+1","Infinite Blades+1","Terror+1","Footwork+1","Backflip+1","Cloak And Dagger+1","A Thousand Cuts+1","Endless Agony+1","Slice+1","Dagger Spray+1","Die Die Die+1","Tools of the Trade+1","Wraith Form v2+1","Cloak And Dagger+1","Footwork+1","Bandage Up+1","Good Instincts+1","Impatience+1","Adrenaline+1","Backflip+1","Sucker Punch+1","After Image+1","Cloak And Dagger+1","Finisher+1"],"special_seed":0,"relics":["Ring of the Snake","NeowsBlessing","Ninja Scroll","Meat on the Bone","Tiny House","Matryoshka","Ornamental Fan","Centennial Puzzle","Ancient Tea Set","Anchor","Orichalcum","Shuriken","Peace Pipe","Coffee Dripper","Bottled Tornado","MawBank","Lantern","Mark of the Bloom","Bag of Marbles","Pen Nib"],"potions_floor_usage":[],"damage_taken":[{"damage":0.0,"enemies":"2 Louse","floor":1.0,"turns":1.0},{"damage":0.0,"enemies":"Small Slimes","floor":2.0,"turns":1.0},{"damage":0.0,"enemies":"3 Sentries","floor":7.0,"turns":1.0},{"damage":0.0,"enemies":"Cultist","floor":11.0,"turns":3.0},{"damage":0.0,"enemies":"Exordium Thugs","floor":12.0,"turns":3.0},{"damage":3.0,"enemies":"Gremlin Gang","floor":13.0,"turns":7.0},{"damage":2.0,"enemies":"Exordium Wildlife","floor":14.0,"turns":3.0},{"damage":23.0,"enemies":"Hexaghost","floor":16.0,"turns":11.0},{"damage":7.0,"enemies":"3 Byrds","floor":18.0,"turns":5.0},{"damage":16.0,"enemies":"Shell Parasite","floor":21.0,"turns":5.0},{"damage":24.0,"enemies":"3 Cultists","floor":22.0,"turns":6.0},{"damage":39.0,"enemies":"Book of Stabbing","floor":24.0,"turns":5.0},{"damage":2.0,"enemies":"Sentry and Sphere","floor":29.0,"turns":4.0},{"damage":0.0,"enemies":"Slavers","floor":31.0,"turns":2.0},{"damage":18.0,"enemies":"Collector","floor":33.0,"turns":6.0},{"damage":2.0,"enemies":"3 Shapes","floor":35.0,"turns":7.0},{"damage":2.0,"enemies":"3 Darklings","floor":36.0,"turns":3.0},{"damage":15.0,"enemies":"Maw","floor":39.0,"turns":6.0},{"damage":19.0,"enemies":"Reptomancer","floor":41.0,"turns":3.0},{"damage":5.0,"enemies":"Giant Head","floor":44.0,"turns":5.0},{"damage":4.0,"enemies":"Writhing Mass","floor":45.0,"turns":5.0},{"damage":7.0,"enemies":"Time Eater","floor":50.0,"turns":9.0},{"damage":5,"enemies":"Donu and Deca","floor":51,"turns":5}],"seed_played":"412618419807358454","potions_obtained":[{"floor":1.0,"key":"Regen Potion"},{"floor":12.0,"key":"SkillPotion"},{"floor":13.0,"key":"Strength Potion"},{"floor":24.0,"key":"Fire Potion"},{"floor":31.0,"key":"Block Potion"},{"floor":39.0,"key":"GhostInAJar"},{"floor":44.0,"key":"Poison Potion"},{"floor":45.0,"key":"Strength Potion"}],"is_trial":false,"path_per_floor":["M","M","?","$","?","R","E","R","T","R","M","M","M","M","R","B",null,"M","?","$","M","M","R","E","R","T","R","T","M","R","E","R","B",null,"M","M","?","?","M","R","E","R","T","E","M","R","?","$","R","B","B",null],"character_chosen":"THE_SILENT","items_purchased":["Endless Agony","Ornamental Fan","Bag of Marbles","Finisher","Pen Nib"],"campfire_rested":1,"item_purchase_floors":[4,20,48,48,48],"current_hp_per_floor":[59,59,52,52,52,52,52,52,52,52,52,52,49,47,47,36,64,57,57,57,41,29,29,16,37,37,37,37,47,47,47,47,41,64,62,60,50,50,39,39,36,36,36,47,47,47,47,47,47,40,35],"gold":61,"neow_bonus":"THREE_ENEMY_KILL","is_prod":false,"is_daily":false,"chose_seed":false,"campfire_upgraded":10,"win_rate":0,"timestamp":1541347660,"path_taken":["M","M","?","$","?","R","E","R","T","R","M","M","M","M","R","BOSS","M","?","$","M","?","R","E","R","T","R","?","?","R","E","R","BOSS","M","M","?","?","M","R","E","R","T","E","?","R","?","$","R","BOSS","BOSS"],"build_version":"2018-11-01","purchased_purges":0,"victory":true,"max_hp_per_floor":[66,66,66,66,66,66,66,66,66,66,66,66,66,66,66,66,71,71,71,71,71,71,71,71,71,71,71,71,71,71,71,71,71,71,71,71,71,71,71,71,71,71,71,71,71,71,71,71,71,71,71],"card_choices":[{"not_picked":["Leg Sweep","Underhanded Strike"],"picked":"Skewer","floor":1.0},{"not_picked":["Bane","Distraction"],"picked":"Blade Dance","floor":2.0},{"not_picked":["Slice","Crippling Poison"],"picked":"Infinite Blades","floor":7.0},{"not_picked":["Blade Dance","Flying Knee"],"picked":"Terror","floor":11.0},{"not_picked":["Dodge and Roll","Predator"],"picked":"Footwork","floor":12.0},{"not_picked":["Dagger Throw","Acrobatics"],"picked":"Backflip","floor":13.0},{"not_picked":["Dodge and Roll","Flying Knee"],"picked":"Cloak And Dagger","floor":14.0},{"not_picked":["Adrenaline","Malaise"],"picked":"A Thousand Cuts","floor":16.0},{"not_picked":["Accuracy","Bane"],"picked":"Endless Agony","floor":17.0},{"not_picked":["Deadly Poison","Backflip","Sucker Punch"],"picked":"SKIP","floor":18.0},{"not_picked":["Prepared","Terror"],"picked":"Slice","floor":21.0},{"not_picked":["Quick Slash","Blur"],"picked":"Dagger Spray","floor":22.0},{"not_picked":["Skewer","Well Laid Plans"],"picked":"Die Die Die","floor":24.0},{"not_picked":["Outmaneuver","Reflex","Distraction"],"picked":"SKIP","floor":29.0},{"not_picked":["Acrobatics","Backflip"],"picked":"Tools of the Trade","floor":31.0},{"not_picked":["Malaise","Bullet Time"],"picked":"Wraith Form v2","floor":33.0},{"not_picked":["All Out Attack","Backflip"],"picked":"Cloak And Dagger","floor":35.0},{"not_picked":["Backflip","Noxious Fumes"],"picked":"Footwork","floor":36.0},{"not_picked":["Swift Strike","Blind"],"picked":"Bandage Up","floor":37.0},{"not_picked":["Discovery","Purity"],"picked":"Good Instincts","floor":37.0},{"not_picked":["Transmutation","Madness"],"picked":"Impatience","floor":37.0},{"not_picked":["Slice","Outmaneuver"],"picked":"Backflip","floor":39.0},{"not_picked":["Well Laid Plans","Poisoned Stab"],"picked":"Sucker Punch+1","floor":41.0},{"not_picked":["Poisoned Stab","Underhanded Strike+1"],"picked":"After Image","floor":44.0},{"not_picked":["PiercingWail","Noxious Fumes"],"picked":"Cloak And Dagger+1","floor":45.0}],"player_experience":1745233,"relics_obtained":[{"floor":7.0,"key":"Ninja Scroll"},{"floor":9.0,"key":"Meat on the Bone"},{"floor":24.0,"key":"Centennial Puzzle"},{"floor":26.0,"key":"Ancient Tea Set"},{"floor":26.0,"key":"Anchor"},{"floor":28.0,"key":"Orichalcum"},{"floor":28.0,"key":"Shuriken"},{"floor":31.0,"key":"Peace Pipe"},{"floor":41.0,"key":"Bottled Tornado"},{"floor":43.0,"key":"MawBank"},{"floor":44.0,"key":"Lantern"}],"event_choices":[{"cards_removed":["Strike_G"],"damage_healed":0.0,"max_hp_gain":0.0,"max_hp_loss":0.0,"gold_gain":0.0,"event_name":"Golden Wing","player_choice":"Card Removal","floor":3.0,"gold_loss":0.0,"damage_taken":7.0},{"damage_healed":0.0,"max_hp_gain":0.0,"max_hp_loss":0.0,"gold_gain":0.0,"event_name":"The Cleric","player_choice":"Leave","floor":5.0,"gold_loss":0.0,"damage_taken":0.0},{"damage_healed":0.0,"max_hp_gain":0.0,"max_hp_loss":0.0,"gold_gain":0.0,"event_name":"WeMeetAgain","player_choice":"Gave Potion","floor":19.0,"gold_loss":0.0,"damage_taken":0.0,"relics_obtained":["Matryoshka"]},{"damage_healed":0.0,"max_hp_gain":0.0,"max_hp_loss":0.0,"gold_gain":0.0,"event_name":"SensoryStone","player_choice":"Memory 3","floor":37.0,"gold_loss":0.0,"damage_taken":10.0},{"damage_healed":0.0,"max_hp_gain":0.0,"max_hp_loss":0.0,"gold_gain":0.0,"cards_transformed":["Strike_G"],"event_name":"Transmorgrifier","player_choice":"Transformed","floor":38.0,"gold_loss":0.0,"damage_taken":0.0,"cards_obtained":["Adrenaline"]},{"damage_healed":0.0,"max_hp_gain":0.0,"max_hp_loss":0.0,"gold_gain":0.0,"event_name":"MindBloom","player_choice":"Upgrade","floor":47.0,"gold_loss":0.0,"damage_taken":0.0,"cards_upgraded":["Defend_G","Defend_G","Defend_G","Defend_G","Defend_G","Survivor","Endless Agony","Infinite Blades","Backflip","Endless Agony","Slice","Dagger Spray","Die Die Die","Cloak And Dagger","Footwork","Bandage Up","Good Instincts","Impatience","Adrenaline","Backflip","After Image"],"relics_obtained":["Mark of the Bloom"]}],"is_beta":false,"boss_relics":[{"not_picked":["Velvet Choker","Runic Pyramid"],"picked":"Tiny House"},{"not_picked":["Philosopher\u0027s Stone","Busted Crown"],"picked":"Coffee Dripper"}],"items_purged_floors":[],"is_endless":false,"potions_floor_spawned":[1,12,13,16,18,24,31,39,44,45],"ascension_level":20}