{"gold_per_floor":[111,123,140,110,124,150,163,178,205,205,217,230,249,259,259,358,358,376,390,404,415,434,460,460,53,53,53,82,94,164,187,199,211],"floor_reached":33,"playtime":3239,"items_purged":["Defend_G"],"score":367,"play_id":"4250015c-7db1-4bc2-98b5-761194b3a245","local_time":"20181224040143","is_ascension_mode":false,"campfire_choices":[{"floor":10,"key":"REST"},{"data":"Calculated Gamble","floor":15,"key":"SMITH"},{"data":"Prepared","floor":24,"key":"SMITH"},{"floor":29,"key":"REST"},{"floor":32,"key":"REST"}],"neow_cost":"NONE","seed_source_timestamp":125638171863635,"circlet_count":0,"master_deck":["Defend_G","Defend_G","Defend_G","Defend_G","Strike_G","Strike_G","Strike_G","Strike_G","Strike_G","Survivor","Neutralize","Calculated Gamble+1","Backstab","Underhanded Strike","All Out Attack","PiercingWail","Escape Plan","Dagger Spray","Dagger Throw","Leg Sweep","Tactician","Cloak And Dagger","Malaise","Dagger Throw","Tools of the Trade","Quick Slash","Distraction+1","Prepared+1","Prepared","Infinite Blades+1","Accuracy","Cloak And Dagger","Trip","Sadistic Nature","Phantasmal Killer","Accuracy","Cloak And Dagger","Dagger Throw","Dagger Throw"],"relics":["Ring of the Snake","Dream Catcher","Sozu","Question Card","Sundial","Nloth\u0027s Gift","MawBank","Tiny Chest"],"potions_floor_usage":[6,16,16,20],"damage_taken":[{"damage":5,"enemies":"Jaw Worm","floor":1,"turns":5},{"damage":6,"enemies":"Cultist","floor":2,"turns":5},{"damage":1,"enemies":"2 Louse","floor":3,"turns":2},{"damage":0,"enemies":"Looter","floor":4,"turns":4},{"damage":0,"enemies":"3 Louse","floor":5,"turns":4},{"damage":47,"enemies":"Lagavulin","floor":6,"turns":12},{"damage":1,"enemies":"2 Fungi Beasts","floor":7,"turns":2},{"damage":4,"enemies":"Large Slime","floor":8,"turns":7},{"damage":0,"enemies":"Blue Slaver","floor":11,"turns":2},{"damage":1,"enemies":"Exordium Thugs","floor":12,"turns":3},{"damage":0,"enemies":"3 Louse","floor":13,"turns":1},{"damage":0,"enemies":"Large Slime","floor":14,"turns":1},{"damage":14,"enemies":"The Guardian","floor":16,"turns":15},{"damage":0,"enemies":"3 Byrds","floor":18,"turns":2},{"damage":4,"enemies":"2 Thieves","floor":19,"turns":3},{"damage":7,"enemies":"Snake Plant","floor":20,"turns":7},{"damage":19,"enemies":"Cultist and Chosen","floor":21,"turns":7},{"damage":1,"enemies":"Centurion and Healer","floor":22,"turns":9},{"damage":5,"enemies":"Book of Stabbing","floor":23,"turns":8},{"damage":4,"enemies":"Gremlin Leader","floor":28,"turns":6},{"damage":42,"enemies":"Slavers","floor":30,"turns":6},{"damage":6,"enemies":"Snake Plant","floor":31,"turns":6},{"damage":42,"enemies":"Champ","floor":33,"turns":10}],"seed_played":"2271720273667275371","potions_obtained":[{"floor":2,"key":"FearPotion"},{"floor":5,"key":"SkillPotion"},{"floor":6,"key":"Dexterity Potion"},{"floor":7,"key":"Block Potion"}],"is_trial":false,"path_per_floor":["M","M","M","M","M","E","M","M","T","R","M","M","M","M","R","B",null,"M","M","M","M","M","E","R","$","T","?","E","R","E","M","R","B"],"character_chosen":"THE_SILENT","items_purchased":["Cloak And Dagger","Trip","Sadistic Nature"],"campfire_rested":3,"item_purchase_floors":[25,25,25],"current_hp_per_floor":[72,66,65,65,65,18,17,13,13,36,36,35,35,35,35,21,77,77,73,66,47,46,41,41,41,41,41,37,60,18,12,35,0],"gold":211,"neow_bonus":"TEN_PERCENT_HP_BONUS","is_prod":false,"is_daily":false,"chose_seed":false,"campfire_upgraded":2,"win_rate":0,"timestamp":1545620503,"path_taken":["M","M","M","M","M","E","M","M","T","R","M","M","M","M","R","BOSS","M","M","M","M","M","E","R","$","T","?","E","R","E","M","R","BOSS"],"build_version":"2018-12-20","purchased_purges":1,"victory":false,"max_hp_per_floor":[77,77,77,77,77,77,77,77,77,77,77,77,77,77,77,77,77,77,77,77,77,77,77,77,77,77,77,77,77,77,77,77,77],"card_choices":[{"not_picked":["Slice","Prepared"],"picked":"Calculated Gamble","floor":1},{"not_picked":["Terror","Outmaneuver"],"picked":"Backstab","floor":2},{"not_picked":["Acrobatics","Distraction"],"picked":"Underhanded Strike","floor":3},{"not_picked":["Bane","Deadly Poison"],"picked":"All Out Attack","floor":4},{"not_picked":["Cloak And Dagger","Blade Dance"],"picked":"PiercingWail","floor":5},{"not_picked":["Choke","Dodge and Roll"],"picked":"Escape Plan","floor":6},{"not_picked":["Slice","Expertise"],"picked":"Dagger Spray","floor":7},{"not_picked":["A Thousand Cuts","Dodge and Roll"],"picked":"Dagger Throw","floor":8},{"not_picked":["Outmaneuver","Quick Slash"],"picked":"Leg Sweep","floor":10},{"not_picked":["Outmaneuver","Slice"],"picked":"Tactician","floor":11},{"not_picked":["Distraction","Outmaneuver"],"picked":"Cloak And Dagger","floor":12},{"not_picked":["Dodge and Roll","Poisoned Stab"],"picked":"Malaise","floor":13},{"not_picked":["Acrobatics","Finisher"],"picked":"Dagger Throw","floor":14},{"not_picked":["Envenom","Wraith Form v2"],"picked":"Tools of the Trade","floor":16},{"not_picked":["Dagger Spray","Dodge and Roll"],"picked":"Quick Slash","floor":18},{"not_picked":["Sucker Punch+1","Flying Knee+1"],"picked":"Distraction+1","floor":19},{"not_picked":["Dagger Spray","Cloak And Dagger"],"picked":"Prepared","floor":20},{"not_picked":["Malaise","PiercingWail"],"picked":"Prepared","floor":21},{"not_picked":["Acrobatics","Sucker Punch+1"],"picked":"Infinite Blades+1","floor":22},{"not_picked":["Dagger Throw","Prepared"],"picked":"Accuracy","floor":23},{"not_picked":["PiercingWail+1","Backflip","Well Laid Plans"],"picked":"Phantasmal Killer","floor":28},{"not_picked":["Deadly Poison","Caltrops+1","Masterful Stab"],"picked":"Accuracy","floor":29},{"not_picked":["Slice","Sucker Punch+1","Malaise"],"picked":"Cloak And Dagger","floor":30},{"not_picked":["Caltrops","Flying Knee+1","Deadly Poison+1"],"picked":"Dagger Throw","floor":31},{"not_picked":["Deadly Poison","Riddle With Holes","Outmaneuver+1"],"picked":"Dagger Throw","floor":32}],"player_experience":94498,"relics_obtained":[{"floor":6,"key":"Bag of Marbles"},{"floor":9,"key":"Dream Catcher"},{"floor":23,"key":"Question Card"},{"floor":26,"key":"Sundial"},{"floor":28,"key":"MawBank"},{"floor":30,"key":"Tiny Chest"}],"event_choices":[{"damage_healed":0,"gold_gain":0,"player_choice":"Traded Relic","damage_taken":0,"relics_obtained":["Nloth\u0027s Gift"],"max_hp_gain":0,"max_hp_loss":0,"event_name":"N\u0027loth","floor":27,"relics_lost":["Bag of Marbles"],"gold_loss":0}],"is_beta":false,"boss_relics":[{"not_picked":["Lizard Tail","WristBlade"],"picked":"Sozu"}],"items_purged_floors":[25],"is_endless":false,"potions_floor_spawned":[2,5,6,7,14,21,22,23,30],"killed_by":"Champ","ascension_level":0}