{"gold_per_floor":[10,10,26,42,57,85,85,85,85,85,85,99,124,124],"floor_reached":14,"playtime":243,"items_purged":[],"score":179,"play_id":"88de86e8-a4a2-44b0-9a8d-9f139c8caac3","local_time":"20181213170944","is_ascension_mode":true,"campfire_choices":[{"floor":8,"key":"REST"},{"data":"Rainbow","floor":10,"key":"SMITH"}],"neow_cost":"NO_GOLD","seed_source_timestamp":115243836513700,"circlet_count":0,"master_deck":["AscendersBane","Strike_B+1","Strike_B","Strike_B","Strike_B","Defend_B","Defend_B","Defend_B","Defend_B","Zap","Dualcast","Electrodynamics","BootSequence","Pain","Conserve Battery","Sunder","Steam+1","Rainbow+1","Streamline","Beam Cell"],"relics":["Cracked Core","WarpedTongs","Dodecahedron","Golden Idol","Letter Opener"],"potions_floor_usage":[6],"damage_taken":[{"damage":0,"enemies":"2 Louse","floor":1,"turns":1},{"damage":9,"enemies":"Cultist","floor":3,"turns":4},{"damage":4,"enemies":"Small Slimes","floor":4,"turns":4},{"damage":4,"enemies":"Red Slaver","floor":5,"turns":3},{"damage":12,"enemies":"3 Sentries","floor":6,"turns":3},{"damage":0,"enemies":"Exordium Wildlife","floor":12,"turns":2},{"damage":0,"enemies":"2 Fungi Beasts","floor":13,"turns":2}],"seed_played":"3402852942236870451","potions_obtained":[{"floor":1,"key":"FocusPotion"},{"floor":3,"key":"LiquidBronze"},{"floor":4,"key":"SkillPotion"},{"floor":6,"key":"EssenceOfSteel"}],"is_trial":false,"path_per_floor":["M","?","M","M","M","E","?","R","T","R","?","M","M","?"],"character_chosen":"DEFECT","items_purchased":[],"campfire_rested":1,"item_purchase_floors":[],"current_hp_per_floor":[64,64,55,51,47,35,11,32,32,32,11,11,11,0],"gold":124,"neow_bonus":"THREE_RARE_CARDS","is_prod":false,"is_daily":false,"chose_seed":false,"campfire_upgraded":1,"win_rate":0,"timestamp":1544688584,"path_taken":["M","?","M","?","M","E","?","R","T","R","?","M","M","?"],"build_version":"2018-12-06","purchased_purges":0,"victory":false,"max_hp_per_floor":[71,71,71,71,71,71,71,71,71,71,71,71,71,71],"card_choices":[{"not_picked":["Rainbow","Buffer"],"picked":"Electrodynamics","floor":0},{"not_picked":["Blizzard","Aggregate"],"picked":"BootSequence","floor":1},{"not_picked":["Go for the Eyes","Cold Snap"],"picked":"Conserve Battery","floor":3},{"not_picked":["Lockon","Compile Driver"],"picked":"Sunder","floor":4},{"not_picked":["Aggregate","Stack"],"picked":"Steam","floor":5},{"not_picked":["Self Repair","Steam Power"],"picked":"Rainbow","floor":6},{"not_picked":["Stack","Chaos"],"picked":"Streamline","floor":12},{"not_picked":["Aggregate","Stack"],"picked":"Beam Cell","floor":13}],"player_experience":991530,"relics_obtained":[{"floor":6,"key":"Dodecahedron"},{"floor":9,"key":"Letter Opener"}],"event_choices":[{"damage_healed":0,"gold_gain":0,"player_choice":"Rummage","damage_taken":0,"relics_obtained":["WarpedTongs"],"max_hp_gain":0,"max_hp_loss":0,"event_name":"Accursed Blacksmith","floor":2,"gold_loss":0,"cards_obtained":["Pain"]},{"damage_healed":0,"gold_gain":0,"player_choice":"Take Damage","damage_taken":24,"relics_obtained":["Golden Idol"],"max_hp_gain":0,"max_hp_loss":0,"event_name":"Golden Idol","floor":7,"gold_loss":0},{"damage_healed":0,"gold_gain":0,"player_choice":"Entered Light","damage_taken":21,"max_hp_gain":0,"max_hp_loss":0,"event_name":"Shining Light","floor":11,"gold_loss":0,"cards_upgraded":["Strike_B","Steam"]}],"is_beta":false,"boss_relics":[],"items_purged_floors":[],"is_endless":false,"potions_floor_spawned":[1,3,4,6],"ascension_level":19}