{"gold_per_floor":[113,130,130,147,164,164,177,177,232,250,276,276,302,302,302,423,423,436,361,286,0,13,13,27,58,84,102,227,248,248,289,289,419,419,433,81,105,130,130,130,169,169,169,169,169,182,182,203,203,203,203,203,23,63,63],"floor_reached":56,"playtime":4318,"items_purged":["Injury","Strike_G","Writhe"],"score":1332,"play_id":"0dc4cb0c-31ef-4c13-bc48-a916c30e1dd3","local_time":"20181227031530","is_ascension_mode":false,"campfire_choices":[{"floor":6.0,"key":"DIG"},{"floor":8.0,"key":"DIG"},{"floor":12.0,"key":"DIG"},{"floor":15.0,"key":"DIG"},{"floor":23.0,"key":"DIG"},{"floor":30.0,"key":"REST"},{"floor":32.0,"key":"DIG"},{"floor":40.0,"key":"DIG"},{"floor":42.0,"key":"DIG"},{"floor":44.0,"key":"DIG"},{"floor":49.0,"key":"RECALL"},{"floor":52.0,"key":"DIG"}],"neow_cost":"CURSE","seed_source_timestamp":380702160484282,"circlet_count":0,"master_deck":["Defend_G+1","Defend_G+1","Defend_G+1","Defend_G+1","Defend_G+1","Strike_G+1","Strike_G+1","Strike_G+1","Strike_G+1","Survivor+1","Neutralize+1","Deadly Poison+1","Dagger Throw+1","Backflip+1","Deadly Poison+1","Deadly Poison+1","Bouncing Flask+1","Noxious Fumes+1","Backflip+1","Corpse Explosion+1","Footwork+1","Leg Sweep+1","Bullet Time+1","Backflip+1","Leg Sweep+1","Acrobatics","Catalyst"],"special_seed":0,"relics":["Ring of the Snake","Shovel","Oddly Smooth Stone","Happy Flower","Tiny Chest","Centennial Puzzle","Question Card","Nunchaku","Golden Idol","Lantern","Fusion Hammer","War Paint","Gambling Chip","FossilizedHelix","Pantograph","Smiling Mask","Kunai","Coffee Dripper","Ice Cream","Mark of the Bloom","Potion Belt","Snake Skull","Art of War","Regal Pillow","Boot","Ornamental Fan","Gremlin Horn"],"potions_floor_usage":[55],"damage_taken":[{"damage":2.0,"enemies":"Jaw Worm","floor":1.0,"turns":6.0},{"damage":2.0,"enemies":"Cultist","floor":2.0,"turns":5.0},{"damage":5.0,"enemies":"Small Slimes","floor":4.0,"turns":4.0},{"damage":0.0,"enemies":"2 Fungi Beasts","floor":5.0,"turns":6.0},{"damage":0.0,"enemies":"Exordium Wildlife","floor":7.0,"turns":4.0},{"damage":0.0,"enemies":"Blue Slaver","floor":10.0,"turns":5.0},{"damage":10.0,"enemies":"Gremlin Nob","floor":11.0,"turns":3.0},{"damage":18.0,"enemies":"Lagavulin","floor":13.0,"turns":6.0},{"damage":4.0,"enemies":"Hexaghost","floor":16.0,"turns":9.0},{"damage":0.0,"enemies":"Chosen","floor":18.0,"turns":4.0},{"damage":0.0,"enemies":"Shell Parasite","floor":22.0,"turns":4.0},{"damage":0.0,"enemies":"Snake Plant","floor":24.0,"turns":3.0},{"damage":0.0,"enemies":"Book of Stabbing","floor":25.0,"turns":6.0},{"damage":0.0,"enemies":"3 Cultists","floor":27.0,"turns":3.0},{"damage":0.0,"enemies":"Colosseum Slavers","floor":28.0,"turns":3.0},{"damage":23.0,"enemies":"Colosseum Nobs","floor":28.0,"turns":4.0},{"damage":0.0,"enemies":"Snecko","floor":29.0,"turns":4.0},{"damage":22.0,"enemies":"Gremlin Leader","floor":31.0,"turns":7.0},{"damage":69.0,"enemies":"Collector","floor":33.0,"turns":8.0},{"damage":0.0,"enemies":"3 Shapes","floor":35.0,"turns":4.0},{"damage":0.0,"enemies":"3 Darklings","floor":37.0,"turns":3.0},{"damage":0.0,"enemies":"Sphere and 2 Shapes","floor":38.0,"turns":6.0},{"damage":0.0,"enemies":"Giant Head","floor":41.0,"turns":7.0},{"damage":0.0,"enemies":"4 Shapes","floor":46.0,"turns":3.0},{"damage":10.0,"enemies":"Spire Growth","floor":48.0,"turns":4.0},{"damage":23.0,"enemies":"Awakened One","floor":50.0,"turns":11.0},{"damage":0.0,"enemies":"Shield and Spear","floor":54.0,"turns":4.0},{"damage":39,"enemies":"The Heart","floor":55,"turns":8}],"seed_played":"-9022173496075757220","potions_obtained":[{"floor":1.0,"key":"Fire Potion"},{"floor":3.0,"key":"Fruit Juice"},{"floor":3.0,"key":"Poison Potion"},{"floor":5.0,"key":"FearPotion"},{"floor":7.0,"key":"GamblersBrew"},{"floor":10.0,"key":"SmokeBomb"},{"floor":13.0,"key":"Weak Potion"},{"floor":22.0,"key":"EssenceOfSteel"},{"floor":27.0,"key":"Block Potion"},{"floor":28.0,"key":"Dexterity Potion"},{"floor":31.0,"key":"Strength Potion"},{"floor":33.0,"key":"GamblersBrew"},{"floor":38.0,"key":"Fruit Juice"},{"floor":46.0,"key":"EssenceOfSteel"},{"floor":54.0,"key":"Poison Potion"}],"is_trial":false,"path_per_floor":["M","M","?","M","M","R","M","R","T","M","E","R","E","?","R","B",null,"M","?","$","?","M","R","M","E","T","M","?","M","R","E","R","B",null,"M","$","M","M","?","R","E","R","T","R","?","M","?","M","R","B",null,"R","$","E","B",null],"character_chosen":"THE_SILENT","items_purchased":["Ice Cream","Catalyst","Energy Potion"],"campfire_rested":1,"item_purchase_floors":[36,53,53],"current_hp_per_floor":[68,66,66,61,66,66,66,66,66,66,56,56,38,38,38,34,75,75,75,75,75,75,75,75,75,75,75,52,52,74,52,52,6,75,75,75,75,80,80,80,80,80,80,80,80,80,80,70,70,47,47,47,47,47,8],"gold":63,"neow_bonus":"ONE_RARE_RELIC","is_prod":false,"is_daily":false,"chose_seed":false,"campfire_upgraded":0,"win_rate":0,"timestamp":1545876930,"path_taken":["M","M","?","M","M","R","?","R","T","M","E","R","E","?","R","BOSS","M","?","$","?","M","R","M","E","T","M","?","M","R","E","R","BOSS","M","$","M","M","?","R","E","R","T","R","?","M","?","M","R","BOSS","R","$","E","BOSS"],"build_version":"2018-12-20","purchased_purges":3,"victory":true,"max_hp_per_floor":[70,70,70,70,75,75,75,75,75,75,75,75,75,75,75,75,75,75,75,75,75,75,75,75,75,75,75,75,75,75,75,75,75,75,75,75,75,80,80,80,80,80,80,80,80,80,80,80,80,80,80,80,80,80,80],"card_choices":[{"not_picked":["Underhanded Strike","Flying Knee"],"picked":"Deadly Poison","floor":1.0},{"not_picked":["Tactician","Sucker Punch"],"picked":"Dagger Throw","floor":2.0},{"not_picked":["Cloak And Dagger","Sucker Punch"],"picked":"Backflip","floor":4.0},{"not_picked":["Sucker Punch","Outmaneuver"],"picked":"Deadly Poison","floor":5.0},{"not_picked":["Flying Knee","Blade Dance"],"picked":"Deadly Poison","floor":7.0},{"not_picked":["Storm of Steel","Tactician"],"picked":"Bouncing Flask","floor":10.0},{"not_picked":["Flying Knee","Crippling Poison"],"picked":"Noxious Fumes","floor":11.0},{"not_picked":["Dagger Spray","Underhanded Strike","Dagger Throw"],"picked":"Backflip","floor":13.0},{"not_picked":["Night Terror","Glass Knife","Venomology"],"picked":"Corpse Explosion","floor":16.0},{"not_picked":["Deflect","Cloak And Dagger","Outmaneuver+1"],"picked":"Footwork","floor":18.0},{"not_picked":["Flying Knee","Predator","Outmaneuver","Deflect"],"picked":"SKIP","floor":22.0},{"not_picked":["Dagger Spray","Quick Slash+1","Slice+1"],"picked":"Leg Sweep+1","floor":24.0},{"not_picked":["Outmaneuver+1","Sucker Punch","Doppelganger","Riddle With Holes"],"picked":"SKIP","floor":25.0},{"not_picked":["Acrobatics+1","Outmaneuver","All Out Attack","Quick Slash"],"picked":"SKIP","floor":27.0},{"not_picked":["Dagger Spray","Choke","Sucker Punch","Endless Agony"],"picked":"SKIP","floor":29.0},{"not_picked":["All Out Attack+1","Malaise","Poisoned Stab","Accuracy"],"picked":"SKIP","floor":31.0},{"not_picked":["Night Terror","Glass Knife","A Thousand Cuts"],"picked":"Bullet Time","floor":33.0},{"not_picked":["Dagger Throw+1","Bane","Outmaneuver","Deflect+1"],"picked":"SKIP","floor":35.0},{"not_picked":["Outmaneuver","Flying Knee","Cloak And Dagger","Dagger Throw"],"picked":"SKIP","floor":37.0},{"not_picked":["Poisoned Stab+1","Eviscerate","Backflip","Flechettes"],"picked":"SKIP","floor":38.0},{"not_picked":["Masterful Stab+1","Blade Dance+1","Well Laid Plans+1"],"picked":"Backflip+1","floor":41.0},{"not_picked":["Storm of Steel","Bane+1","Predator+1"],"picked":"Leg Sweep+1","floor":46.0},{"not_picked":["Dagger Throw+1","Quick Slash","Dodge and Roll"],"picked":"Acrobatics","floor":48.0},{"not_picked":["Underhanded Strike","Reflex+1","Choke","Sucker Punch"],"picked":"SKIP","floor":54.0}],"player_experience":114395,"relics_obtained":[{"floor":6.0,"key":"Oddly Smooth Stone"},{"floor":8.0,"key":"Happy Flower"},{"floor":9.0,"key":"Tiny Chest"},{"floor":11.0,"key":"Centennial Puzzle"},{"floor":12.0,"key":"Question Card"},{"floor":13.0,"key":"Nunchaku"},{"floor":15.0,"key":"Lantern"},{"floor":23.0,"key":"War Paint"},{"floor":25.0,"key":"Gambling Chip"},{"floor":28.0,"key":"FossilizedHelix"},{"floor":28.0,"key":"Pantograph"},{"floor":31.0,"key":"Smiling Mask"},{"floor":32.0,"key":"Kunai"},{"floor":40.0,"key":"Potion Belt"},{"floor":41.0,"key":"Snake Skull"},{"floor":42.0,"key":"Art of War"},{"floor":43.0,"key":"Regal Pillow"},{"floor":44.0,"key":"Boot"},{"floor":52.0,"key":"Ornamental Fan"},{"floor":54.0,"key":"Gremlin Horn"}],"event_choices":[{"damage_healed":0.0,"max_hp_gain":0.0,"max_hp_loss":0.0,"gold_gain":0.0,"event_name":"Lab","player_choice":"Got Potions","floor":3.0,"gold_loss":0.0,"damage_taken":0.0},{"damage_healed":0.0,"max_hp_gain":0.0,"max_hp_loss":0.0,"gold_gain":0.0,"event_name":"Golden Idol","player_choice":"Take Wound","floor":14.0,"gold_loss":0.0,"damage_taken":0.0,"relics_obtained":["Golden Idol"],"cards_obtained":["Injury"]},{"cards_removed":["Doubt"],"damage_healed":0.0,"max_hp_gain":0.0,"max_hp_loss":0.0,"gold_gain":0.0,"event_name":"Beggar","player_choice":"Gave Gold","floor":19.0,"gold_loss":75.0,"damage_taken":0.0},{"damage_healed":0.0,"max_hp_gain":0.0,"max_hp_loss":0.0,"gold_gain":0.0,"event_name":"Masked Bandits","player_choice":"Paid Fearfully","floor":21.0,"gold_loss":286.0,"damage_taken":0.0},{"damage_healed":0.0,"max_hp_gain":0.0,"max_hp_loss":0.0,"gold_gain":0.0,"event_name":"Colosseum","player_choice":"Fight","floor":28.0,"gold_loss":0.0,"damage_taken":0.0},{"damage_healed":0.0,"max_hp_gain":0.0,"max_hp_loss":0.0,"gold_gain":0.0,"event_name":"Colosseum","player_choice":"Fought Nobs","floor":28.0,"gold_loss":0.0,"damage_taken":0.0},{"damage_healed":0.0,"max_hp_gain":0.0,"max_hp_loss":0.0,"gold_gain":0.0,"event_name":"MindBloom","player_choice":"Upgrade","floor":39.0,"gold_loss":0.0,"damage_taken":0.0,"cards_upgraded":["Defend_G","Defend_G","Defend_G","Defend_G","Strike_G","Strike_G","Strike_G","Strike_G","Survivor","Neutralize","Deadly Poison","Dagger Throw","Backflip","Deadly Poison","Bouncing Flask","Noxious Fumes","Backflip","Corpse Explosion","Footwork","Bullet Time"],"relics_obtained":["Mark of the Bloom"]},{"damage_healed":20.0,"max_hp_gain":0.0,"max_hp_loss":0.0,"gold_gain":0.0,"event_name":"Winding Halls","player_choice":"Writhe","floor":45.0,"gold_loss":0.0,"damage_taken":0.0,"cards_obtained":["Writhe"]},{"damage_healed":0.0,"max_hp_gain":0.0,"max_hp_loss":0.0,"gold_gain":0.0,"event_name":"The Moai Head","player_choice":"Ignored","floor":47.0,"gold_loss":0.0,"damage_taken":0.0}],"is_beta":false,"boss_relics":[{"not_picked":["Ectoplasm","Velvet Choker"],"picked":"Fusion Hammer"},{"not_picked":["HoveringKite","Snecko Eye"],"picked":"Coffee Dripper"}],"items_purged_floors":[20,36,53],"is_endless":false,"potions_floor_spawned":[1,5,7,10,13,22,27,28,28,31,33,38,46,54],"ascension_level":0}