{"path_per_floor":["M","?","?","M","M","E","R","M","T","?","M","T","E","$","R","B",null,"M","?","M","M","?","E"],"character_chosen":"THE_SILENT","items_purchased":["Bronze Scales","Noxious Fumes"],"gold_per_floor":[111,111,111,124,139,164,164,182,205,205,219,219,246,22,22,123,123,134,59,77,90,90,120],"floor_reached":24,"campfire_rested":1,"playtime":1813,"current_hp_per_floor":[70,70,70,70,70,62,62,55,55,30,9,9,8,8,29,17,70,70,70,68,36,20,6],"items_purged":[],"gold":120,"score":226,"play_id":"89f30846-de56-40c3-9af2-8e672c5be2b7","local_time":"20180317234738","is_prod":false,"is_daily":false,"is_ascension_mode":false,"campfire_upgraded":1,"timestamp":1521326858,"path_taken":["M","?","?","M","M","E","R","?","T","?","M","?","E","$","R","BOSS","M","?","M","M","?","E","M"],"build_version":"2018-03-15v3","purchased_purges":0,"victory":false,"master_deck":["Defend_G","Defend_G","Defend_G","Defend_G","Defend_G","Strike_G","Strike_G","Strike_G","Strike_G","Survivor","Neutralize","Sucker Punch","Sucker Punch","Leg Sweep","Doppelganger+1","Dagger Spray","Dagger Spray","Cloak And Dagger","Noxious Fumes","Prepared","Adrenaline","Dodge and Roll","Bane","Poisoned Stab+1","Bouncing Flask"],"max_hp_per_floor":[70,70,70,70,70,70,70,70,70,70,70,70,70,70,70,70,70,70,70,70,70,70,70],"relics":["Ring of the Snake","Shuriken","Dream Catcher","Snake Skull","Tough Bandages","Prayer Wheel","Bronze Scales","Philosopher\u0027s Stone","Omamori"],"card_choices":[{"not_picked":["Finisher","Slice"],"picked":"Sucker Punch"},{"not_picked":["PiercingWail","Acrobatics"],"picked":"Sucker Punch"},{"not_picked":["Bane","Acrobatics"],"picked":"Leg Sweep"},{"not_picked":["Bane","Flying Knee"],"picked":"Doppelganger"},{"not_picked":["Poisoned Stab","Slice"],"picked":"Dagger Spray"},{"not_picked":["Backflip","All Out Attack"],"picked":"Dagger Spray"},{"not_picked":["Poisoned Stab","Acrobatics"],"picked":"Cloak And Dagger"},{"not_picked":["Finisher","Reflex"],"picked":"Prepared"},{"not_picked":["Venomology","Tactician"],"picked":"Adrenaline"},{"not_picked":["Underhanded Strike","Infinite Blades"],"picked":"Dodge and Roll"},{"not_picked":["Quick Slash","Skewer"],"picked":"Bane"},{"not_picked":["Dodge and Roll","Deadly Poison"],"picked":"Poisoned Stab"},{"not_picked":["Glass Knife","Heel Hook"],"picked":"Bouncing Flask"}],"player_experience":95913,"potions_floor_usage":[6,6,13,23],"damage_taken":[{"damage":0,"enemies":"Small Slimes","floor":1,"turns":4},{"damage":0,"enemies":"Cultist","floor":4,"turns":4},{"damage":0,"enemies":"Jaw Worm","floor":5,"turns":3},{"damage":8,"enemies":"Lagavulin","floor":6,"turns":8},{"damage":7,"enemies":"Looter","floor":8,"turns":4},{"damage":21,"enemies":"Exordium Thugs","floor":11,"turns":4},{"damage":1,"enemies":"3 Sentries","floor":13,"turns":5},{"damage":12,"enemies":"The Guardian","floor":16,"turns":11},{"damage":0,"enemies":"Shell Parasite","floor":18,"turns":5},{"damage":2,"enemies":"Spheric Guardian","floor":20,"turns":4},{"damage":32,"enemies":"Chosen and Byrds","floor":21,"turns":7},{"damage":14,"enemies":"Slavers","floor":23,"turns":5},{"damage":9,"enemies":"Snake Plant","floor":24,"turns":2}],"event_choices":[{"event_name":"The Lab","player_choice":"Got Potions","floor":2,"damage_taken":0},{"event_name":"Living Wall","player_choice":"Change","floor":3,"damage_taken":0},{"event_name":"Scrap Ooze","player_choice":"success","floor":10,"damage_taken":25},{"event_name":"Beggar","player_choice":"Gave Gold","floor":19,"damage_taken":0},{"event_name":"Cursed Tome","player_choice":"Obtained Book","floor":22,"damage_taken":0}],"boss_relics":[{"not_picked":["Question Card","Tiny House"],"picked":"Philosopher\u0027s Stone"}],"potions_floor_spawned":[1,5,18,23],"seed_played":"8711388481027968287","killed_by":"Snake Plant","ascension_level":0,"is_trial":false}