{"gold_per_floor":[115,131,147,20,0,0,25,25,75,75,104,104,104,118,118,217,217,232,232,232,207,220,220,270,298,375,375,440,454,471,16,16,111,111,124,174,49,0,50,50,78,92,92,156,166,236,236,286,286,286],"floor_reached":51,"playtime":1859,"items_purged":["Combust","Strike_R","Strike_R"],"score":761,"play_id":"46a7b652-8f6a-41e6-a3b7-e53068153331","local_time":"20181010103152","is_ascension_mode":true,"campfire_choices":[{"data":"Carnage","floor":6.0,"key":"SMITH"},{"data":"Bash","floor":10.0,"key":"SMITH"},{"data":"True Grit","floor":13.0,"key":"SMITH"},{"data":"Rampage","floor":15.0,"key":"SMITH"},{"data":"Disarm","floor":23.0,"key":"SMITH"},{"data":"Whirlwind","floor":27,"key":"SMITH"},{"floor":32,"key":"REST"},{"data":"1","floor":40,"key":"LIFT"},{"data":"2","floor":47,"key":"LIFT"},{"floor":49,"key":"REST"}],"neow_cost":"NONE","seed_source_timestamp":52987910711485,"circlet_count":0,"master_deck":["Defend_R","Defend_R","Defend_R","Defend_R","Bash+1","Carnage+1","True Grit+1","Shrug It Off","Battle Trance","Rampage+1","Offering","Whirlwind+1","Metallicize","Sentinel","Sword Boomerang+1","Disarm+1","Ghostly Armor+1","Clash+1","Double Tap","True Grit+1","Battle Trance","Infernal Blade+1","Twin Strike"],"special_seed":0,"relics":["Burning Blood","Art of War","Omamori","Boot","Orrery","Champion Belt","SsserpentHead","Enchiridion","Girya","Darkstone Periapt","Happy Flower","Strange Spoon","Sozu","Red Mask","Anchor","Frozen Egg 2"],"potions_floor_usage":[25,33,50,50],"damage_taken":[{"damage":5.0,"enemies":"2 Louse","floor":1.0,"turns":3.0},{"damage":6.0,"enemies":"Jaw Worm","floor":2.0,"turns":3.0},{"damage":0.0,"enemies":"Small Slimes","floor":3.0,"turns":3.0},{"damage":23.0,"enemies":"Lagavulin","floor":7.0,"turns":6.0},{"damage":20.0,"enemies":"3 Sentries","floor":11.0,"turns":6.0},{"damage":7.0,"enemies":"Blue Slaver","floor":14.0,"turns":2.0},{"damage":31.0,"enemies":"Hexaghost","floor":16.0,"turns":9.0},{"damage":16.0,"enemies":"Spheric Guardian","floor":18.0,"turns":4.0},{"damage":14.0,"enemies":"Shell Parasite","floor":22.0,"turns":4.0},{"damage":9,"enemies":"Book of Stabbing","floor":25,"turns":4},{"damage":6,"enemies":"Snecko","floor":28,"turns":3},{"damage":11,"enemies":"Sentry and Sphere","floor":29,"turns":6},{"damage":9,"enemies":"Snake Plant","floor":30,"turns":4},{"damage":37,"enemies":"Collector","floor":33,"turns":15},{"damage":7,"enemies":"3 Darklings","floor":35,"turns":6},{"damage":23,"enemies":"Nemesis","floor":41,"turns":5},{"damage":0,"enemies":"Orb Walker","floor":42,"turns":2},{"damage":19,"enemies":"Maw","floor":44,"turns":6},{"damage":16,"enemies":"4 Shapes","floor":45,"turns":2},{"damage":6,"enemies":"Jaw Worm Horde","floor":46,"turns":2},{"damage":55,"enemies":"Awakened One","floor":50,"turns":11}],"seed_played":"2339999091207586907","potions_obtained":[{"floor":1.0,"key":"Regen Potion"},{"floor":11.0,"key":"SteroidPotion"},{"floor":14.0,"key":"FearPotion"},{"floor":18.0,"key":"Block Potion"},{"floor":30,"key":"Fire Potion"},{"floor":33,"key":"FearPotion"}],"is_trial":false,"path_per_floor":["M","M","M","$","?","R","E","$","T","R","E","?","R","M","R","B",null,"M","?","?","?","M","R","?","E","T","R","M","M","M","$","R","B",null,"M","?","$","?","?","R","E","M","T","M","M","M","R","?","R","B"],"character_chosen":"IRONCLAD","items_purchased":["Sword Boomerang","Happy Flower","Strange Spoon"],"campfire_rested":2,"item_purchase_floors":[4,31,31],"current_hp_per_floor":[80,80,80,80,80,80,63,63,63,63,49,42,42,41,41,31,80,70,70,70,70,62,62,46,43,43,43,43,38,35,35,59,28,80,79,79,79,79,76,76,59,65,65,52,42,42,42,42,64,15],"gold":286,"neow_bonus":"TRANSFORM_CARD","is_prod":false,"is_daily":false,"chose_seed":false,"campfire_upgraded":6,"win_rate":0,"timestamp":1539160312,"path_taken":["M","M","M","$","?","R","E","$","T","R","E","?","R","M","R","BOSS","M","?","?","?","M","R","?","E","T","R","?","M","M","$","R","BOSS","M","?","$","?","?","R","E","M","T","?","M","?","R","?","R","BOSS"],"build_version":"2018-10-09","purchased_purges":3,"victory":true,"max_hp_per_floor":[80,80,80,80,80,80,80,80,80,80,80,80,80,80,80,80,80,80,80,80,80,80,80,80,80,80,80,80,80,80,80,80,80,80,80,80,80,80,76,76,76,76,76,76,76,76,76,76,76,76],"card_choices":[{"not_picked":["Havoc","Clash"],"picked":"Carnage","floor":1.0},{"not_picked":["Sever Soul","Clothesline"],"picked":"True Grit","floor":2.0},{"not_picked":["Iron Wave","Sword Boomerang"],"picked":"Shrug It Off","floor":3.0},{"not_picked":["Evolve","Dual Wield"],"picked":"Battle Trance","floor":7.0},{"not_picked":["Infernal Blade","Warcry","Carnage"],"picked":"SKIP","floor":11.0},{"not_picked":["Clash","Sword Boomerang"],"picked":"Rampage","floor":14.0},{"not_picked":["Demon Form","Dark Embrace"],"picked":"Offering","floor":16.0},{"not_picked":["Carnage","Thunderclap"],"picked":"Whirlwind","floor":17.0},{"not_picked":["Heavy Blade","Rupture"],"picked":"Metallicize","floor":17.0},{"not_picked":["Clash","Body Slam"],"picked":"Sentinel","floor":17.0},{"not_picked":["Flex","Anger"],"picked":"Sword Boomerang","floor":17.0},{"not_picked":["Havoc","Clash+1"],"picked":"Disarm","floor":18.0},{"not_picked":["Iron Wave","Whirlwind"],"picked":"Ghostly Armor+1","floor":22.0},{"not_picked":["Disarm","Juggernaut","Armaments+1"],"picked":"SKIP","floor":25},{"not_picked":["Warcry","Seeing Red","Feel No Pain"],"picked":"SKIP","floor":28},{"not_picked":["Corruption","Sword Boomerang","Warcry"],"picked":"SKIP","floor":29},{"not_picked":["True Grit","Heavy Blade"],"picked":"Clash+1","floor":30},{"not_picked":["Bludgeon","Feed"],"picked":"Double Tap","floor":33},{"not_picked":["Havoc","Iron Wave+1","Rampage"],"picked":"SKIP","floor":35},{"not_picked":["Havoc","Corruption+1","Warcry+1"],"picked":"SKIP","floor":41},{"not_picked":["Metallicize","Combust"],"picked":"True Grit+1","floor":42},{"not_picked":["Second Wind+1","Perfected Strike"],"picked":"Battle Trance","floor":44},{"not_picked":["Burning Pact+1","Pommel Strike"],"picked":"Infernal Blade+1","floor":45},{"not_picked":["Immolate","Pommel Strike+1"],"picked":"Twin Strike","floor":46}],"player_experience":640312,"relics_obtained":[{"floor":7.0,"key":"Art of War"},{"floor":9.0,"key":"Omamori"},{"floor":11.0,"key":"Boot"},{"floor":24.0,"key":"Enchiridion"},{"floor":25,"key":"Girya"},{"floor":26,"key":"Darkstone Periapt"},{"floor":41,"key":"Anchor"},{"floor":43,"key":"Frozen Egg 2"}],"event_choices":[{"event_name":"World of Goop","player_choice":"Left","floor":5.0,"damage_taken":0.0},{"event_name":"Golden Wing","player_choice":"Card Removal","floor":12.0,"damage_taken":0.0},{"event_name":"The Mausoleum","player_choice":"Yes","floor":19.0,"damage_taken":0.0},{"event_name":"FaceTrader","player_choice":"Trade","floor":20.0,"damage_taken":0.0},{"event_name":"Beggar","player_choice":"Gave Gold","floor":21.0,"damage_taken":0.0},{"event_name":"Cursed Tome","player_choice":"Obtained Book","floor":24.0,"damage_taken":0.0},{"event_name":"Falling","player_choice":"Removed Attack","floor":36,"damage_taken":0},{"event_name":"Tomb of Lord Red Mask","player_choice":"Paid","floor":38,"damage_taken":0},{"event_name":"Winding Halls","player_choice":"Max HP","floor":39,"damage_taken":0},{"event_name":"Upgrade Shrine","player_choice":"Upgraded","floor":48,"damage_taken":0}],"is_beta":true,"boss_relics":[{"not_picked":["Pandora\u0027s Box","Fusion Hammer"],"picked":"Orrery"},{"not_picked":["Snecko Eye","Calling Bell"],"picked":"Sozu"}],"items_purged_floors":[4,31,37],"is_endless":false,"potions_floor_spawned":[1,11,14,18,22,30,33,42,44,45],"ascension_level":1}