{"path_per_floor":["M","?","M","T","$","R","E","R","T","M","M","E","R","M","R","B",null,"M","M","?","M","M","R","M","?","T","M","$","R","M","?","R","B",null,"M","$","?","M","$","R"],"character_chosen":"THE_SILENT","items_purchased":["Molten Egg 2","Bronze Scales","Backflip","Dash","Catalyst","Dodge and Roll"],"gold_per_floor":[114,114,133,433,35,35,68,68,68,82,96,131,131,148,148,245,245,261,276,191,210,229,229,247,247,297,312,137,137,149,149,149,246,246,260,92,92,111,64,64,64],"floor_reached":41,"campfire_rested":2,"playtime":1165,"current_hp_per_floor":[70,70,70,70,70,70,47,47,47,47,46,43,43,43,64,37,70,70,64,64,64,60,60,59,46,46,48,48,48,38,38,60,10,75,52,52,52,43,43,55,0],"items_purged":["Strike_G","Strike_G"],"gold":64,"score":403,"play_id":"9955c334-f9a7-4232-9cb6-0c6abe6f045c","local_time":"20180404230843","is_prod":false,"is_daily":false,"is_ascension_mode":false,"campfire_upgraded":6,"timestamp":1522876123,"path_taken":["M","?","M","?","$","R","E","R","T","M","M","E","R","M","R","BOSS","M","M","?","M","M","R","?","?","T","M","$","R","M","?","R","BOSS","M","$","?","M","$","R","E"],"build_version":"2018-03-29v2","purchased_purges":2,"victory":false,"master_deck":["Defend_G","Defend_G","Defend_G","Defend_G","Defend_G","Strike_G","Survivor+1","Neutralize","All Out Attack","Poisoned Stab","Glass Knife+1","Acrobatics","Noxious Fumes+1","Malaise+1","Deflect","PiercingWail","Glass Knife+1","Bane+1","Setup+1","Slice+1","Deflect+1","Noxious Fumes","Bane+1","Backflip+1","Dash+1","Catalyst+1","Writhe","Venomology","Deflect","Catalyst+1","Dramatic Entrance+1","PiercingWail+1","Dodge and Roll"],"max_hp_per_floor":[70,70,70,70,70,70,70,70,70,70,70,70,70,70,70,70,70,70,70,70,70,70,70,70,75,75,75,75,75,75,75,75,75,75,75,75,75,75,75,75,75],"relics":["Ring of the Snake","Old Coin","Molten Egg 2","Bronze Scales","Bag of Preparation","Tingsha","Ornamental Fan","Runic Dome","Pantograph","Blood Vial","Dream Catcher","Eternal Feather"],"card_choices":[{"not_picked":["Dagger Throw","Acrobatics"],"picked":"Poisoned Stab","floor":1},{"not_picked":["Sucker Punch","Dodge and Roll"],"picked":"Glass Knife","floor":3},{"not_picked":["Phantasmal Killer","Prepared"],"picked":"Acrobatics","floor":7},{"not_picked":["Dagger Throw","Backstab"],"picked":"Noxious Fumes","floor":10},{"not_picked":["Flechettes","Setup"],"picked":"Malaise","floor":11},{"not_picked":["Noxious Fumes","Acrobatics"],"picked":"Deflect","floor":12},{"not_picked":["Choke","Caltrops"],"picked":"PiercingWail","floor":14},{"not_picked":["Doppelganger","Tactician"],"picked":"Glass Knife","floor":16},{"not_picked":["Deadly Poison","Backflip"],"picked":"Bane","floor":18},{"not_picked":["Skewer","Heel Hook"],"picked":"Setup","floor":19},{"not_picked":["Catalyst","Outmaneuver"],"picked":"Slice","floor":21},{"not_picked":["Flying Knee","Eviscerate"],"picked":"Deflect","floor":22},{"not_picked":["After Image","Distraction"],"picked":"Noxious Fumes","floor":24},{"not_picked":["Quick Slash","Finisher"],"picked":"Bane","floor":27},{"not_picked":["Setup","Outmaneuver"],"picked":"Catalyst","floor":30},{"not_picked":["Corpse Explosion","Grand Finale"],"picked":"Venomology","floor":33},{"not_picked":["Accuracy","Outmaneuver"],"picked":"Deflect","floor":35},{"not_picked":["Good Instincts","Madness"],"picked":"Dramatic Entrance","floor":37},{"not_picked":["Distraction","Deadly Poison"],"picked":"PiercingWail","floor":38}],"player_experience":314568,"potions_floor_usage":[11,12,19,22,30,33,33,41],"damage_taken":[{"damage":0,"enemies":"2 Louse","floor":1,"turns":2},{"damage":0,"enemies":"Cultist","floor":3,"turns":3},{"damage":23,"enemies":"Gremlin Nob","floor":7,"turns":4},{"damage":0,"enemies":"Jaw Worm","floor":10,"turns":1},{"damage":1,"enemies":"Exordium Thugs","floor":11,"turns":3},{"damage":3,"enemies":"Lagavulin","floor":12,"turns":5},{"damage":0,"enemies":"Looter","floor":14,"turns":2},{"damage":27,"enemies":"Hexaghost","floor":16,"turns":9},{"damage":0,"enemies":"Spheric Guardian","floor":18,"turns":1},{"damage":6,"enemies":"3 Byrds","floor":19,"turns":3},{"damage":0,"enemies":"Centurion and Healer","floor":21,"turns":4},{"damage":4,"enemies":"Snecko","floor":22,"turns":3},{"damage":1,"enemies":"Snake Plant","floor":24,"turns":2},{"damage":0,"enemies":"Centurion and Healer","floor":27,"turns":5},{"damage":12,"enemies":"Snecko","floor":30,"turns":4},{"damage":65,"enemies":"Collector","floor":33,"turns":9},{"damage":23,"enemies":"3 Darklings","floor":35,"turns":4},{"damage":11,"enemies":"3 Shapes","floor":38,"turns":2},{"damage":57,"enemies":"Giant Head","floor":41,"turns":8}],"event_choices":[{"event_name":"Wheel of Change","player_choice":"Card Removal","floor":2,"damage_taken":0},{"event_name":"Addict","player_choice":"Obtained Relic","floor":20,"damage_taken":0},{"event_name":"Forgotten Altar","player_choice":"Shed Blood","floor":25,"damage_taken":0},{"event_name":"The Mausoleum","player_choice":"Yes","floor":31,"damage_taken":0},{"event_name":"SensoryStone","player_choice":"Memory 1","floor":37,"damage_taken":0}],"boss_relics":[{"not_picked":["White Beast Statue","Black Star"],"picked":"Runic Dome"},{"not_picked":["Snecko Eye","Runic Pyramid"],"picked":"Eternal Feather"}],"potions_floor_spawned":[7,11,12,18,19,24,30],"seed_played":"-1650427991297931002","killed_by":"Giant Head","ascension_level":0,"is_trial":false}