{"gold_per_floor":[110,110,185,57,69,69,100,100,100,116,136,15,32,45,45,146,146,158,143,18,118,134,134,15,68,93,125,144,160,160,160],"floor_reached":31,"playtime":1427,"items_purged":["Regret","Strike_B"],"score":257,"play_id":"17a395ea-8bc1-4f49-a64c-e007d8dadeb0","local_time":"20190105192802","is_ascension_mode":false,"campfire_choices":[{"floor":6,"key":"REST"},{"floor":8,"key":"REST"},{"floor":15,"key":"REST"},{"floor":23,"key":"REST"}],"neow_cost":"NONE","seed_source_timestamp":432967183909562,"circlet_count":0,"master_deck":["Strike_B","Strike_B","Strike_B","Defend_B","Defend_B","Defend_B","Defend_B","Zap","Dualcast","Skim","Lockon","Turbo","Darkness","Self Repair","Coolheaded","Hologram","Defragment","Multi-Cast","Conserve Battery","Leap+1","Hologram","Ball Lightning","Loop","Deep Breath","Lockon","Self Repair+1","Coolheaded"],"relics":["Cracked Core","Oddly Smooth Stone","Mummified Hand","Lantern","Bronze Scales","Bottled Lightning","Black Star","Boot","PreservedInsect","Orichalcum"],"potions_floor_usage":[5,14,19,27,27],"damage_taken":[{"damage":7,"enemies":"2 Louse","floor":1,"turns":2},{"damage":5,"enemies":"Jaw Worm","floor":5,"turns":2},{"damage":65,"enemies":"3 Sentries","floor":7,"turns":8},{"damage":0,"enemies":"Cultist","floor":10,"turns":3},{"damage":10,"enemies":"Lots of Slimes","floor":11,"turns":3},{"damage":9,"enemies":"3 Louse","floor":13,"turns":3},{"damage":0,"enemies":"Exordium Thugs","floor":14,"turns":3},{"damage":34,"enemies":"The Guardian","floor":16,"turns":8},{"damage":14,"enemies":"Spheric Guardian","floor":18,"turns":4},{"damage":12,"enemies":"2 Thieves","floor":19,"turns":4},{"damage":24,"enemies":"Centurion and Healer","floor":22,"turns":5},{"damage":12,"enemies":"Book of Stabbing","floor":27,"turns":5},{"damage":9,"enemies":"Snake Plant","floor":28,"turns":3},{"damage":41,"enemies":"3 Cultists","floor":29,"turns":6},{"damage":12,"enemies":"Shelled Parasite and Fungi","floor":31,"turns":3}],"seed_played":"3297010048837685926","potions_obtained":[{"floor":1,"key":"PowerPotion"},{"floor":10,"key":"Dexterity Potion"},{"floor":16,"key":"Strength Potion"},{"floor":18,"key":"Poison Potion"},{"floor":22,"key":"EssenceOfSteel"}],"is_trial":false,"path_per_floor":["M","?","?","?","M","R","E","R","T","M","M","$","M","M","R","B",null,"M","M","$","?","M","R","$","T","T","E","M","M","?","M"],"character_chosen":"DEFECT","items_purchased":["Coolheaded","Hologram","Loop","Deep Breath"],"campfire_rested":4,"item_purchase_floors":[12,20,24,24],"current_hp_per_floor":[68,68,57,57,52,74,9,31,31,31,21,21,19,26,48,21,75,68,63,63,63,39,61,61,61,61,56,54,30,30,18],"gold":160,"neow_bonus":"RANDOM_COMMON_RELIC","is_prod":false,"is_daily":false,"chose_seed":false,"campfire_upgraded":0,"win_rate":0,"timestamp":1546669682,"path_taken":["M","?","?","?","M","R","E","R","T","M","?","?","M","M","R","BOSS","M","M","$","?","M","R","$","?","T","E","M","M","?","M"],"build_version":"2019-01-03v4","purchased_purges":2,"victory":false,"max_hp_per_floor":[75,75,75,75,75,75,75,75,75,75,75,75,75,75,75,75,75,75,75,75,75,75,75,75,75,75,75,75,75,75,75],"card_choices":[{"not_picked":["Rebound","Compile Driver"],"picked":"Skim","floor":1},{"not_picked":["Hologram","Blizzard"],"picked":"Lockon","floor":5},{"not_picked":["Stack","Go for the Eyes"],"picked":"Turbo","floor":7},{"not_picked":["Redo","Recycle"],"picked":"Darkness","floor":10},{"not_picked":["Beam Cell","Go for the Eyes"],"picked":"Self Repair","floor":11},{"not_picked":["Streamline","Steam"],"picked":"Hologram","floor":13},{"not_picked":["Barrage","Cold Snap"],"picked":"Defragment","floor":14},{"not_picked":["All For One","Creative AI"],"picked":"Multi-Cast","floor":16},{"not_picked":["Gash+1","Capacitor"],"picked":"Conserve Battery","floor":18},{"not_picked":["Streamline+1","Compile Driver"],"picked":"Leap+1","floor":19},{"not_picked":["Streamline","Force Field"],"picked":"Ball Lightning","floor":22},{"not_picked":["Stack","Compile Driver+1"],"picked":"Lockon","floor":27},{"not_picked":["Static Discharge","Coolheaded"],"picked":"Self Repair+1","floor":28},{"not_picked":["Steam","Self Repair"],"picked":"Coolheaded","floor":29}],"player_experience":556492,"relics_obtained":[{"floor":7,"key":"Bronze Scales"},{"floor":9,"key":"Bottled Lightning"},{"floor":26,"key":"Boot"},{"floor":27,"key":"PreservedInsect"},{"floor":27,"key":"Orichalcum"}],"event_choices":[{"damage_healed":0,"gold_gain":0,"player_choice":"Box","damage_taken":0,"relics_obtained":["Mummified Hand"],"max_hp_gain":0,"max_hp_loss":0,"event_name":"Big Fish","floor":2,"gold_loss":0,"cards_obtained":["Regret"]},{"damage_healed":0,"gold_gain":75,"player_choice":"Gather Gold","damage_taken":11,"max_hp_gain":0,"max_hp_loss":0,"event_name":"World of Goop","floor":3,"gold_loss":0},{"damage_healed":0,"gold_gain":0,"player_choice":"Paid Gold","damage_taken":0,"relics_obtained":["Lantern"],"max_hp_gain":0,"max_hp_loss":0,"event_name":"WeMeetAgain","floor":4,"gold_loss":128},{"damage_healed":0,"gold_gain":100,"player_choice":"Pray","damage_taken":0,"max_hp_gain":0,"max_hp_loss":0,"event_name":"Golden Shrine","floor":21,"gold_loss":0},{"damage_healed":0,"gold_gain":0,"player_choice":"Ignored","damage_taken":0,"max_hp_gain":0,"max_hp_loss":0,"event_name":"Vampires","floor":30,"gold_loss":0}],"is_beta":false,"boss_relics":[{"not_picked":["Ectoplasm","Snecko Eye"],"picked":"Black Star"}],"items_purged_floors":[12,20],"is_endless":false,"potions_floor_spawned":[1,10,16,18,22],"killed_by":"Shelled Parasite and Fungi","ascension_level":0}