{"path_per_floor":["M","?","?","$","?","R","E","R","T","M","E","M","E","M","R","B",null,"M","$","?","?","?","R","E","R","T","$","E","?","E","M","R","B",null,"M","M","M","M","M","R","E","R","T","E","$","?","T","?","R","B"],"character_chosen":"THE_SILENT","items_purchased":["Footwork","Happy Flower","Flying Knee","Underhanded Strike","Whetstone","Pen Nib","Footwork","Bottled Tornado","Dash"],"gold_per_floor":[109,359,534,211,161,161,187,187,261,280,306,326,361,371,371,476,476,488,462,462,462,462,462,493,493,493,150,180,180,211,226,226,324,324,337,354,364,377,397,397,430,430,430,456,120,0,46,46,46,46],"floor_reached":51,"campfire_rested":5,"playtime":4208,"current_hp_per_floor":[61,61,61,61,61,61,35,56,56,56,41,41,41,41,41,16,57,40,40,40,27,27,49,9,31,31,31,28,28,28,28,65,49,69,69,69,57,57,57,57,71,71,71,45,45,45,45,45,75,20],"items_purged":["Regret"],"gold":46,"score":1124,"play_id":"7b2ef6b4-fdb9-4041-84e3-5adfede2ff0f","local_time":"20180424221448","is_prod":false,"is_daily":false,"chose_seed":false,"is_ascension_mode":true,"campfire_upgraded":4,"timestamp":1524600888,"path_taken":["M","?","?","$","?","R","E","R","T","M","E","M","E","M","R","BOSS","M","$","?","?","?","R","E","R","T","$","E","?","E","?","R","BOSS","M","?","M","M","M","R","E","R","T","E","$","?","?","?","R","BOSS"],"build_version":"2018-04-19","seed_source_timestamp":0,"purchased_purges":3,"victory":true,"master_deck":["Defend_G+1","Defend_G+1","Defend_G+1","Defend_G+1","Defend_G+1","Strike_G+1","Strike_G+1","Survivor","Neutralize+1","Sucker Punch+1","Footwork+1","Flying Knee+1","Flying Knee","Die Die Die","Dagger Throw","All Out Attack","A Thousand Cuts+1","Dash+1","Envenom","Dash+1","Underhanded Strike","Dagger Throw+1","Dash+1","Footwork+1","Noxious Fumes+1","Predator+1","Die Die Die+1","PiercingWail+1","Bouncing Flask+1","Bullet Time+1","Envenom","Crippling Poison+1","Eviscerate+1","Predator+1","Dash+1","Skewer+1"],"max_hp_per_floor":[70,70,70,70,70,70,70,70,70,70,70,70,70,70,70,70,70,70,70,70,75,75,75,75,75,75,75,75,75,75,75,75,75,75,75,75,75,75,75,75,75,75,75,75,75,75,75,75,75,75],"relics":["Ring of the Snake","Prayer Wheel","Happy Flower","Anchor","Tough Bandages","Centennial Puzzle","Mercury Hourglass","Snecko Eye","Molten Egg 2","Question Card","Whetstone","Pen Nib","Regal Pillow","Ancient Tea Set","Astrolabe","Ginger","Juzu Bracelet","Gremlin Horn","Bottled Tornado","Red Mask","Singing Bowl"],"card_choices":[{"not_picked":["Dagger Throw","Slice"],"picked":"Sucker Punch","floor":1.0},{"not_picked":["Prepared","Bane"],"picked":"Flying Knee","floor":7.0},{"not_picked":["Heel Hook","Bane"],"picked":"Die Die Die","floor":10.0},{"not_picked":["Setup","Bouncing Flask"],"picked":"Dagger Throw","floor":11.0},{"not_picked":["Dagger Spray","Dodge and Roll"],"picked":"All Out Attack","floor":12.0},{"not_picked":["Deadly Poison","Slice"],"picked":"A Thousand Cuts","floor":13.0},{"not_picked":["Slice","Poisoned Stab"],"picked":"Dash","floor":14.0},{"not_picked":["Tactician","Bullet Time"],"picked":"Envenom","floor":16.0},{"not_picked":["Concentrate","Choke"],"picked":"Dash","floor":18.0},{"not_picked":["Dodge and Roll","Sucker Punch"],"picked":"Dagger Throw","floor":24.0},{"not_picked":["Bouncing Flask","Escape Plan"],"picked":"Dash","floor":26.0},{"not_picked":["Concentrate","Accuracy","Deadly Poison"],"picked":"Noxious Fumes","floor":28.0},{"not_picked":["Sucker Punch","Flechettes","Skewer"],"picked":"Predator","floor":30.0},{"not_picked":["Night Terror","Tools of the Trade","Venomology"],"picked":"Die Die Die","floor":33.0},{"not_picked":["Cloak And Dagger","Blade Dance","Slice"],"picked":"Envenom","floor":38},{"not_picked":["Concentrate","Calculated Gamble","Slice"],"picked":"Crippling Poison","floor":39},{"not_picked":["Acrobatics","Outmaneuver","Concentrate"],"picked":"Eviscerate","floor":41},{"not_picked":["Endless Agony","Dagger Spray","Deflect"],"picked":"Predator","floor":44},{"not_picked":["Cloak And Dagger","Blur","Distraction"],"picked":"Skewer","floor":47}],"player_experience":653524,"potions_floor_usage":[41,41,50],"damage_taken":[{"damage":2.0,"enemies":"Cultist","floor":1.0,"turns":5.0},{"damage":26.0,"enemies":"Lagavulin","floor":7.0,"turns":12.0},{"damage":0.0,"enemies":"Jaw Worm","floor":10.0,"turns":4.0},{"damage":15.0,"enemies":"Gremlin Nob","floor":11.0,"turns":5.0},{"damage":0.0,"enemies":"Small Slimes","floor":12.0,"turns":2.0},{"damage":0.0,"enemies":"3 Sentries","floor":13.0,"turns":4.0},{"damage":0.0,"enemies":"Blue Slaver","floor":14.0,"turns":3.0},{"damage":25.0,"enemies":"Hexaghost","floor":16.0,"turns":10.0},{"damage":17.0,"enemies":"Chosen","floor":18.0,"turns":5.0},{"damage":40.0,"enemies":"Book of Stabbing","floor":24.0,"turns":5.0},{"damage":3.0,"enemies":"Gremlin Leader","floor":28.0,"turns":6.0},{"damage":0.0,"enemies":"Slavers","floor":30.0,"turns":3.0},{"damage":0.0,"enemies":"2 Thieves","floor":31.0,"turns":2.0},{"damage":16.0,"enemies":"Collector","floor":33.0,"turns":6.0},{"damage":0.0,"enemies":"3 Darklings","floor":35.0,"turns":2.0},{"damage":0.0,"enemies":"3 Shapes","floor":36.0,"turns":3.0},{"damage":12.0,"enemies":"Sphere and 2 Shapes","floor":37.0,"turns":3.0},{"damage":0,"enemies":"3 Darklings","floor":38,"turns":4},{"damage":0,"enemies":"Sphere and 2 Shapes","floor":39,"turns":3},{"damage":1,"enemies":"Giant Head","floor":41,"turns":6},{"damage":26,"enemies":"Nemesis","floor":44,"turns":5},{"damage":55,"enemies":"Awakened One","floor":50,"turns":11}],"event_choices":[{"event_name":"Golden Shrine","player_choice":"Desecrate","floor":2.0,"damage_taken":0.0},{"event_name":"Liars Game","player_choice":"agreed","floor":3.0,"damage_taken":0.0},{"event_name":"The Cleric","player_choice":"Card Removal","floor":5.0,"damage_taken":0.0},{"event_name":"Upgrade Shrine","player_choice":"Upgraded","floor":20.0,"damage_taken":0.0},{"event_name":"Forgotten Altar","player_choice":"Shed Blood","floor":21.0,"damage_taken":0.0},{"event_name":"Back to Basics","player_choice":"Simplicity","floor":22.0,"damage_taken":0.0},{"event_name":"Vampires","player_choice":"Ignored","floor":29.0,"damage_taken":0.0},{"event_name":"Tomb of Lord Red Mask","player_choice":"Paid","floor":46,"damage_taken":0},{"event_name":"Upgrade Shrine","player_choice":"Upgraded","floor":48,"damage_taken":0}],"boss_relics":[],"potions_floor_spawned":[10,13,16,18,28,33,35,36,38],"seed_played":"2954261968586148979","ascension_level":7,"is_trial":false}