{"gold_per_floor":[114,114,129,148,148,475,475,493,566,44,44,4,20,39,39,141,141,151,42,42,42,57,57,73,73,73,73],"floor_reached":27,"playtime":1183,"items_purged":[],"score":330,"play_id":"30d18c61-9edc-403c-8245-e14ec17042c6","local_time":"20181001114020","is_ascension_mode":true,"campfire_choices":[{"floor":7,"key":"REST"},{"floor":11,"key":"REST"},{"floor":15,"key":"REST"},{"data":"Capacitor","floor":23,"key":"SMITH"},{"floor":25,"key":"REST"}],"neow_cost":"NONE","seed_source_timestamp":51343540400677,"circlet_count":0,"master_deck":["Strike_B","Strike_B","Strike_B","Strike_B","Defend_B","Defend_B","Defend_B","Defend_B","Zap+1","Dualcast","AscendersBane","Capacitor+1","Reinforced Body","Consume","Undo","Hologram","Sweeping Beam","Glacier","FTL","Chaos","Coolheaded","Electrodynamics","Ball Lightning+1","Loop","Darkness","Shame","Streamline+1"],"relics":["Cracked Core","Old Coin","Ornamental Fan","Gremlin Horn","Toy Ornithopter","Nuclear Battery","Regal Pillow","Singing Bowl"],"potions_floor_usage":[14,22,27],"damage_taken":[{"damage":6,"enemies":"Jaw Worm","floor":1,"turns":4},{"damage":0,"enemies":"2 Louse","floor":3,"turns":2},{"damage":10,"enemies":"Cultist","floor":4,"turns":4},{"damage":45,"enemies":"Gremlin Nob","floor":6,"turns":5},{"damage":34,"enemies":"Lots of Slimes","floor":8,"turns":6},{"damage":2,"enemies":"Large Slime","floor":13,"turns":6},{"damage":1,"enemies":"Looter","floor":14,"turns":4},{"damage":27,"enemies":"Slime Boss","floor":16,"turns":14},{"damage":9,"enemies":"3 Byrds","floor":18,"turns":4},{"damage":1,"enemies":"Chosen","floor":22,"turns":5},{"damage":42,"enemies":"Snecko","floor":24,"turns":7},{"damage":62,"enemies":"Cultist and Chosen","floor":27,"turns":6}],"seed_played":"6627760618596208171","potions_obtained":[{"floor":3,"key":"Energy Potion"},{"floor":5,"key":"FairyPotion"},{"floor":8,"key":"Fire Potion"},{"floor":13,"key":"PowerPotion"},{"floor":22,"key":"Explosive Potion"},{"floor":24,"key":"FocusPotion"}],"is_trial":false,"path_per_floor":["M","?","M","M","?","E","R","M","T","$","R","$","M","M","R","B",null,"M","$","?","?","M","R","M","R","T"],"character_chosen":"DEFECT","items_purchased":["Glacier","Gremlin Horn","Toy Ornithopter","FTL","Loop","Darkness"],"campfire_rested":4,"item_purchase_floors":[10,10,10,12,19,19],"current_hp_per_floor":[62,62,62,52,52,7,29,7,7,7,29,29,27,31,53,26,63,54,54,54,54,58,58,16,53,53,0],"gold":73,"neow_bonus":"THREE_CARDS","is_prod":false,"is_daily":false,"chose_seed":false,"campfire_upgraded":1,"win_rate":0,"timestamp":1538386820,"path_taken":["M","?","?","M","?","E","R","M","T","$","R","?","M","M","R","BOSS","M","$","?","?","M","R","M","R","T","?"],"build_version":"2018-09-27","purchased_purges":0,"victory":false,"max_hp_per_floor":[75,75,75,75,75,75,75,75,75,75,75,75,75,75,75,75,75,75,75,75,75,75,75,75,75,75,75],"card_choices":[{"not_picked":["Redo","Consume"],"picked":"Capacitor","floor":0},{"not_picked":["Beam Cell","Sweeping Beam"],"picked":"Reinforced Body","floor":1},{"not_picked":["Gash","Steam Power"],"picked":"Consume","floor":3},{"not_picked":["Hello World","Barrage"],"picked":"Undo","floor":4},{"not_picked":["Consume","Amplify"],"picked":"Hologram","floor":6},{"not_picked":["Stack","Recycle"],"picked":"Sweeping Beam","floor":8},{"not_picked":["Static Discharge","Hologram"],"picked":"Chaos","floor":13},{"not_picked":["Leap","Redo"],"picked":"Coolheaded","floor":14},{"not_picked":["Multi-Cast","Core Surge"],"picked":"Electrodynamics","floor":16},{"not_picked":["Compile Driver","Gash"],"picked":"Ball Lightning+1","floor":18},{"not_picked":["Rebound","Skim","Sweeping Beam"],"picked":"SKIP","floor":22},{"not_picked":["Hologram","Sunder"],"picked":"Streamline+1","floor":24}],"player_experience":758347,"relics_obtained":[{"floor":6,"key":"Old Coin"},{"floor":9,"key":"Ornamental Fan"},{"floor":26,"key":"Singing Bowl"}],"event_choices":[{"event_name":"Living Wall","player_choice":"Grow","floor":2,"damage_taken":0},{"event_name":"The Lab","player_choice":"Got Potions","floor":5,"damage_taken":0},{"event_name":"Ghosts","player_choice":"Ignored","floor":20,"damage_taken":0},{"event_name":"Addict","player_choice":"Stole Relic","floor":21,"damage_taken":0}],"is_beta":false,"boss_relics":[{"not_picked":["Black Star","Fusion Hammer"],"picked":"Nuclear Battery"}],"items_purged_floors":[],"is_endless":false,"potions_floor_spawned":[3,8,13,22,24],"killed_by":"Cultist and Chosen","ascension_level":11}