{"gold_per_floor":[119,134,134,144,144,178,194,30,30,43,43,62,62,81,81,81],"floor_reached":16,"playtime":391,"items_purged":[],"score":203,"play_id":"f56a48f1-7faa-48f5-9db7-b028e628a2a0","local_time":"20181213170531","is_ascension_mode":true,"campfire_choices":[{"data":"Genetic Algorithm","floor":11.0,"key":"SMITH"},{"data":"Steam","floor":15.0,"key":"SMITH"}],"neow_cost":"NONE","seed_source_timestamp":0,"circlet_count":0,"master_deck":["AscendersBane","Strike_B","Strike_B","Strike_B","Strike_B","Defend_B","Defend_B","Defend_B","Defend_B","Zap+1","Dualcast","Steam+1","Redo","Conserve Battery","Sunder","Genetic Algorithm+1","Streamline"],"special_seed":0,"relics":["Cracked Core","Regal Pillow","Singing Bowl","Anchor","Golden Idol"],"potions_floor_usage":[16,16],"damage_taken":[{"damage":4.0,"enemies":"Jaw Worm","floor":1.0,"turns":4.0},{"damage":1.0,"enemies":"Cultist","floor":2.0,"turns":4.0},{"damage":0.0,"enemies":"2 Louse","floor":4.0,"turns":2.0},{"damage":20.0,"enemies":"Lagavulin","floor":6.0,"turns":8.0},{"damage":6.0,"enemies":"Looter","floor":7.0,"turns":3.0},{"damage":0.0,"enemies":"2 Fungi Beasts","floor":10.0,"turns":2.0},{"damage":2.0,"enemies":"3 Louse","floor":12.0,"turns":3.0},{"damage":1.0,"enemies":"Blue Slaver","floor":14.0,"turns":4.0},{"damage":11,"enemies":"The Guardian","floor":16,"turns":8}],"seed_played":"-4177010773059295476","potions_obtained":[{"floor":4.0,"key":"Fire Potion"},{"floor":6.0,"key":"FocusPotion"},{"floor":10.0,"key":"PowerPotion"}],"is_trial":false,"path_per_floor":["M","M","?","M","?","E","M","$","T","M","R","M","?","M","R","B"],"character_chosen":"DEFECT","items_purchased":["Anchor"],"campfire_rested":0,"item_purchase_floors":[8],"current_hp_per_floor":[67,66,66,66,66,46,40,40,40,40,40,40,12,11,11,0],"gold":81,"neow_bonus":"TEN_PERCENT_HP_BONUS","is_prod":false,"is_daily":false,"chose_seed":false,"campfire_upgraded":2,"win_rate":0,"timestamp":1544688331,"path_taken":["M","M","?","?","?","E","?","?","T","M","R","M","?","M","R","BOSS"],"build_version":"2018-12-06","purchased_purges":0,"victory":false,"max_hp_per_floor":[78,78,78,78,78,78,78,78,78,78,78,80,80,80,80,80],"card_choices":[{"not_picked":["Compile Driver","Sweeping Beam"],"picked":"Go for the Eyes","floor":1.0},{"not_picked":["Stack","Barrage"],"picked":"Steam","floor":2.0},{"not_picked":["Sweeping Beam","Double Energy"],"picked":"Redo","floor":4.0},{"not_picked":["Rebound","Go for the Eyes"],"picked":"Conserve Battery","floor":6.0},{"not_picked":["Tempest","Doom and Gloom"],"picked":"Sunder","floor":7.0},{"not_picked":["Stack","Tempest"],"picked":"Genetic Algorithm","floor":10.0},{"not_picked":["Hologram","Recycle","Turbo"],"picked":"Singing Bowl","floor":12.0},{"not_picked":["Force Field","Lockon"],"picked":"Streamline","floor":14.0}],"player_experience":991139,"relics_obtained":[{"floor":6.0,"key":"Singing Bowl"}],"event_choices":[{"cards_removed":["Go for the Eyes"],"damage_healed":0.0,"max_hp_gain":0.0,"max_hp_loss":0.0,"gold_gain":0.0,"event_name":"WeMeetAgain","player_choice":"Gave Card","floor":3.0,"gold_loss":0.0,"damage_taken":0.0,"relics_obtained":["Regal Pillow"]},{"damage_healed":0.0,"max_hp_gain":0.0,"max_hp_loss":0.0,"gold_gain":0.0,"event_name":"Accursed Blacksmith","player_choice":"Forge","floor":5.0,"gold_loss":0.0,"damage_taken":0.0,"cards_upgraded":["Zap"]},{"damage_healed":0.0,"max_hp_gain":0.0,"max_hp_loss":0.0,"gold_gain":0.0,"event_name":"Golden Idol","player_choice":"Take Damage","floor":13.0,"gold_loss":0.0,"damage_taken":28.0,"relics_obtained":["Golden Idol"]}],"is_beta":false,"boss_relics":[],"items_purged_floors":[],"is_endless":false,"potions_floor_spawned":[4,6,10],"killed_by":"The Guardian","ascension_level":19}