{"gold_per_floor":[359,373,393,393,124,124,134,34,34,54,129,129,142,153,153,250,250,260,241,260,64,80,80,91,16,95,110,110,110,110,110],"floor_reached":31,"playtime":1307,"items_purged":["Defend_R","Strike_R","Regret"],"score":229,"play_id":"4939fc35-4aa4-4ad3-b0fd-3371d600c18b","local_time":"20181021220409","is_ascension_mode":false,"campfire_choices":[{"data":"Armaments","floor":6,"key":"SMITH"},{"data":"Flex","floor":12,"key":"SMITH"},{"data":"Pommel Strike","floor":15,"key":"SMITH"},{"floor":23,"key":"REST"}],"neow_cost":"CURSE","seed_source_timestamp":879509207873482,"circlet_count":0,"master_deck":["Bash","Pommel Strike","Rage","Thunderclap","Flex+1","Reaper","Armaments+1","Twin Strike","Spot Weakness","Thunderclap","Pommel Strike+1","Exhume","Cleave","Flame Barrier","Warcry","Thunderclap","Entrench","Clothesline","Heavy Blade","Flex","Infernal Blade","Rupture","Anger","Demon Form","Whirlwind"],"relics":["Burning Blood","Mercury Hourglass","Odd Mushroom","Letter Opener","Pandora\u0027s Box","Blue Candle","Nilry\u0027s Codex"],"potions_floor_usage":[13,14,16,22,27],"damage_taken":[{"damage":4,"enemies":"Cultist","floor":1,"turns":3},{"damage":11,"enemies":"Jaw Worm","floor":2,"turns":2},{"damage":15,"enemies":"Small Slimes","floor":3,"turns":4},{"damage":20,"enemies":"Blue Slaver","floor":7,"turns":4},{"damage":15,"enemies":"The Mushroom Lair","floor":10,"turns":3},{"damage":13,"enemies":"3 Louse","floor":13,"turns":2},{"damage":1,"enemies":"2 Fungi Beasts","floor":14,"turns":2},{"damage":40,"enemies":"Slime Boss","floor":16,"turns":10},{"damage":0,"enemies":"3 Byrds","floor":18,"turns":2},{"damage":35,"enemies":"2 Thieves","floor":19,"turns":4},{"damage":39,"enemies":"Shelled Parasite and Fungi","floor":20,"turns":5},{"damage":20,"enemies":"Chosen and Byrds","floor":22,"turns":4},{"damage":13,"enemies":"Snake Plant","floor":24,"turns":3},{"damage":21,"enemies":"Centurion and Healer","floor":27,"turns":3},{"damage":10,"enemies":"Chosen and Byrds","floor":31,"turns":1}],"seed_played":"8805618604642993450","potions_obtained":[{"floor":10,"key":"Strength Potion"},{"floor":13,"key":"Strength Potion"},{"floor":14,"key":"SteroidPotion"},{"floor":20,"key":"Fruit Juice"},{"floor":24,"key":"Strength Potion"}],"is_trial":false,"path_per_floor":["M","M","M","?","$","R","M","$","T","?","T","R","M","M","R","B",null,"M","M","M","$","M","R","M","?","T","M","$","?","?"],"character_chosen":"IRONCLAD","items_purchased":["Reaper","Armaments","Infernal Blade"],"campfire_rested":1,"item_purchase_floors":[5,5,21],"current_hp_per_floor":[80,75,66,66,66,66,56,56,56,62,62,62,73,80,80,49,80,80,63,30,30,21,46,39,39,39,24,24,24,8,0],"gold":110,"neow_bonus":"TWO_FIFTY_GOLD","is_prod":false,"is_daily":false,"chose_seed":false,"campfire_upgraded":3,"win_rate":0.0,"timestamp":1540112649,"path_taken":["M","M","?","?","$","R","M","$","T","?","?","R","M","M","R","BOSS","M","M","M","$","M","R","M","?","T","M","$","?","?","M"],"build_version":"2018-10-18","purchased_purges":3,"victory":false,"max_hp_per_floor":[80,80,80,80,80,80,80,80,80,80,80,80,80,80,80,80,80,80,80,80,80,85,85,85,85,85,85,85,85,85,85],"card_choices":[{"not_picked":["Thunderclap","Clash"],"picked":"Pommel Strike","floor":1},{"not_picked":["Intimidate","Iron Wave"],"picked":"Rage","floor":2},{"not_picked":["Pommel Strike","Iron Wave"],"picked":"Thunderclap","floor":3},{"not_picked":["Thunderclap","Cleave"],"picked":"Twin Strike","floor":7},{"not_picked":["Thunderclap","Cleave"],"picked":"Spot Weakness","floor":10},{"not_picked":["Sword Boomerang","Power Through"],"picked":"Thunderclap","floor":13},{"not_picked":["Wild Strike","Burning Pact"],"picked":"Pommel Strike","floor":14},{"not_picked":["Offering","Juggernaut"],"picked":"Exhume","floor":16},{"not_picked":["Wild Strike","Reckless Charge"],"picked":"Clothesline","floor":18},{"not_picked":["Entrench","Wild Strike"],"picked":"Heavy Blade","floor":19},{"not_picked":["Pommel Strike","Carnage"],"picked":"Flex","floor":20},{"not_picked":["Feel No Pain","Bloodletting+1"],"picked":"Rupture","floor":22},{"not_picked":["Clothesline","Cleave"],"picked":"Anger","floor":24},{"not_picked":["Second Wind","Wild Strike","Dark Embrace"],"picked":"SKIP","floor":27}],"player_experience":187974,"relics_obtained":[{"floor":9,"key":"Mercury Hourglass"},{"floor":10,"key":"Odd Mushroom"},{"floor":11,"key":"Letter Opener"},{"floor":26,"key":"Blue Candle"},{"floor":30,"key":"Nilry\u0027s Codex"}],"event_choices":[{"damage_healed":0,"gold_gain":0,"cards_transformed":["Defend_R"],"player_choice":"Change","damage_taken":0,"max_hp_gain":0,"max_hp_loss":0,"event_name":"Living Wall","floor":4,"gold_loss":0,"cards_obtained":["Flex"]},{"damage_healed":0,"gold_gain":0,"player_choice":"Fought Mushrooms","damage_taken":0,"max_hp_gain":0,"max_hp_loss":0,"event_name":"Mushrooms","floor":10,"gold_loss":0},{"cards_removed":["Wild Strike"],"damage_healed":0,"gold_gain":0,"player_choice":"Gave Gold","damage_taken":0,"max_hp_gain":0,"max_hp_loss":0,"event_name":"Beggar","floor":25,"gold_loss":75},{"damage_healed":0,"gold_gain":0,"player_choice":"2 cards matched","damage_taken":0,"max_hp_gain":0,"max_hp_loss":0,"event_name":"Match and Keep!","floor":29,"gold_loss":0,"cards_obtained":["Demon Form","Whirlwind"]},{"damage_healed":0,"gold_gain":0,"player_choice":"Obtained Book","damage_taken":16,"max_hp_gain":0,"max_hp_loss":0,"event_name":"Cursed Tome","floor":30,"gold_loss":0}],"is_beta":false,"boss_relics":[{"not_picked":["Runic Dome","Sozu"],"picked":"Pandora\u0027s Box"}],"items_purged_floors":[5,8,21],"is_endless":false,"potions_floor_spawned":[10,13,14,20,24],"killed_by":"Chosen and Byrds","ascension_level":0}