{"gold_per_floor":[117,19,19,19,34,61,61,74,74,85,103,103,103,117,117,217,217,232,98,111,129,129,129,129],"floor_reached":24,"playtime":1053,"items_purged":["Defend_R","Strike_R"],"score":248,"play_id":"abe9e26e-2f7c-49f8-9fc4-0fc1722d522f","local_time":"20181021214135","is_ascension_mode":false,"campfire_choices":[{"data":"Double Tap","floor":7,"key":"SMITH"},{"data":"Bash","floor":15,"key":"SMITH"},{"floor":23,"key":"REST"}],"neow_cost":"NONE","seed_source_timestamp":878407582612742,"circlet_count":0,"master_deck":["Strike_R","Strike_R","Strike_R","Defend_R","Defend_R","Bash+1","Cleave","Shrug It Off","Sentinel","Sword Boomerang","Double Tap+1","Cleave","Armaments+1","Thunderclap+1","Regret","Whirlwind+1","Feed+1","Pummel+1","Fire Breathing","Sword Boomerang+1","Pummel+1","Shame"],"relics":["Black Blood","NeowsBlessing","Mango","Molten Egg 2","Magic Flower","Gremlin Horn"],"potions_floor_usage":[10,16,16,24],"damage_taken":[{"damage":0,"enemies":"Cultist","floor":1,"turns":1},{"damage":0,"enemies":"Small Slimes","floor":5,"turns":1},{"damage":0,"enemies":"Gremlin Nob","floor":6,"turns":1},{"damage":1,"enemies":"2 Louse","floor":8,"turns":2},{"damage":10,"enemies":"Large Slime","floor":10,"turns":5},{"damage":13,"enemies":"2 Fungi Beasts","floor":11,"turns":3},{"damage":10,"enemies":"Exordium Thugs","floor":14,"turns":2},{"damage":89,"enemies":"Hexaghost","floor":16,"turns":11},{"damage":59,"enemies":"Chosen","floor":18,"turns":7},{"damage":44,"enemies":"Spheric Guardian","floor":20,"turns":5},{"damage":11,"enemies":"Snecko","floor":21,"turns":3},{"damage":35,"enemies":"Colosseum Slavers","floor":24,"turns":4}],"seed_played":"-2334477648774726382","potions_obtained":[{"floor":6,"key":"PowerPotion"},{"floor":11,"key":"BloodPotion"},{"floor":14,"key":"Poison Potion"},{"floor":21,"key":"Explosive Potion"}],"is_trial":false,"path_per_floor":["M","$","?","?","M","E","R","M","T","M","M","?","?","M","R","B",null,"M","$","M","M","?","R"],"character_chosen":"IRONCLAD","items_purchased":["Shrug It Off","Fire Breathing"],"campfire_rested":1,"item_purchase_floors":[2,19],"current_hp_per_floor":[80,80,80,80,80,94,94,94,94,90,83,83,83,82,82,16,94,50,50,27,31,31,60,25],"gold":129,"neow_bonus":"THREE_ENEMY_KILL","is_prod":false,"is_daily":false,"chose_seed":false,"campfire_upgraded":2,"win_rate":0.0,"timestamp":1540111295,"path_taken":["M","?","?","?","M","E","R","M","T","?","M","?","?","M","R","BOSS","M","$","M","M","?","R","?"],"build_version":"2018-10-18","purchased_purges":2,"victory":false,"max_hp_per_floor":[80,80,80,80,80,94,94,94,94,94,94,94,94,94,94,94,94,94,94,98,98,98,98,98],"card_choices":[{"not_picked":["True Grit","Spot Weakness"],"picked":"Cleave","floor":1},{"not_picked":["True Grit","Anger"],"picked":"Sword Boomerang","floor":5},{"not_picked":["Searing Blow","Twin Strike"],"picked":"Double Tap","floor":6},{"not_picked":["Clash","Body Slam"],"picked":"Cleave","floor":8},{"not_picked":["Warcry","Perfected Strike+1"],"picked":"Armaments","floor":10},{"not_picked":["Spot Weakness","Dark Embrace"],"picked":"Thunderclap+1","floor":11},{"not_picked":["Heavy Blade+1","Warcry"],"picked":"Whirlwind+1","floor":14},{"not_picked":["Barricade","Immolate+1"],"picked":"Feed+1","floor":16},{"not_picked":["Heavy Blade+1","Warcry"],"picked":"Pummel+1","floor":18},{"not_picked":["Iron Wave+1","Rampage+1"],"picked":"Sword Boomerang+1","floor":20},{"not_picked":["Burning Pact","Headbutt+1"],"picked":"Pummel+1","floor":21}],"player_experience":186921,"relics_obtained":[{"floor":6,"key":"Mango"},{"floor":9,"key":"Molten Egg 2"}],"event_choices":[{"cards_removed":["Strike_R"],"damage_healed":0,"gold_gain":0,"player_choice":"Purged","damage_taken":0,"max_hp_gain":0,"max_hp_loss":0,"event_name":"Purifier","floor":3,"gold_loss":0},{"damage_healed":0,"gold_gain":0,"cards_transformed":["Defend_R"],"player_choice":"Change","damage_taken":0,"max_hp_gain":0,"max_hp_loss":0,"event_name":"Living Wall","floor":4,"gold_loss":0,"cards_obtained":["Sentinel"]},{"damage_healed":0,"gold_gain":0,"player_choice":"Upgraded","damage_taken":0,"max_hp_gain":0,"max_hp_loss":0,"event_name":"Upgrade Shrine","floor":12,"gold_loss":0,"cards_upgraded":["Armaments"]},{"damage_healed":0,"gold_gain":0,"player_choice":"Box","damage_taken":0,"relics_obtained":["Magic Flower"],"max_hp_gain":0,"max_hp_loss":0,"event_name":"Big Fish","floor":13,"gold_loss":0,"cards_obtained":["Regret"]},{"damage_healed":0,"gold_gain":0,"player_choice":"Stole Relic","damage_taken":0,"relics_obtained":["Gremlin Horn"],"max_hp_gain":0,"max_hp_loss":0,"event_name":"Addict","floor":22,"gold_loss":0,"cards_obtained":["Shame"]},{"damage_healed":0,"gold_gain":0,"player_choice":"Fight","damage_taken":0,"max_hp_gain":0,"max_hp_loss":0,"event_name":"Colosseum","floor":24,"gold_loss":0}],"is_beta":false,"boss_relics":[{"not_picked":["Sozu","White Beast Statue"],"picked":"Black Blood"}],"items_purged_floors":[2,19],"is_endless":false,"potions_floor_spawned":[6,11,14,21],"killed_by":"Colosseum Slavers","ascension_level":0}