{"gold_per_floor":[111,61,75,87,12,40,60,60,129,153,170,182,196,206,206,206],"floor_reached":16,"playtime":585,"items_purged":["Strike_R"],"score":175,"play_id":"59a20dcd-953b-48ce-81d4-c1d7007d7da5","local_time":"20181002112914","is_ascension_mode":true,"campfire_choices":[{"floor":8,"key":"REST"},{"floor":15,"key":"REST"}],"neow_cost":"","seed_source_timestamp":137674540337042,"circlet_count":0,"master_deck":["Strike_R","Strike_R","Strike_R","Defend_R","Defend_R","Defend_R","Defend_R","Bash","AscendersBane","Flame Barrier","Twin Strike","Shrug It Off","Uppercut","Metallicize","Iron Wave","Armaments","Battle Trance"],"relics":["Burning Blood","Unceasing Top","Sundial","Pen Nib"],"potions_floor_usage":[12,13,14,16],"damage_taken":[{"damage":13,"enemies":"Jaw Worm","floor":1,"turns":5},{"damage":12,"enemies":"Small Slimes","floor":3,"turns":5},{"damage":1,"enemies":"Cultist","floor":4,"turns":4},{"damage":47,"enemies":"Gremlin Nob","floor":6,"turns":5},{"damage":11,"enemies":"Red Slaver","floor":7,"turns":4},{"damage":28,"enemies":"Exordium Wildlife","floor":11,"turns":7},{"damage":9,"enemies":"Lots of Slimes","floor":12,"turns":4},{"damage":0,"enemies":"Red Slaver","floor":13,"turns":5},{"damage":0,"enemies":"Exordium Thugs","floor":14,"turns":7},{"damage":22,"enemies":"Hexaghost","floor":16,"turns":10}],"seed_played":"8474361243703676166","potions_obtained":[{"floor":6,"key":"LiquidBronze"},{"floor":11,"key":"Weak Potion"},{"floor":12,"key":"FearPotion"},{"floor":13,"key":"Weak Potion"}],"is_trial":false,"path_per_floor":["M","?","M","M","$","E","M","R","T","T","M","M","M","M","R"],"character_chosen":"IRONCLAD","items_purchased":[],"campfire_rested":2,"item_purchase_floors":[],"current_hp_per_floor":[65,65,59,64,64,23,18,42,42,42,20,17,23,29,53,31],"gold":206,"neow_bonus":"","is_prod":false,"is_daily":false,"chose_seed":false,"campfire_upgraded":0,"win_rate":0,"timestamp":1538472554,"path_taken":["M","?","?","M","?","E","M","R","T","?","M","?","M","M","R","BOSS"],"build_version":"2018-09-27","purchased_purges":1,"victory":false,"max_hp_per_floor":[80,80,80,80,80,80,80,80,80,80,80,80,80,80,80,80],"card_choices":[{"not_picked":["Twin Strike","Pommel Strike"],"picked":"Flame Barrier","floor":1},{"not_picked":["Warcry","Heavy Blade"],"picked":"Twin Strike","floor":3},{"not_picked":["Wild Strike","True Grit"],"picked":"Shrug It Off","floor":4},{"not_picked":["Carnage","Seeing Red"],"picked":"Uppercut","floor":6},{"not_picked":["Twin Strike","Hemokinesis"],"picked":"Metallicize","floor":7},{"not_picked":["Entrench","Clothesline"],"picked":"Iron Wave","floor":11},{"not_picked":["Cleave","Impervious"],"picked":"Armaments","floor":12},{"not_picked":["Wild Strike","Perfected Strike","Blood for Blood"],"picked":"SKIP","floor":13},{"not_picked":["Havoc","True Grit"],"picked":"Battle Trance","floor":14}],"player_experience":776851,"relics_obtained":[{"floor":6,"key":"Unceasing Top"},{"floor":9,"key":"Sundial"},{"floor":10,"key":"Pen Nib"}],"event_choices":[{"event_name":"The Cleric","player_choice":"Card Removal","floor":2,"damage_taken":0}],"is_beta":false,"boss_relics":[],"items_purged_floors":[5],"is_endless":false,"potions_floor_spawned":[6,11,12,13],"killed_by":"Hexaghost","ascension_level":13}