{"path_per_floor":["M","M","?","M","M","E","$","R","T","R","E","M","M","M","R","B",null,"M","M","M","M","M"],"character_chosen":"DEFECT","items_purchased":["Anchor"],"gold_per_floor":[111,127,127,142,162,192,41,41,41,41,66,83,93,104,104,205,205,219,237,257,271,291,291],"floor_reached":23,"campfire_rested":1,"playtime":1254,"current_hp_per_floor":[74,75,68,75,75,57,57,57,57,57,50,48,34,27,49,35,75,75,67,52,56,46,0],"items_purged":[],"gold":291,"score":209,"play_id":"29361f6e-72db-42f2-92f0-84470adfaaba","local_time":"20180429141046","is_prod":false,"is_daily":false,"chose_seed":false,"is_ascension_mode":false,"campfire_upgraded":2,"timestamp":1525003846,"path_taken":["M","M","?","M","M","E","$","R","T","R","E","M","M","?","R","BOSS","M","M","?","M","M","E"],"build_version":"2018-04-27v3","seed_source_timestamp":4490118564063,"purchased_purges":0,"victory":false,"master_deck":["Strike_B","Strike_B","Strike_B","Defend_B","Defend_B","Defend_B","Defend_B","Zap+1","Dualcast","Self Repair","Melter","Loop+1","Beam Cell","Sunder+1","Barrage","Defragment","Redo","Amplify","Melter+1","Capacitor","Heatsinks+1"],"max_hp_per_floor":[75,75,75,75,75,75,75,75,75,75,75,75,75,75,75,75,75,75,75,75,75,75,75],"relics":["Cracked Core","Pen Nib","Anchor","Question Card","Sundial","Nuclear Battery"],"card_choices":[{"not_picked":["Storm","Undo"],"picked":"Self Repair","floor":1.0},{"not_picked":["Axe Kick","Stack"],"picked":"Melter","floor":2.0},{"not_picked":["Skim","Ball Lightning"],"picked":"Loop","floor":4.0},{"not_picked":["Hello World","Go for the Eyes"],"picked":"Beam Cell","floor":5.0},{"not_picked":["Static Discharge","Coolheaded"],"picked":"Sunder","floor":6.0},{"not_picked":["Axe Kick","Aggregate","Skim"],"picked":"Barrage","floor":11.0},{"not_picked":["Sweeping Beam","Beam Cell","Coolheaded"],"picked":"Defragment","floor":12.0},{"not_picked":["Turbo","Chaos","Loop"],"picked":"Redo","floor":13.0},{"not_picked":["All For One","Fusion","Multi-Cast"],"picked":"Amplify","floor":16.0},{"not_picked":["Axe Kick","Barrage","Genetic Algorithm"],"picked":"Melter","floor":18.0},{"not_picked":["Cold Snap","Ball Lightning","Go for the Eyes"],"picked":"Capacitor","floor":19.0},{"not_picked":["Leap","Reprogram","Go for the Eyes"],"picked":"Heatsinks","floor":22.0}],"player_experience":23572,"potions_floor_usage":[23,23],"damage_taken":[{"damage":1.0,"enemies":"Jaw Worm","floor":1.0,"turns":3.0},{"damage":4.0,"enemies":"2 Louse","floor":2.0,"turns":3.0},{"damage":0.0,"enemies":"Small Slimes","floor":4.0,"turns":4.0},{"damage":3.0,"enemies":"Red Slaver","floor":5.0,"turns":4.0},{"damage":25.0,"enemies":"3 Sentries","floor":6.0,"turns":7.0},{"damage":14.0,"enemies":"Gremlin Nob","floor":11.0,"turns":4.0},{"damage":9.0,"enemies":"Gremlin Gang","floor":12.0,"turns":3.0},{"damage":21.0,"enemies":"Exordium Thugs","floor":13.0,"turns":4.0},{"damage":7.0,"enemies":"Blue Slaver","floor":14.0,"turns":3.0},{"damage":21.0,"enemies":"Slime Boss","floor":16.0,"turns":6.0},{"damage":5.0,"enemies":"2 Thieves","floor":18.0,"turns":3.0},{"damage":15.0,"enemies":"Shell Parasite","floor":19.0,"turns":4.0},{"damage":15.0,"enemies":"Snecko","floor":20.0,"turns":4.0},{"damage":3.0,"enemies":"Sentry and Sphere","floor":21.0,"turns":4.0},{"damage":17.0,"enemies":"Snake Plant","floor":22.0,"turns":4.0},{"damage":49,"enemies":"Gremlin Leader","floor":23,"turns":8}],"event_choices":[{"event_name":"Golden Wing","player_choice":"Card Removal","floor":3.0,"damage_taken":0.0}],"boss_relics":[],"potions_floor_spawned":[1,2,5,14,19,21],"seed_played":"6878856941157867938","killed_by":"Gremlin Leader","ascension_level":0,"is_trial":false}