{"gold_per_floor":[112,112,122,122,138,138,166,166,166,195,215,249,249,263,263,339,339,353,353,110,123,138,165,165,177,177,211,0,28,39,59,59,136,136,150,150,150,162,181,212,212,247,247,263,289,289,32,32,32,32,32],"floor_reached":51,"playtime":26485,"items_purged":["Endless Agony"],"score":1655,"play_id":"1485a5e8-a6fa-45a9-aef8-52503670ce6b","local_time":"20181009002812","is_ascension_mode":true,"campfire_choices":[{"data":"Poisoned Stab","floor":6.0,"key":"SMITH"},{"floor":8.0,"key":"REST"},{"data":"Predator","floor":13.0,"key":"SMITH"},{"data":"All Out Attack","floor":15.0,"key":"SMITH"},{"data":"Acrobatics","floor":24.0,"key":"SMITH"},{"data":"A Thousand Cuts","floor":32.0,"key":"SMITH"},{"floor":41.0,"key":"REST"},{"data":"Footwork","floor":46.0,"key":"SMITH"},{"floor":49.0,"key":"REST"}],"neow_cost":"NONE","seed_source_timestamp":24631931639197,"circlet_count":0,"master_deck":["Defend_G+1","Defend_G+1","Defend_G+1","Defend_G+1","Defend_G+1","Strike_G+1","Strike_G+1","Strike_G+1","Strike_G+1","Strike_G+1","Survivor","Neutralize+1","AscendersBane","Riddle With Holes+1","Poisoned Stab+1","PiercingWail","Predator+1","All Out Attack+1","Crippling Poison","Blur","A Thousand Cuts+1","Bouncing Flask","Acrobatics+1","Backflip","Skewer+1","Crippling Poison","Mind Blast","Footwork+1","Noxious Fumes","Calculated Gamble","Die Die Die","Dash+1","Bouncing Flask+1","Well Laid Plans+1","Eviscerate+1","Envenom","Leg Sweep"],"special_seed":0,"relics":["Philosopher\u0027s Stone","Regal Pillow","Blood Vial","Meat on the Bone","Matryoshka","Oddly Smooth Stone","Snecko Eye","Whetstone","Dream Catcher","Strawberry","Pen Nib","Bag of Marbles","Bottled Flame","HoveringKite","Pear","Mummified Hand","Bag of Preparation","Gremlin Horn","Snake Skull","Vajra"],"potions_floor_usage":[51],"damage_taken":[{"damage":7.0,"enemies":"Jaw Worm","floor":1.0,"turns":4.0},{"damage":0.0,"enemies":"2 Louse","floor":3.0,"turns":2.0},{"damage":0.0,"enemies":"Cultist","floor":5.0,"turns":4.0},{"damage":34.0,"enemies":"Gremlin Nob","floor":7.0,"turns":4.0},{"damage":39.0,"enemies":"3 Sentries","floor":10.0,"turns":11.0},{"damage":9.0,"enemies":"Gremlin Gang","floor":11.0,"turns":5.0},{"damage":30.0,"enemies":"Gremlin Nob","floor":12.0,"turns":4.0},{"damage":9.0,"enemies":"Exordium Thugs","floor":14.0,"turns":5.0},{"damage":25.0,"enemies":"Slime Boss","floor":16.0,"turns":14.0},{"damage":40.0,"enemies":"Spheric Guardian","floor":18.0,"turns":6.0},{"damage":20.0,"enemies":"2 Thieves","floor":21.0,"turns":3.0},{"damage":0.0,"enemies":"Cultist and Chosen","floor":22.0,"turns":4.0},{"damage":5.0,"enemies":"Gremlin Leader","floor":23.0,"turns":4.0},{"damage":21.0,"enemies":"Snake Plant","floor":25.0,"turns":4.0},{"damage":4.0,"enemies":"Slavers","floor":27.0,"turns":4.0},{"damage":0.0,"enemies":"Gremlin Leader","floor":29.0,"turns":4.0},{"damage":0.0,"enemies":"Snecko","floor":30.0,"turns":2.0},{"damage":2.0,"enemies":"Centurion and Healer","floor":31.0,"turns":5.0},{"damage":30.0,"enemies":"Champ","floor":33.0,"turns":9.0},{"damage":0.0,"enemies":"3 Shapes","floor":35.0,"turns":4.0},{"damage":0.0,"enemies":"3 Darklings","floor":38.0,"turns":1.0},{"damage":7.0,"enemies":"4 Shapes","floor":39.0,"turns":3.0},{"damage":61.0,"enemies":"Giant Head","floor":40.0,"turns":8.0},{"damage":0.0,"enemies":"2 Orb Walkers","floor":42.0,"turns":3.0},{"damage":0.0,"enemies":"Sphere and 2 Shapes","floor":44.0,"turns":3.0},{"damage":18.0,"enemies":"Nemesis","floor":45.0,"turns":5.0},{"damage":71.0,"enemies":"Time Eater","floor":50.0,"turns":8.0},{"damage":22,"enemies":"Donu and Deca","floor":51,"turns":2}],"seed_played":"-6123547637917498813","potions_obtained":[{"floor":3.0,"key":"Swift Potion"},{"floor":5.0,"key":"Fire Potion"},{"floor":10.0,"key":"Swift Potion"},{"floor":16.0,"key":"Ancient Potion"},{"floor":21.0,"key":"Explosive Potion"},{"floor":25.0,"key":"Energy Potion"},{"floor":29.0,"key":"Explosive Potion"},{"floor":35.0,"key":"Poison Potion"},{"floor":40.0,"key":"AttackPotion"},{"floor":42.0,"key":"SpeedPotion"}],"is_trial":false,"path_per_floor":["M","?","M","T","M","R","E","R","T","E","M","E","R","M","R","B",null,"M","?","$","M","M","E","R","M","T","E","$","E","M","M","R","B",null,"M","?","?","M","M","E","R","E","T","M","E","R","$","?","R","B"],"character_chosen":"THE_SILENT","items_purchased":["Whetstone","Mind Blast","Footwork","AttackPotion","Vajra","Predator"],"campfire_rested":3,"item_purchase_floors":[20,28,28,28,47,47],"current_hp_per_floor":[52,66,66,66,66,66,32,66,66,39,44,28,28,33,33,22,55,29,29,29,23,37,34,34,27,34,44,44,46,48,48,48,32,63,65,65,65,67,62,25,63,65,65,67,51,51,51,51,79,20,0],"gold":32,"neow_bonus":"BOSS_RELIC","is_prod":false,"is_daily":false,"chose_seed":false,"campfire_upgraded":6,"win_rate":0,"timestamp":1539037692,"path_taken":["M","?","?","?","M","R","E","R","T","E","?","E","R","M","R","BOSS","M","?","?","M","?","E","R","M","T","E","?","E","?","M","R","BOSS","M","?","?","M","?","E","R","E","T","M","E","R","$","?","R","BOSS","BOSS"],"build_version":"2018-10-04v2","purchased_purges":1,"victory":false,"max_hp_per_floor":[66,66,66,66,66,66,66,66,66,66,66,66,66,66,66,66,66,66,66,66,66,66,66,66,66,73,73,73,73,73,73,73,73,73,73,69,69,69,69,79,79,79,79,79,79,79,79,79,79,79,79],"card_choices":[{"not_picked":["Deflect","Concentrate"],"picked":"Riddle With Holes","floor":1.0},{"not_picked":["Slice","Quick Slash"],"picked":"Poisoned Stab","floor":3.0},{"not_picked":["Outmaneuver","Flechettes"],"picked":"PiercingWail","floor":5.0},{"not_picked":["Leg Sweep","Deadly Poison"],"picked":"Predator","floor":7.0},{"not_picked":["PiercingWail","Quick Slash"],"picked":"All Out Attack","floor":10.0},{"not_picked":["Accuracy","Caltrops"],"picked":"Crippling Poison","floor":11.0},{"not_picked":["Riddle With Holes","Setup"],"picked":"Endless Agony","floor":12.0},{"not_picked":["Flying Knee","Caltrops"],"picked":"Blur","floor":14.0},{"not_picked":["Bullet Time","Doppelganger"],"picked":"A Thousand Cuts","floor":16.0},{"not_picked":["Acrobatics","Dash"],"picked":"Bouncing Flask","floor":18.0},{"not_picked":["Outmaneuver+1","Sucker Punch"],"picked":"Acrobatics","floor":21.0},{"not_picked":["Crippling Poison","Caltrops"],"picked":"Backflip","floor":22.0},{"not_picked":["Accuracy","Glass Knife"],"picked":"Skewer+1","floor":23.0},{"not_picked":["Bane","Quick Slash","Slice"],"picked":"SKIP","floor":25.0},{"not_picked":["Backstab","Escape Plan"],"picked":"Crippling Poison","floor":27.0},{"not_picked":["Prepared","Accuracy"],"picked":"Noxious Fumes","floor":29.0},{"not_picked":["Deflect","Blade Dance","Slice+1"],"picked":"SKIP","floor":30.0},{"not_picked":["Venomology","Caltrops"],"picked":"Calculated Gamble","floor":31.0},{"not_picked":["Phantasmal Killer","Glass Knife"],"picked":"Die Die Die","floor":33.0},{"not_picked":["Flying Knee","Bane","PiercingWail+1"],"picked":"SKIP","floor":35.0},{"not_picked":["Blade Dance","PiercingWail+1"],"picked":"Dash+1","floor":38.0},{"not_picked":["All Out Attack","Outmaneuver"],"picked":"Bouncing Flask+1","floor":39.0},{"not_picked":["Expertise","Deflect","Calculated Gamble"],"picked":"SKIP","floor":40.0},{"not_picked":["Deflect","Accuracy"],"picked":"Well Laid Plans+1","floor":41.0},{"not_picked":["Outmaneuver","Underhanded Strike"],"picked":"Eviscerate+1","floor":42.0},{"not_picked":["Quick Slash","Flying Knee","Tactician"],"picked":"SKIP","floor":44.0},{"not_picked":["Bouncing Flask","Riddle With Holes"],"picked":"Envenom","floor":45.0},{"not_picked":["Terror+1","Reflex"],"picked":"Leg Sweep","floor":49.0}],"player_experience":1355751,"relics_obtained":[{"floor":4.0,"key":"Regal Pillow"},{"floor":7.0,"key":"Blood Vial"},{"floor":9.0,"key":"Meat on the Bone"},{"floor":10.0,"key":"Matryoshka"},{"floor":12.0,"key":"Oddly Smooth Stone"},{"floor":23.0,"key":"Dream Catcher"},{"floor":26.0,"key":"Strawberry"},{"floor":26.0,"key":"Pen Nib"},{"floor":27.0,"key":"Bag of Marbles"},{"floor":29.0,"key":"Bottled Flame"},{"floor":40.0,"key":"Pear"},{"floor":42.0,"key":"Mummified Hand"},{"floor":43.0,"key":"Bag of Preparation"},{"floor":43.0,"key":"Gremlin Horn"},{"floor":45.0,"key":"Snake Skull"}],"event_choices":[{"event_name":"Big Fish","player_choice":"Banana","floor":2.0,"damage_taken":0.0},{"event_name":"Back to Basics","player_choice":"Simplicity","floor":19.0,"damage_taken":0.0},{"event_name":"Winding Halls","player_choice":"Max HP","floor":36.0,"damage_taken":0.0},{"event_name":"Tomb of Lord Red Mask","player_choice":"Ignored","floor":37.0,"damage_taken":0.0},{"event_name":"Falling","player_choice":"Removed Attack","floor":48.0,"damage_taken":0.0}],"is_beta":false,"boss_relics":[{"not_picked":["Pandora\u0027s Box","Empty Cage"],"picked":"Snecko Eye"},{"not_picked":["Eternal Feather","White Beast Statue"],"picked":"HoveringKite"}],"items_purged_floors":[20],"is_endless":false,"potions_floor_spawned":[3,5,10,16,21,25,29,30,31,35,40,42,44],"killed_by":"Donu and Deca","ascension_level":20}