{"gold_per_floor":[111,123,204,222,94,94,120,120,190,211,211,223,223,258,258,333,333,311,311,311],"floor_reached":20,"playtime":600,"items_purged":["Strike_B"],"score":360,"play_id":"c30323f1-129e-4280-b47d-7a9d0448a355","local_time":"20181212222942","is_ascension_mode":true,"campfire_choices":[{"data":"Sunder","floor":6.0,"key":"SMITH"},{"data":"Loop","floor":8.0,"key":"SMITH"},{"floor":13,"key":"REST"},{"data":"Go for the Eyes","floor":15,"key":"SMITH"}],"neow_cost":"NONE","seed_source_timestamp":35655965030300,"circlet_count":0,"master_deck":["AscendersBane","Defend_B","Defend_B","Defend_B","Zap","Dualcast","Echo Form","Sunder+1","Loop+1","Ball Lightning","Cold Snap","Compile Driver","Rip and Tear+1","Lockon","Go for the Eyes+1","Electrodynamics","Darkness+1","Stack+1","Tempest+1"],"special_seed":0,"relics":["Cracked Core","Matryoshka","Bird Faced Urn","Regal Pillow","Odd Mushroom","Torii","Astrolabe"],"potions_floor_usage":[12],"damage_taken":[{"damage":1.0,"enemies":"Cultist","floor":1.0,"turns":4.0},{"damage":9.0,"enemies":"Jaw Worm","floor":2.0,"turns":4.0},{"damage":3.0,"enemies":"2 Louse","floor":4.0,"turns":2.0},{"damage":28.0,"enemies":"3 Sentries","floor":7.0,"turns":6.0},{"damage":6.0,"enemies":"The Mushroom Lair","floor":10.0,"turns":3.0},{"damage":13,"enemies":"Exordium Thugs","floor":12,"turns":4},{"damage":24,"enemies":"Gremlin Nob","floor":14,"turns":4},{"damage":12,"enemies":"Hexaghost","floor":16,"turns":9},{"damage":20,"enemies":"2 Thieves","floor":18,"turns":4},{"damage":42,"enemies":"Masked Bandits","floor":20,"turns":3}],"seed_played":"2887516270255843204","potions_obtained":[{"floor":1.0,"key":"Dexterity Potion"},{"floor":2.0,"key":"GamblersBrew"},{"floor":16,"key":"SteroidPotion"}],"is_trial":false,"path_per_floor":["M","M","T","M","$","R","E","R","T","?","?","M","R","E","R","B",null,"M","?","?"],"character_chosen":"DEFECT","items_purchased":["Cold Snap"],"campfire_rested":1,"item_purchase_floors":[5],"current_hp_per_floor":[63,54,54,51,51,51,23,23,23,17,17,6,42,22,22,16,57,37,37,0],"gold":311,"neow_bonus":"TRANSFORM_CARD","is_prod":false,"is_daily":false,"chose_seed":false,"campfire_upgraded":3,"win_rate":0,"timestamp":1544621382,"path_taken":["M","M","?","M","$","R","E","R","T","?","?","M","R","E","R","BOSS","M","?","?"],"build_version":"2018-12-06","purchased_purges":1,"victory":false,"max_hp_per_floor":[71,71,71,71,71,71,71,71,71,71,71,71,71,71,71,71,71,71,71,71],"card_choices":[{"not_picked":["Genetic Algorithm","Stack"],"picked":"Sunder","floor":1.0},{"not_picked":["Sweeping Beam","Coolheaded"],"picked":"Loop","floor":2.0},{"not_picked":["Beam Cell","Doom and Gloom"],"picked":"Ball Lightning","floor":4.0},{"not_picked":["Chaos","Skim"],"picked":"Compile Driver","floor":7.0},{"not_picked":["Doom and Gloom","Rebound"],"picked":"Rip and Tear","floor":10.0},{"not_picked":["FTL","Steam"],"picked":"Lockon","floor":12},{"not_picked":["Leap","Ball Lightning"],"picked":"Go for the Eyes","floor":14},{"not_picked":["Machine Learning","Biased Cognition"],"picked":"Electrodynamics","floor":16},{"not_picked":["Reinforced Body+1","Gash","Ball Lightning"],"picked":"SKIP","floor":18}],"player_experience":805767,"relics_obtained":[{"floor":3.0,"key":"Matryoshka"},{"floor":7.0,"key":"Bird Faced Urn"},{"floor":9.0,"key":"Regal Pillow"},{"floor":10.0,"key":"Odd Mushroom"},{"floor":14,"key":"Torii"}],"event_choices":[{"damage_healed":0.0,"max_hp_gain":0.0,"max_hp_loss":0.0,"gold_gain":0.0,"event_name":"Mushrooms","player_choice":"Fought Mushrooms","floor":10.0,"gold_loss":0.0,"damage_taken":0.0},{"damage_healed":0.0,"max_hp_gain":0.0,"max_hp_loss":0.0,"gold_gain":0.0,"event_name":"Living Wall","player_choice":"Grow","floor":11.0,"gold_loss":0.0,"damage_taken":0.0,"cards_upgraded":["Rip and Tear"]},{"damage_healed":0,"gold_gain":0,"player_choice":"Ignored","damage_taken":0,"max_hp_gain":0,"max_hp_loss":0,"event_name":"Cursed Tome","floor":19,"gold_loss":0},{"damage_healed":0,"gold_gain":0,"player_choice":"Fought Bandits","damage_taken":0,"max_hp_gain":0,"max_hp_loss":0,"event_name":"Masked Bandits","floor":20,"gold_loss":0}],"is_beta":false,"boss_relics":[{"not_picked":["FrozenCore","Eternal Feather"],"picked":"Astrolabe"}],"items_purged_floors":[5],"is_endless":false,"potions_floor_spawned":[1,2,16],"killed_by":"Masked Bandits","ascension_level":20}