{"gold_per_floor":[111,124,124,144,156,156,187,199,199,211,239,259,274,288,288,392,392,412,429,82,95,115,115,135,135,162,162,182,195,195],"floor_reached":30,"playtime":2161,"items_purged":[],"score":252,"play_id":"2e3bafdb-da2a-466d-8136-4cb6d8b24a5a","local_time":"20181224043755","is_ascension_mode":false,"campfire_choices":[{"data":"Caltrops","floor":6,"key":"SMITH"},{"floor":15,"key":"REST"},{"data":"Calculated Gamble","floor":23,"key":"SMITH"}],"neow_cost":"NONE","seed_source_timestamp":128888911367936,"circlet_count":0,"master_deck":["Defend_G","Defend_G","Defend_G","Defend_G","Defend_G","Strike_G","Strike_G","Survivor","Neutralize+1","Slice","Caltrops+1","Quick Slash","Crippling Poison","Predator","Flechettes","Noxious Fumes","Prepared+1","Bane","Calculated Gamble+1","Dagger Throw","Corpse Explosion","Endless Agony+1","All Out Attack+1","Deadly Poison+1","Dodge and Roll+1","Crippling Poison","Dodge and Roll+1","Well Laid Plans","Dagger Throw+1"],"relics":["Ring of the Snake","Letter Opener","Kunai","Dodecahedron","Astrolabe","PreservedInsect","ClockworkSouvenir","MutagenicStrength","Centennial Puzzle"],"potions_floor_usage":[7,11,11,16,22,24,29,29],"damage_taken":[{"damage":0,"enemies":"2 Louse","floor":1,"turns":3},{"damage":0,"enemies":"Cultist","floor":2,"turns":4},{"damage":0,"enemies":"Small Slimes","floor":4,"turns":5},{"damage":0,"enemies":"Looter","floor":5,"turns":4},{"damage":33,"enemies":"Gremlin Nob","floor":7,"turns":6},{"damage":3,"enemies":"Gremlin Gang","floor":8,"turns":4},{"damage":1,"enemies":"Exordium Wildlife","floor":10,"turns":6},{"damage":14,"enemies":"Lagavulin","floor":11,"turns":5},{"damage":0,"enemies":"3 Louse","floor":12,"turns":3},{"damage":2,"enemies":"Looter","floor":13,"turns":4},{"damage":7,"enemies":"Red Slaver","floor":14,"turns":4},{"damage":10,"enemies":"The Guardian","floor":16,"turns":12},{"damage":0,"enemies":"Chosen","floor":18,"turns":4},{"damage":5,"enemies":"Spheric Guardian","floor":19,"turns":4},{"damage":24,"enemies":"Chosen and Byrds","floor":21,"turns":7},{"damage":6,"enemies":"Centurion and Healer","floor":22,"turns":8},{"damage":21,"enemies":"Snake Plant","floor":24,"turns":4},{"damage":6,"enemies":"3 Cultists","floor":28,"turns":4},{"damage":0,"enemies":"Chosen and Byrds","floor":29,"turns":4},{"damage":8,"enemies":"Cultist and Chosen","floor":30,"turns":5}],"seed_played":"-5904884481331943993","potions_obtained":[{"floor":4,"key":"Fire Potion"},{"floor":8,"key":"Weak Potion"},{"floor":10,"key":"Poison Potion"},{"floor":11,"key":"EssenceOfSteel"},{"floor":12,"key":"Energy Potion"},{"floor":18,"key":"EssenceOfSteel"},{"floor":19,"key":"Poison Potion"},{"floor":28,"key":"SkillPotion"}],"is_trial":false,"path_per_floor":["M","M","?","M","M","R","E","M","T","M","E","M","M","M","R","B",null,"M","M","$","M","M","R","M","?","T","?","M","M","M"],"character_chosen":"THE_SILENT","items_purchased":["PreservedInsect","ClockworkSouvenir"],"campfire_rested":1,"item_purchase_floors":[20,20],"current_hp_per_floor":[70,70,70,70,70,70,37,34,34,33,19,19,17,10,31,21,70,70,65,65,41,35,35,14,14,14,14,8,8,0],"gold":195,"neow_bonus":"UPGRADE_CARD","is_prod":false,"is_daily":false,"chose_seed":false,"campfire_upgraded":2,"win_rate":0,"timestamp":1545622675,"path_taken":["M","M","?","M","M","R","E","?","T","M","E","M","M","M","R","BOSS","M","M","$","M","M","R","M","?","T","?","M","M","M"],"build_version":"2018-12-20","purchased_purges":0,"victory":false,"max_hp_per_floor":[70,70,70,70,70,70,70,70,70,70,70,70,70,70,70,70,70,70,70,70,70,70,70,70,70,70,70,70,70,70],"card_choices":[{"not_picked":["Prepared","Underhanded Strike"],"picked":"Slice","floor":1},{"not_picked":["All Out Attack","Blade Dance"],"picked":"Caltrops","floor":2},{"not_picked":["Sucker Punch","Blur"],"picked":"Quick Slash","floor":4},{"not_picked":["Bane","Blade Dance"],"picked":"Crippling Poison","floor":5},{"not_picked":["Caltrops","Accuracy"],"picked":"Predator","floor":7},{"not_picked":["Riddle With Holes","PiercingWail"],"picked":"Flechettes","floor":8},{"not_picked":["Tools of the Trade","Slice"],"picked":"Noxious Fumes","floor":10},{"not_picked":["Dagger Spray","Masterful Stab"],"picked":"Prepared","floor":11},{"not_picked":["Prepared","Dodge and Roll"],"picked":"Bane","floor":12},{"not_picked":["Acrobatics","PiercingWail"],"picked":"Calculated Gamble","floor":13},{"not_picked":["Bane","Underhanded Strike"],"picked":"Dagger Throw","floor":14},{"not_picked":["Night Terror","Malaise"],"picked":"Corpse Explosion","floor":16},{"not_picked":["Dagger Throw+1","Well Laid Plans+1"],"picked":"Dodge and Roll+1","floor":18},{"not_picked":["Expertise+1","Backflip"],"picked":"Crippling Poison","floor":19},{"not_picked":["Expertise","Flying Knee+1"],"picked":"Dodge and Roll+1","floor":21},{"not_picked":["Sucker Punch+1","Phantasmal Killer","Deflect"],"picked":"SKIP","floor":22},{"not_picked":["Dagger Throw","Backflip"],"picked":"Well Laid Plans","floor":24},{"not_picked":["Sucker Punch","Dodge and Roll","Flying Knee"],"picked":"SKIP","floor":28},{"not_picked":["Blade Dance","Cloak And Dagger"],"picked":"Dagger Throw+1","floor":29}],"player_experience":97737,"relics_obtained":[{"floor":7,"key":"Letter Opener"},{"floor":9,"key":"Kunai"},{"floor":11,"key":"Dodecahedron"},{"floor":26,"key":"Centennial Puzzle"}],"event_choices":[{"damage_healed":0,"gold_gain":0,"cards_transformed":["Strike_G"],"player_choice":"Transformed","damage_taken":0,"max_hp_gain":0,"max_hp_loss":0,"event_name":"Transmorgrifier","floor":3,"gold_loss":0,"cards_obtained":["Tactician"]},{"damage_healed":0,"gold_gain":0,"player_choice":"Inject Mutagens","damage_taken":0,"relics_obtained":["MutagenicStrength"],"max_hp_gain":0,"max_hp_loss":0,"event_name":"Drug Dealer","floor":25,"gold_loss":0},{"damage_healed":0,"gold_gain":0,"player_choice":"Upgraded","damage_taken":0,"max_hp_gain":0,"max_hp_loss":0,"event_name":"Upgrade Shrine","floor":27,"gold_loss":0,"cards_upgraded":["Prepared"]}],"is_beta":false,"boss_relics":[{"not_picked":["Snecko Eye","Orrery"],"picked":"Astrolabe"}],"items_purged_floors":[],"is_endless":false,"potions_floor_spawned":[4,8,10,11,12,18,19,28],"killed_by":"Cultist and Chosen","ascension_level":0}