{"gold_per_floor":[15,29,40,5,16,16,16,16,16,50,68,42,42,53,53,129,129,142,67,67,67,67,95,95,105,105,105,105],"floor_reached":28,"playtime":1189,"items_purged":["Strike_G"],"score":401,"play_id":"f4b67f6c-8f35-41b8-bc70-65c0fa80b7d2","local_time":"20190128120450","is_ascension_mode":true,"campfire_choices":[{"floor":6,"key":"REST"},{"data":"Predator","floor":8,"key":"SMITH"},{"data":"Blade Dance","floor":15,"key":"SMITH"},{"data":"Wraith Form v2","floor":24,"key":"SMITH"},{"floor":27,"key":"REST"}],"neow_cost":"NO_GOLD","seed_source_timestamp":678853494506666,"circlet_count":0,"master_deck":["AscendersBane","Defend_G+1","Defend_G+1","Defend_G+1","Defend_G+1","Defend_G+1","Strike_G+1","Strike_G+1","Survivor","Neutralize","Outmaneuver","Prepared","Leg Sweep","Deadly Poison","Predator+1","Slice","Envenom","Blade Dance+1","Poisoned Stab","Calculated Gamble","Wraith Form v2+1","Deadly Poison","Endless Agony"],"relics":["Ring of the Snake","Meat on the Bone","Art of War","Strawberry","Busted Crown","MutagenicStrength","Potion Belt","Ninja Scroll"],"potions_floor_usage":[10,18,23],"damage_taken":[{"damage":7,"enemies":"Cultist","floor":1,"turns":7},{"damage":5,"enemies":"Small Slimes","floor":2,"turns":8},{"damage":0,"enemies":"2 Louse","floor":3,"turns":3},{"damage":25,"enemies":"Exordium Wildlife","floor":5,"turns":7},{"damage":14,"enemies":"Gremlin Nob","floor":10,"turns":4},{"damage":2,"enemies":"Looter","floor":11,"turns":5},{"damage":13,"enemies":"3 Louse","floor":14,"turns":3},{"damage":39,"enemies":"The Guardian","floor":16,"turns":11},{"damage":22,"enemies":"Spheric Guardian","floor":18,"turns":4},{"damage":27,"enemies":"Book of Stabbing","floor":23,"turns":6},{"damage":3,"enemies":"Shell Parasite","floor":25,"turns":6},{"damage":64,"enemies":"Gremlin Leader","floor":28,"turns":6}],"seed_played":"9021758409507611165","potions_obtained":[{"floor":3,"key":"FearPotion"},{"floor":10,"key":"Explosive Potion"},{"floor":16,"key":"GhostInAJar"},{"floor":18,"key":"Poison Potion"}],"is_trial":false,"path_per_floor":["M","M","M","?","M","R","?","R","T","E","M","$","$","M","R","B",null,"M","$","?","?","?","E","R","M","T","R","E"],"character_chosen":"THE_SILENT","items_purchased":["Poisoned Stab"],"campfire_rested":2,"item_purchase_floors":[12],"current_hp_per_floor":[52,47,47,47,22,41,38,38,38,43,41,41,41,40,40,13,58,48,48,48,48,48,33,33,42,42,63,0],"gold":105,"neow_bonus":"TRANSFORM_TWO_CARDS","is_prod":false,"is_daily":false,"chose_seed":false,"campfire_upgraded":3,"win_rate":0,"timestamp":1548673490,"path_taken":["M","M","?","?","M","R","?","R","T","E","M","?","$","M","R","BOSS","M","$","?","?","?","E","R","M","T","R","E"],"build_version":"2019-01-23","purchased_purges":1,"victory":false,"max_hp_per_floor":[66,66,66,66,66,66,66,66,66,73,73,73,73,73,73,73,73,73,73,73,73,73,73,73,73,73,73,73],"card_choices":[{"not_picked":["Sucker Punch","Well Laid Plans"],"picked":"Leg Sweep","floor":1},{"not_picked":["Bane","Backflip"],"picked":"Deadly Poison","floor":2},{"not_picked":["Slice","Blade Dance"],"picked":"Predator","floor":3},{"not_picked":["Expertise","Eviscerate"],"picked":"Slice","floor":5},{"not_picked":["Infinite Blades","Setup"],"picked":"Envenom","floor":10},{"not_picked":["Acrobatics","Deflect"],"picked":"Blade Dance","floor":11},{"not_picked":["Acrobatics","Underhanded Strike"],"picked":"Calculated Gamble","floor":14},{"not_picked":["Glass Knife","Burst"],"picked":"Wraith Form v2","floor":16},{"not_picked":[],"picked":"Deadly Poison","floor":18},{"not_picked":[],"picked":"Endless Agony","floor":23},{"not_picked":["Crippling Poison"],"picked":"SKIP","floor":25}],"player_experience":393009,"relics_obtained":[{"floor":9,"key":"Art of War"},{"floor":10,"key":"Strawberry"},{"floor":23,"key":"Potion Belt"},{"floor":26,"key":"Ninja Scroll"}],"event_choices":[{"damage_healed":0,"gold_gain":0,"player_choice":"Left Gold","damage_taken":0,"max_hp_gain":0,"max_hp_loss":0,"event_name":"World of Goop","floor":4,"gold_loss":35},{"damage_healed":0,"gold_gain":0,"player_choice":"Success","damage_taken":3,"relics_obtained":["Meat on the Bone"],"max_hp_gain":0,"max_hp_loss":0,"event_name":"Scrap Ooze","floor":7,"gold_loss":0},{"damage_healed":0,"gold_gain":0,"player_choice":"Inject Mutagens","damage_taken":0,"relics_obtained":["MutagenicStrength"],"max_hp_gain":0,"max_hp_loss":0,"event_name":"Drug Dealer","floor":20,"gold_loss":0},{"damage_healed":0,"gold_gain":0,"player_choice":"Ignored","damage_taken":0,"max_hp_gain":0,"max_hp_loss":0,"event_name":"Ghosts","floor":21,"gold_loss":0},{"damage_healed":0,"gold_gain":0,"player_choice":"Simplicity","damage_taken":0,"max_hp_gain":0,"max_hp_loss":0,"event_name":"Back to Basics","floor":22,"gold_loss":0,"cards_upgraded":["Defend_G","Defend_G","Defend_G","Defend_G","Defend_G","Strike_G","Strike_G"]}],"is_beta":false,"boss_relics":[{"not_picked":["Astrolabe","Orrery"],"picked":"Busted Crown"}],"items_purged_floors":[19],"is_endless":false,"potions_floor_spawned":[3,10,16,18],"killed_by":"Gremlin Leader","ascension_level":14}