{"gold_per_floor":[116,116,70,89,100,100,133,14,14,189,189,114,132,179,179,274,274,291,308,308],"floor_reached":20,"playtime":1027,"items_purged":["Doubt"],"score":172,"play_id":"3c87778c-5aa5-4811-aabf-bb3f19a5a979","local_time":"20190105130136","is_ascension_mode":false,"campfire_choices":[{"data":"Zap","floor":6,"key":"SMITH"},{"data":"Capacitor","floor":11,"key":"SMITH"},{"data":"Conserve Battery","floor":15,"key":"SMITH"}],"neow_cost":"NONE","seed_source_timestamp":3204285060954,"circlet_count":0,"master_deck":["Strike_B","Strike_B","Defend_B","Defend_B","Defend_B","Defend_B","Zap+1","Dualcast","Ball Lightning","Rip and Tear","Coolheaded","Leap","Conserve Battery+1","Capacitor+1","BootSequence","Creative AI","Conserve Battery","Self Repair","Buffer","Cold Snap+1"],"relics":["Cracked Core","Darkstone Periapt","Strawberry","Orrery"],"potions_floor_usage":[16,19,20],"damage_taken":[{"damage":9,"enemies":"2 Louse","floor":1,"turns":3},{"damage":1,"enemies":"Cultist","floor":4,"turns":3},{"damage":1,"enemies":"Small Slimes","floor":5,"turns":3},{"damage":18,"enemies":"Lagavulin","floor":7,"turns":5},{"damage":9,"enemies":"Exordium Wildlife","floor":13,"turns":4},{"damage":28,"enemies":"Hexaghost","floor":16,"turns":10},{"damage":24,"enemies":"3 Byrds","floor":18,"turns":7},{"damage":10,"enemies":"2 Thieves","floor":19,"turns":5},{"damage":72,"enemies":"Masked Bandits","floor":20,"turns":5}],"seed_played":"6256689413588317905","potions_obtained":[{"floor":4,"key":"GamblersBrew"},{"floor":7,"key":"Fire Potion"},{"floor":18,"key":"FearPotion"}],"is_trial":false,"path_per_floor":["M","?","$","M","M","R","E","$","T","?","R","$","M","T","R","B",null,"M","M","?"],"character_chosen":"DEFECT","items_purchased":["Coolheaded","Capacitor","BootSequence"],"campfire_rested":0,"item_purchase_floors":[3,8,8],"current_hp_per_floor":[66,66,66,65,64,64,46,46,46,52,52,52,43,50,50,22,88,71,68,0],"gold":308,"neow_bonus":"TRANSFORM_CARD","is_prod":false,"is_daily":false,"chose_seed":false,"campfire_upgraded":3,"win_rate":0,"timestamp":1546689696,"path_taken":["M","?","?","?","M","R","E","$","T","?","R","$","M","?","R","BOSS","M","?","?"],"build_version":"2019-01-03v4","purchased_purges":1,"victory":false,"max_hp_per_floor":[75,75,75,75,75,75,75,75,75,81,81,81,81,88,88,88,88,88,88,88],"card_choices":[{"not_picked":["Stack","Barrage","Leap"],"picked":"SKIP","floor":1},{"not_picked":["Undo","Barrage","Heatsinks"],"picked":"SKIP","floor":4},{"not_picked":["Self Repair","Stack"],"picked":"Leap","floor":5},{"not_picked":["Sweeping Beam","Consume"],"picked":"Conserve Battery","floor":7},{"not_picked":["Melter","Gash","Sweeping Beam"],"picked":"SKIP","floor":13},{"not_picked":["All For One","Multi-Cast"],"picked":"Creative AI","floor":16},{"not_picked":["Redo","Melter"],"picked":"Conserve Battery","floor":17},{"not_picked":["Skim","Compile Driver"],"picked":"Self Repair","floor":17},{"not_picked":["FTL","Darkness"],"picked":"Buffer","floor":18},{"not_picked":["Gash","Streamline"],"picked":"Cold Snap+1","floor":19}],"player_experience":357873,"relics_obtained":[{"floor":7,"key":"Darkstone Periapt"},{"floor":14,"key":"Strawberry"}],"event_choices":[{"damage_healed":0,"gold_gain":0,"cards_transformed":["Strike_B"],"player_choice":"Transformed","damage_taken":0,"max_hp_gain":0,"max_hp_loss":0,"event_name":"Transmorgrifier","floor":2,"gold_loss":0,"cards_obtained":["Rip and Tear"]},{"damage_healed":0,"gold_gain":175,"player_choice":"AGREE","damage_taken":0,"max_hp_gain":0,"max_hp_loss":0,"event_name":"Liars Game","floor":10,"gold_loss":0,"cards_obtained":["Doubt"]},{"damage_healed":0,"gold_gain":0,"player_choice":"Fought Bandits","damage_taken":0,"max_hp_gain":0,"max_hp_loss":0,"event_name":"Masked Bandits","floor":20,"gold_loss":0}],"is_beta":false,"boss_relics":[{"not_picked":["Pandora\u0027s Box","Ectoplasm"],"picked":"Orrery"}],"items_purged_floors":[12],"is_endless":false,"potions_floor_spawned":[4,7,18],"killed_by":"Masked Bandits","ascension_level":0}