{"gold_per_floor":[113,63,63,63,79,79,147,170,196,196,76,89,112,135,135,255,255,275,275,275,292,292,292],"floor_reached":23,"playtime":1461,"items_purged":["Strike_R"],"score":254,"play_id":"03272cbe-439f-4e25-b0b1-a22eaca2fc59","local_time":"20190131184946","is_ascension_mode":true,"campfire_choices":[{"data":"Body Slam","floor":6,"key":"SMITH"},{"floor":10,"key":"REST"},{"data":"True Grit","floor":15,"key":"SMITH"}],"neow_cost":"NONE","seed_source_timestamp":1207542858192544,"circlet_count":0,"master_deck":["Defend_R","Defend_R","Defend_R","Defend_R","Bash","Battle Trance","Body Slam+1","Intimidate","Spot Weakness","Feel No Pain","Anger","Whirlwind","Shrug It Off","Armaments","Shrug It Off","True Grit+1","Shrug It Off","Evolve","Double Tap","Writhe","Clumsy","Pain","Flame Barrier","Bite","Bite","Bite","Bite","Bite","Body Slam","RitualDagger"],"relics":["Orrery","Bloody Idol","Tiny Chest","Calling Bell","Lantern","The Courier","Mango"],"potions_floor_usage":[23,23],"damage_taken":[{"damage":8,"enemies":"Small Slimes","floor":1,"turns":5},{"damage":2,"enemies":"2 Louse","floor":5,"turns":4},{"damage":35,"enemies":"3 Sentries","floor":7,"turns":6},{"damage":0,"enemies":"Cultist","floor":8,"turns":3},{"damage":3,"enemies":"Lots of Slimes","floor":12,"turns":4},{"damage":9,"enemies":"Exordium Thugs","floor":13,"turns":4},{"damage":0,"enemies":"Large Slime","floor":14,"turns":5},{"damage":37,"enemies":"Slime Boss","floor":16,"turns":11},{"damage":37,"enemies":"Chosen","floor":18,"turns":9},{"damage":6,"enemies":"3 Byrds","floor":21,"turns":3},{"damage":61,"enemies":"Gremlin Leader","floor":23,"turns":6}],"seed_played":"-1060952241347328582","potions_obtained":[{"floor":1,"key":"LiquidBronze"},{"floor":5,"key":"Energy Potion"},{"floor":12,"key":"SpeedPotion"},{"floor":13,"key":"Block Potion"}],"is_trial":false,"path_per_floor":["M","?","?","?","M","R","E","M","T","R","$","M","M","M","R","B",null,"M","?","?","M","?","E"],"character_chosen":"IRONCLAD","items_purchased":["Shrug It Off"],"campfire_rested":1,"item_purchase_floors":[11],"current_hp_per_floor":[72,72,72,72,70,70,35,35,35,57,57,56,49,51,51,16,88,51,51,51,54,48,0],"gold":292,"neow_bonus":"BOSS_RELIC","is_prod":false,"is_daily":false,"chose_seed":false,"campfire_upgraded":2,"win_rate":0,"timestamp":1548956986,"path_taken":["M","?","?","?","?","R","E","M","T","R","$","M","M","?","R","BOSS","M","?","?","M","?","E"],"build_version":"2019-01-23","purchased_purges":1,"victory":false,"max_hp_per_floor":[80,80,74,74,74,74,74,74,74,74,74,74,74,74,74,74,88,88,88,88,88,88,88],"card_choices":[{"not_picked":["Intimidate","Dual Wield"],"picked":"Battle Trance","floor":0},{"not_picked":["Warcry","Flex"],"picked":"Body Slam","floor":0},{"not_picked":["Combust","Wild Strike"],"picked":"Intimidate","floor":0},{"not_picked":["True Grit","Blood for Blood"],"picked":"Spot Weakness","floor":0},{"not_picked":["Blood for Blood","Anger"],"picked":"Feel No Pain","floor":1},{"not_picked":["Wild Strike","Anger"],"picked":"Whirlwind","floor":5},{"not_picked":["Fire Breathing","Battle Trance"],"picked":"Shrug It Off","floor":7},{"not_picked":["Double Tap","Thunderclap"],"picked":"Armaments","floor":8},{"not_picked":["Seeing Red","Havoc"],"picked":"True Grit","floor":12},{"not_picked":["Anger","Sword Boomerang"],"picked":"Shrug It Off","floor":13},{"not_picked":["Headbutt","Whirlwind"],"picked":"Evolve","floor":14},{"not_picked":["Brutality","Feed"],"picked":"Double Tap","floor":16},{"not_picked":["Seeing Red","Cleave"],"picked":"Flame Barrier","floor":18},{"not_picked":["Sever Soul","Havoc"],"picked":"Body Slam","floor":21}],"player_experience":469189,"relics_obtained":[{"floor":7,"key":"Tiny Chest"},{"floor":9,"key":"Blood Vial"},{"floor":17,"key":"Lantern"},{"floor":17,"key":"The Courier"},{"floor":17,"key":"Mango"}],"event_choices":[{"cards_removed":["Strike_R"],"damage_healed":0,"gold_gain":0,"player_choice":"Card Removal","damage_taken":0,"max_hp_gain":0,"max_hp_loss":0,"event_name":"The Cleric","floor":2,"gold_loss":50},{"damage_healed":0,"gold_gain":0,"player_choice":"Lose Max HP","damage_taken":0,"relics_obtained":["Golden Idol"],"max_hp_gain":0,"max_hp_loss":6,"event_name":"Golden Idol","floor":3,"gold_loss":0},{"damage_healed":0,"gold_gain":0,"cards_transformed":["Strike_R"],"player_choice":"Transformed","damage_taken":0,"max_hp_gain":0,"max_hp_loss":0,"event_name":"Transmorgrifier","floor":4,"gold_loss":0,"cards_obtained":["Anger"]},{"damage_healed":0,"gold_gain":0,"player_choice":"Gave Idol","damage_taken":0,"relics_obtained":["Bloody Idol"],"max_hp_gain":0,"max_hp_loss":0,"event_name":"Forgotten Altar","floor":19,"relics_lost":["Golden Idol"],"gold_loss":0},{"damage_healed":0,"gold_gain":0,"player_choice":"Became a vampire (Vial)","damage_taken":0,"max_hp_gain":0,"max_hp_loss":0,"event_name":"Vampires","floor":20,"relics_lost":["Blood Vial"],"gold_loss":0,"cards_obtained":["Bite","Bite","Bite","Bite","Bite"]},{"damage_healed":0,"gold_gain":0,"player_choice":"Joined the Cult","damage_taken":6,"max_hp_gain":0,"max_hp_loss":0,"event_name":"Nest","floor":22,"gold_loss":0,"cards_obtained":["RitualDagger"]}],"is_beta":false,"boss_relics":[{"not_picked":["Runic Dome","Coffee Dripper"],"picked":"Calling Bell"}],"items_purged_floors":[11],"is_endless":false,"potions_floor_spawned":[1,5,12,13],"killed_by":"Gremlin Leader","ascension_level":4}