{"gold_per_floor":[111,124,74,149,159,159,170,170,170,170,16,77,2,16,16,117,117,136,153,171,271,285,311,328,328,353,353,353,253,253,266,266,367,367,378,398,30,30,46,46,46,72,97,107,127,127,77,87,87,87],"floor_reached":51,"playtime":1619,"items_purged":["Strike_R","Defend_R","Clash","Evolve"],"score":864,"play_id":"0d89a02d-1e5a-4b33-ade6-0b32b4f93a56","local_time":"20190130022619","is_ascension_mode":false,"campfire_choices":[{"data":"Searing Blow","floor":6.0,"key":"SMITH"},{"data":"Searing Blow+1","floor":8.0,"key":"SMITH"},{"data":"Searing Blow+2","floor":10.0,"key":"SMITH"},{"data":"Searing Blow+3","floor":15.0,"key":"SMITH"},{"data":"Searing Blow+4","floor":25.0,"key":"SMITH"},{"floor":27.0,"key":"REST"},{"data":"Searing Blow+5","floor":30.0,"key":"SMITH"},{"data":"Armaments","floor":32.0,"key":"SMITH"},{"data":"Offering","floor":40.0,"key":"SMITH"},{"data":"Searing Blow+6","floor":46,"key":"SMITH"},{"floor":49,"key":"REST"}],"neow_cost":"NONE","seed_source_timestamp":5024520042495,"circlet_count":0,"master_deck":["Defend_R","Defend_R","Bash+1","Searing Blow+7","Headbutt+1","Ghostly Armor","Battle Trance","Second Wind","Offering+1","Seeing Red+1","Impervious","Armaments+1","Exhume","Madness","Enlightenment","Shrug It Off+1"],"special_seed":0,"relics":["Burning Blood","Turnip","Shovel","Empty Cage","Dream Catcher","Whetstone","Velvet Choker","Bottled Lightning","Champion Belt","Smiling Mask"],"potions_floor_usage":[44,50],"damage_taken":[{"damage":6.0,"enemies":"Cultist","floor":1.0,"turns":3.0},{"damage":5.0,"enemies":"2 Louse","floor":2.0,"turns":3.0},{"damage":5.0,"enemies":"Small Slimes","floor":5.0,"turns":5.0},{"damage":0.0,"enemies":"Looter","floor":7.0,"turns":3.0},{"damage":14.0,"enemies":"Gremlin Nob","floor":12.0,"turns":3.0},{"damage":0.0,"enemies":"Exordium Wildlife","floor":14.0,"turns":2.0},{"damage":1.0,"enemies":"Slime Boss","floor":16.0,"turns":6.0},{"damage":6.0,"enemies":"Chosen","floor":18.0,"turns":3.0},{"damage":26.0,"enemies":"2 Thieves","floor":19.0,"turns":3.0},{"damage":8.0,"enemies":"Snake Plant","floor":20.0,"turns":3.0},{"damage":8.0,"enemies":"Centurion and Healer","floor":22.0,"turns":7.0},{"damage":35.0,"enemies":"Gremlin Leader","floor":23.0,"turns":3.0},{"damage":17.0,"enemies":"Shelled Parasite and Fungi","floor":24.0,"turns":5.0},{"damage":6.0,"enemies":"Snecko","floor":31.0,"turns":3.0},{"damage":15.0,"enemies":"Champ","floor":33.0,"turns":8.0},{"damage":3.0,"enemies":"Orb Walker","floor":35.0,"turns":3.0},{"damage":14.0,"enemies":"3 Darklings","floor":36.0,"turns":4.0},{"damage":6.0,"enemies":"Sphere and 2 Shapes","floor":39.0,"turns":4.0},{"damage":19.0,"enemies":"Reptomancer","floor":42.0,"turns":2.0},{"damage":6,"enemies":"Spire Growth","floor":44,"turns":3},{"damage":6,"enemies":"Transient","floor":45,"turns":5},{"damage":6,"enemies":"4 Shapes","floor":48,"turns":6},{"damage":6,"enemies":"Awakened One","floor":50,"turns":25}],"seed_played":"-5140211582108561601","potions_obtained":[{"floor":5.0,"key":"Fire Potion"},{"floor":12.0,"key":"Ancient Potion"},{"floor":16.0,"key":"Weak Potion"},{"floor":18.0,"key":"SkillPotion"},{"floor":31.0,"key":"SkillPotion"},{"floor":33.0,"key":"Ancient Potion"},{"floor":42.0,"key":"PowerPotion"},{"floor":44,"key":"Energy Potion"}],"is_trial":false,"path_per_floor":["M","M","?","?","M","R","M","R","T","R","$","?","$","M","R","B",null,"M","M","M","?","M","E","M","R","T","R","?","$","R","M","R","B",null,"M","M","$","?","M","R","?","E","T","M","M","R","$","M","R","B",null],"character_chosen":"IRONCLAD","items_purchased":["Second Wind","Evolve","Bottled Lightning"],"campfire_rested":2,"item_purchase_floors":[11,13,37],"current_hp_per_floor":[80,80,80,69,70,70,76,76,76,76,76,68,68,74,74,79,80,80,60,58,58,56,27,16,16,16,40,40,40,40,40,40,31,80,80,72,72,62,62,62,62,49,49,49,49,49,49,49,73,73],"gold":87,"neow_bonus":"THREE_CARDS","is_prod":false,"is_daily":false,"chose_seed":false,"campfire_upgraded":9,"win_rate":0,"timestamp":1548782779,"path_taken":["M","?","?","?","M","R","M","R","T","R","$","?","?","?","R","BOSS","M","M","?","?","M","E","?","R","T","R","?","?","R","M","R","BOSS","BOSS","M","M","$","?","M","R","?","E","T","M","M","R","$","M","R","BOSS"],"build_version":"2019-01-23","purchased_purges":4,"victory":true,"max_hp_per_floor":[80,80,80,80,80,80,80,80,80,80,80,80,80,80,80,80,80,80,80,80,80,80,80,80,80,80,80,80,80,80,80,80,80,80,80,80,80,80,80,80,80,80,80,80,80,80,80,80,80,80],"card_choices":[{"not_picked":["Twin Strike","Wild Strike"],"picked":"Searing Blow","floor":0.0},{"not_picked":["Anger","True Grit"],"picked":"Headbutt","floor":1.0},{"not_picked":["Wild Strike","Infernal Blade","Clothesline"],"picked":"SKIP","floor":2.0},{"not_picked":["Sever Soul","Twin Strike"],"picked":"Ghostly Armor","floor":5.0},{"not_picked":["Ghostly Armor","Feel No Pain"],"picked":"Battle Trance","floor":7.0},{"not_picked":["Heavy Blade","Barricade","Iron Wave"],"picked":"SKIP","floor":14.0},{"not_picked":["Limit Break","Reaper"],"picked":"Offering","floor":16.0},{"not_picked":["Body Slam","True Grit","Heavy Blade"],"picked":"SKIP","floor":18.0},{"not_picked":["Iron Wave","Havoc","Blood for Blood"],"picked":"SKIP","floor":19.0},{"not_picked":["Body Slam","Wild Strike","Iron Wave"],"picked":"SKIP","floor":20.0},{"not_picked":["Iron Wave","Whirlwind+1"],"picked":"Seeing Red+1","floor":22.0},{"not_picked":["Impervious","Iron Wave","Burning Pact"],"picked":"SKIP","floor":23.0},{"not_picked":["Iron Wave","Burning Pact"],"picked":"Impervious","floor":23.0},{"not_picked":["Disarm+1","Clothesline","Ghostly Armor+1"],"picked":"SKIP","floor":24.0},{"not_picked":["Clash+1","Rage"],"picked":"Armaments","floor":27.0},{"not_picked":["Wild Strike","Hemokinesis","Disarm"],"picked":"SKIP","floor":31.0},{"not_picked":["Body Slam+1","Iron Wave+1","Intimidate+1"],"picked":"SKIP","floor":35.0},{"not_picked":["Shockwave+1","Body Slam","Ghostly Armor+1"],"picked":"SKIP","floor":36.0},{"not_picked":["Finesse","Good Instincts"],"picked":"Madness","floor":38.0},{"not_picked":["Jack Of All Trades","Transmutation"],"picked":"Enlightenment","floor":38.0},{"not_picked":["Sword Boomerang+1","Burning Pact+1","Thunderclap+1"],"picked":"SKIP","floor":39.0},{"not_picked":["Heavy Blade+1","Disarm","Feel No Pain"],"picked":"SKIP","floor":42.0},{"not_picked":["Havoc","Offering","Pommel Strike+1"],"picked":"SKIP","floor":44},{"not_picked":["Pommel Strike","Iron Wave+1","Armaments"],"picked":"SKIP","floor":45},{"not_picked":["Twin Strike","Infernal Blade+1"],"picked":"Shrug It Off+1","floor":48}],"player_experience":1013056,"relics_obtained":[{"floor":9.0,"key":"Turnip"},{"floor":12.0,"key":"Shovel"},{"floor":23.0,"key":"Dream Catcher"},{"floor":26.0,"key":"Whetstone"},{"floor":42.0,"key":"Champion Belt"},{"floor":43.0,"key":"Smiling Mask"}],"event_choices":[{"cards_removed":["Strike_R"],"damage_healed":0.0,"max_hp_gain":0.0,"max_hp_loss":0.0,"gold_gain":0.0,"event_name":"The Cleric","player_choice":"Card Removal","floor":3.0,"gold_loss":50.0,"damage_taken":0.0},{"damage_healed":0.0,"max_hp_gain":0.0,"max_hp_loss":0.0,"gold_gain":75.0,"event_name":"World of Goop","player_choice":"Gather Gold","floor":4.0,"gold_loss":0.0,"damage_taken":11.0},{"damage_healed":0.0,"max_hp_gain":0.0,"max_hp_loss":0.0,"gold_gain":30.0,"event_name":"Dead Adventurer","player_choice":"Searched \u00272\u0027 times","floor":12.0,"gold_loss":0.0,"damage_taken":0.0},{"damage_healed":0.0,"max_hp_gain":0.0,"max_hp_loss":0.0,"gold_gain":100.0,"event_name":"Golden Shrine","player_choice":"Pray","floor":21.0,"gold_loss":0.0,"damage_taken":0.0},{"damage_healed":0.0,"max_hp_gain":0.0,"max_hp_loss":0.0,"gold_gain":0.0,"cards_transformed":["Strike_R","Defend_R"],"event_name":"Drug Dealer","player_choice":"Became Test Subject","floor":28.0,"gold_loss":0.0,"damage_taken":0.0,"cards_obtained":["Clash","Exhume"]},{"damage_healed":0.0,"max_hp_gain":0.0,"max_hp_loss":0.0,"gold_gain":0.0,"event_name":"SensoryStone","player_choice":"Memory 3","floor":38.0,"gold_loss":0.0,"damage_taken":10.0},{"damage_healed":0.0,"max_hp_gain":0.0,"max_hp_loss":0.0,"gold_gain":0.0,"event_name":"Mysterious Sphere","player_choice":"Ignored","floor":41.0,"gold_loss":0.0,"damage_taken":0.0}],"is_beta":false,"boss_relics":[{"not_picked":["Philosopher\u0027s Stone","Runic Cube"],"picked":"Empty Cage"},{"not_picked":["Fusion Hammer","Calling Bell"],"picked":"Velvet Choker"}],"items_purged_floors":[11,29,37,47],"is_endless":false,"potions_floor_spawned":[5,12,16,18,31,33,42,44,48],"ascension_level":0}