{"gold_per_floor":[114,114,131,131,206,237,13,188,214,21,35,69,69,80,80,178,178,198,198,33,33,33,33,49,49,76,91,91],"floor_reached":28,"playtime":1738,"items_purged":["Regret"],"score":299,"play_id":"5bb0d6a7-0a89-48f1-bc82-85c8bff07188","local_time":"20190129024228","is_ascension_mode":true,"campfire_choices":[{"data":"Hologram","floor":13,"key":"SMITH"},{"data":"Hello World","floor":15,"key":"SMITH"},{"data":"Redo","floor":23,"key":"SMITH"},{"data":"Echo Form","floor":25,"key":"SMITH"}],"neow_cost":"NONE","seed_source_timestamp":976427878154387,"circlet_count":0,"master_deck":["Strike_B","Strike_B","Strike_B","Strike_B","Defend_B","Defend_B","Defend_B","Defend_B+1","Zap","Dualcast","Steam","Coolheaded","Redo","Hello World+1","Gash","Redo+1","Skim+1","Doubt","Static Discharge","Steam","Redo","Hologram+1","Electrodynamics","Echo Form+1","Regret","Injury","Slimebound:Icky","Ghostly","Ghostly","Ghostly","Ghostly","Ghostly","Mayhem+1","Stack"],"relics":["Cracked Core","NeowsBlessing","Nunchaku","FossilizedHelix","Juzu Bracelet","War Paint","Calling Bell","Pen Nib","Frozen Egg 2","WingedGreaves","Enchiridion","Anchor"],"potions_floor_usage":[16,28,28,28],"damage_taken":[{"damage":0,"enemies":"Cultist","floor":1,"turns":1},{"damage":0,"enemies":"2 Louse","floor":3,"turns":1},{"damage":0,"enemies":"Gremlin Nob","floor":6,"turns":1},{"damage":0,"enemies":"Jaw Worm","floor":11,"turns":4},{"damage":15,"enemies":"3 Sentries","floor":12,"turns":7},{"damage":5,"enemies":"Large Slime","floor":14,"turns":10},{"damage":27,"enemies":"Hexaghost","floor":16,"turns":10},{"damage":12,"enemies":"3 Byrds","floor":18,"turns":2},{"damage":1,"enemies":"Chosen","floor":24,"turns":5},{"damage":6,"enemies":"Snake Plant","floor":27,"turns":5},{"damage":16,"enemies":"Sentry and Sphere","floor":28,"turns":3}],"seed_played":"7294374506617393086","potions_obtained":[{"floor":6,"key":"Fire Potion"},{"floor":11,"key":"SneckoOil"},{"floor":14,"key":"Weak Potion"},{"floor":16,"key":"PowerPotion"},{"floor":27,"key":"FearPotion"}],"is_trial":false,"path_per_floor":["M","?","M","?","?","E","$","?","T","$","M","E","R","M","R","B",null,"M","?","$","?","?","R","M","R","T","M","M"],"character_chosen":"DEFECT","items_purchased":["Hello World","Gash","Redo","Skim","Static Discharge","Steam","Mayhem+1"],"campfire_rested":0,"item_purchase_floors":[7,7,7,7,10,10,20],"current_hp_per_floor":[75,75,75,75,64,64,64,64,64,64,64,49,49,44,44,17,75,63,37,37,21,21,21,20,20,20,14,0],"gold":91,"neow_bonus":"THREE_ENEMY_KILL","is_prod":false,"is_daily":false,"chose_seed":false,"campfire_upgraded":4,"win_rate":0,"timestamp":1548726148,"path_taken":["M","?","M","?","?","E","?","?","T","$","M","E","R","M","R","BOSS","M","?","$","?","?","R","M","R","T","M","M"],"build_version":"2019-01-23","purchased_purges":1,"victory":false,"max_hp_per_floor":[75,75,75,75,75,75,75,75,75,75,75,75,75,75,75,75,75,75,37,37,37,37,37,37,37,37,37,37],"card_choices":[{"not_picked":["Turbo","Melter"],"picked":"Steam","floor":1},{"not_picked":["Ball Lightning","Gash"],"picked":"Coolheaded","floor":3},{"not_picked":["Leap","Steam"],"picked":"Redo","floor":6},{"not_picked":["Aggregate","Go for the Eyes"],"picked":"Redo","floor":11},{"not_picked":["Compile Driver","Heatsinks"],"picked":"Hologram","floor":12},{"not_picked":["Compile Driver","Leap"],"picked":"Electrodynamics","floor":14},{"not_picked":["Biased Cognition","Rainbow"],"picked":"Echo Form","floor":16},{"not_picked":["Streamline+1","Genetic Algorithm+1","Cold Snap+1"],"picked":"SKIP","floor":18},{"not_picked":["Redo","Reprogram+1"],"picked":"Stack","floor":24},{"not_picked":["Force Field+1","Rebound","Go for the Eyes"],"picked":"SKIP","floor":27}],"player_experience":431466,"relics_obtained":[{"floor":6,"key":"FossilizedHelix"},{"floor":9,"key":"Juzu Bracelet"},{"floor":12,"key":"War Paint"},{"floor":17,"key":"Pen Nib"},{"floor":17,"key":"Frozen Egg 2"},{"floor":17,"key":"WingedGreaves"},{"floor":21,"key":"Enchiridion"}],"event_choices":[{"damage_healed":0,"gold_gain":0,"player_choice":"Box","damage_taken":0,"relics_obtained":["Nunchaku"],"max_hp_gain":0,"max_hp_loss":0,"event_name":"Big Fish","floor":2,"gold_loss":0,"cards_obtained":["Regret"]},{"damage_healed":0,"gold_gain":0,"player_choice":"Ignored","damage_taken":0,"max_hp_gain":0,"max_hp_loss":0,"event_name":"Golden Wing","floor":4,"gold_loss":0},{"damage_healed":0,"gold_gain":75,"player_choice":"Gather Gold","damage_taken":11,"max_hp_gain":0,"max_hp_loss":0,"event_name":"World of Goop","floor":5,"gold_loss":0},{"damage_healed":0,"gold_gain":175,"player_choice":"AGREE","damage_taken":0,"max_hp_gain":0,"max_hp_loss":0,"event_name":"Liars Game","floor":8,"gold_loss":0,"cards_obtained":["Doubt"]},{"damage_healed":0,"gold_gain":0,"player_choice":"Became a Ghost","damage_taken":0,"max_hp_gain":0,"max_hp_loss":38,"event_name":"Ghosts","floor":19,"gold_loss":0,"cards_obtained":["Ghostly","Ghostly","Ghostly","Ghostly","Ghostly"]},{"damage_healed":0,"gold_gain":0,"player_choice":"Obtained Book","damage_taken":16,"max_hp_gain":0,"max_hp_loss":0,"event_name":"Cursed Tome","floor":21,"gold_loss":0},{"damage_healed":0,"gold_gain":0,"player_choice":"Gave Potion","damage_taken":0,"relics_obtained":["Anchor"],"max_hp_gain":0,"max_hp_loss":0,"event_name":"WeMeetAgain","floor":22,"gold_loss":0}],"is_beta":false,"boss_relics":[{"not_picked":["White Beast Statue","Runic Pyramid"],"picked":"Calling Bell"}],"items_purged_floors":[10],"is_endless":false,"potions_floor_spawned":[6,11,14,16,27],"killed_by":"Sentry and Sphere","ascension_level":2}