{"path_per_floor":["M","?","?","M","$","E","?","E","T","R","E","?","R","$","R","B",null,"M","M","?","M","?","R","E","$","T","R","M","R","M","M","R","B",null,"M","T","$","M","$","E","R","$","T","R","M","R","M","?","R"],"character_chosen":"IRONCLAD","items_purchased":["Shrug It Off","Happy Flower","Inflame","Heavy Blade","Regen Potion","Juzu Bracelet"],"gold_per_floor":[110,110,110,123,25,58,58,102,149,149,183,209,209,58,58,181,181,199,184,99,112,112,112,153,20,43,43,63,63,88,101,101,221,259,275,299,249,265,167,205,205,5,5,5,30,30,45,45,45,45],"floor_reached":50,"campfire_rested":2,"playtime":2116,"current_hp_per_floor":[80,80,73,79,79,87,81,72,72,72,71,69,69,69,69,62,81,81,72,72,77,77,77,42,42,42,42,30,69,69,64,64,11,86,77,77,77,32,32,35,75,75,75,75,68,68,69,75,75,0],"items_purged":["Defend_R","Doubt","Writhe","Clumsy","Clumsy"],"gold":45,"score":554,"play_id":"4465bfc3-9eea-4f86-8f92-dea9dddea51d","local_time":"20180327000731","is_prod":false,"is_daily":false,"is_ascension_mode":false,"campfire_upgraded":8,"timestamp":1522102051,"path_taken":["M","?","?","M","$","E","?","E","T","R","E","?","R","$","R","BOSS","M","M","?","?","?","R","E","$","T","R","M","R","M","M","R","BOSS","M","?","$","M","$","E","R","$","T","R","M","R","M","?","R","BOSS"],"build_version":"2018-03-22v2","purchased_purges":5,"victory":false,"master_deck":["Strike_R","Strike_R","Strike_R","Strike_R","Defend_R","Defend_R","Defend_R","Bash","Clash+1","Pommel Strike+1","Shrug It Off+1","Anger+1","Headbutt","Uppercut","Disarm+1","Metallicize+1","Spot Weakness+1","Perfected Strike+1","Rampage","Inflame+1","Heavy Blade+1","Flex","Limit Break+1","Flex"],"max_hp_per_floor":[80,80,80,80,80,87,81,81,81,81,81,81,81,81,81,81,81,81,81,81,81,81,81,81,81,81,81,81,81,81,81,81,81,86,86,86,86,86,86,86,86,86,86,86,86,86,86,75,75,75],"relics":["Burning Blood","NeowsBlessing","Strawberry","Golden Idol","Ornamental Fan","Regal Pillow","Letter Opener","Odd Mushroom","Happy Flower","Calling Bell","Mummified Hand","Prayer Wheel","Smiling Mask","Pen Nib","Paper Frog","Orichalcum","Dream Catcher","Tiny House","Vajra","Anchor","Juzu Bracelet","Shovel","Omamori"],"card_choices":[{"not_picked":["Whirlwind","Blood for Blood"],"picked":"Clash","floor":1},{"not_picked":["Battle Trance","Iron Wave"],"picked":"Pommel Strike","floor":4},{"not_picked":["Power Through","Carnage"],"picked":"Anger","floor":6},{"not_picked":["Sever Soul","Carnage"],"picked":"Headbutt","floor":8},{"not_picked":["Carnage","True Grit"],"picked":"Uppercut","floor":11},{"not_picked":["Battle Trance","Anger"],"picked":"Disarm","floor":12},{"not_picked":["Evolve","Iron Wave"],"picked":"Metallicize","floor":18},{"not_picked":["Headbutt","Combust"],"picked":"Spot Weakness","floor":19},{"not_picked":["Dual Wield","Anger"],"picked":"Perfected Strike","floor":21},{"not_picked":["Sever Soul","Headbutt"],"picked":"Rampage","floor":24},{"not_picked":["Headbutt","Wild Strike"],"picked":"Flex","floor":26},{"not_picked":["Immolate","Dark Embrace"],"picked":"Limit Break","floor":33},{"not_picked":["Twin Strike","Thunderclap"],"picked":"Flex","floor":38}],"player_experience":167104,"potions_floor_usage":[8,19,21,24,35,40,40,40,50,50],"damage_taken":[{"damage":0,"enemies":"2 Louse","floor":1,"turns":1},{"damage":0,"enemies":"Cultist","floor":4,"turns":1},{"damage":0,"enemies":"Lagavulin","floor":6,"turns":1},{"damage":15,"enemies":"Gremlin Nob","floor":8,"turns":4},{"damage":7,"enemies":"3 Sentries","floor":11,"turns":8},{"damage":8,"enemies":"The Mushroom Lair","floor":12,"turns":5},{"damage":13,"enemies":"Hexaghost","floor":16,"turns":9},{"damage":0,"enemies":"Chosen","floor":18,"turns":5},{"damage":15,"enemies":"2 Thieves","floor":19,"turns":4},{"damage":13,"enemies":"Slaver and Parasite","floor":21,"turns":6},{"damage":41,"enemies":"Book of Stabbing","floor":24,"turns":6},{"damage":18,"enemies":"3 Cultists","floor":28,"turns":6},{"damage":6,"enemies":"Snecko","floor":30,"turns":5},{"damage":11,"enemies":"Snake Plant","floor":31,"turns":4},{"damage":59,"enemies":"Champ","floor":33,"turns":11},{"damage":15,"enemies":"3 Shapes","floor":35,"turns":8},{"damage":51,"enemies":"3 Darklings","floor":38,"turns":6},{"damage":18,"enemies":"Giant Head","floor":40,"turns":7},{"damage":13,"enemies":"4 Shapes","floor":45,"turns":7},{"damage":5,"enemies":"Sphere and 2 Shapes","floor":47,"turns":4},{"damage":78,"enemies":"Donu and Deca","floor":50,"turns":7}],"event_choices":[{"event_name":"Upgrade Shrine","player_choice":"Upgraded","floor":2,"damage_taken":0},{"event_name":"Golden Wing","player_choice":"Card Removal","floor":3,"damage_taken":0},{"event_name":"Golden Idol","player_choice":"Lose Max HP","floor":7,"damage_taken":0},{"event_name":"Mushrooms","player_choice":"Fought Mushrooms","floor":12,"damage_taken":0},{"event_name":"Addict","player_choice":"Obtained Relic","floor":20,"damage_taken":0},{"event_name":"The Mausoleum","player_choice":"Yes","floor":22,"damage_taken":0},{"event_name":"The Moai Head","player_choice":"Heal","floor":48,"damage_taken":0}],"boss_relics":[{"not_picked":["Sozu","Runic Pyramid"],"picked":"Calling Bell"},{"not_picked":["Orrery","Pandora\u0027s Box"],"picked":"Tiny House"}],"potions_floor_spawned":[4,12,16,21,30,38,40,47],"seed_played":"-1904752560467995634","killed_by":"Donu and Deca","ascension_level":0,"is_trial":false}