{"gold_per_floor":[114,129,144,144,169,199,214,244,324,354,369,384,384,414,414,514,514,529,529,514,529,154,154,69,84,134,164,164],"floor_reached":28,"playtime":2523,"items_purged":["Strike_R"],"score":320,"play_id":"73b87d90-c0f7-4ab2-99f7-7c2b2e820c8f","local_time":"20181012154023","daily_mods":["Shiny","Time Dilation","DeadlyEvents"],"is_ascension_mode":false,"campfire_choices":[{"data":"Demon Form","floor":13.0,"key":"SMITH"},{"data":"True Grit","floor":15.0,"key":"SMITH"},{"data":"Limit Break","floor":23.0,"key":"SMITH"}],"neow_cost":"","seed_source_timestamp":21941927252275,"circlet_count":0,"master_deck":["Double Tap","Demon Form+1","Bludgeon","Feed","Limit Break+1","Barricade","Fiend Fire","Dark Embrace","Berserk","Impervious","Juggernaut","Brutality","Reaper","Exhume","Offering","Immolate","Strike_R","Strike_R","Strike_R","Strike_R","Defend_R","Defend_R","Defend_R","Defend_R","Bash","Shrug It Off","Disarm","Whirlwind","Body Slam","Corruption","Shockwave","True Grit+1","Armaments+1"],"special_seed":17816,"relics":["Burning Blood","Omamori","Dream Catcher","Blood Vial","Tiny Chest","Bronze Scales","Art of War","Runic Dome","Happy Flower","Lantern","Oddly Smooth Stone","Bag of Marbles","Unceasing Top"],"potions_floor_usage":[],"damage_taken":[{"damage":13.0,"enemies":"Small Slimes","floor":1.0,"turns":2.0},{"damage":17.0,"enemies":"Jaw Worm","floor":2.0,"turns":2.0},{"damage":0.0,"enemies":"Cultist","floor":3.0,"turns":2.0},{"damage":17.0,"enemies":"Gremlin Nob","floor":6.0,"turns":4.0},{"damage":38.0,"enemies":"Exordium Wildlife","floor":7.0,"turns":9.0},{"damage":13.0,"enemies":"3 Sentries","floor":8.0,"turns":8.0},{"damage":32.0,"enemies":"Lagavulin","floor":10.0,"turns":10.0},{"damage":32.0,"enemies":"Red Slaver","floor":11.0,"turns":6.0},{"damage":40.0,"enemies":"Blue Slaver","floor":12.0,"turns":8.0},{"damage":34.0,"enemies":"3 Sentries","floor":14.0,"turns":6.0},{"damage":31.0,"enemies":"Hexaghost","floor":16.0,"turns":6.0},{"damage":18.0,"enemies":"Shell Parasite","floor":18.0,"turns":4.0},{"damage":7.0,"enemies":"2 Thieves","floor":20.0,"turns":4.0},{"damage":49.0,"enemies":"Shelled Parasite and Fungi","floor":21.0,"turns":7.0},{"damage":28.0,"enemies":"Chosen and Byrds","floor":25.0,"turns":5.0},{"damage":59.0,"enemies":"Slavers","floor":27.0,"turns":7.0},{"damage":0,"enemies":"Sentry and Sphere","floor":28,"turns":1}],"seed_played":"-4401274191363558233","potions_obtained":[{"floor":1.0,"key":"AttackPotion"},{"floor":2.0,"key":"EssenceOfSteel"},{"floor":7.0,"key":"Strength Potion"},{"floor":8.0,"key":"Strength Potion"},{"floor":11.0,"key":"SkillPotion"},{"floor":12.0,"key":"SkillPotion"},{"floor":20.0,"key":"SkillPotion"},{"floor":25.0,"key":"GamblersBrew"},{"floor":27.0,"key":"SkillPotion"}],"is_trial":false,"path_per_floor":["M","M","M","?","T","E","M","E","T","E","M","M","R","E","R","B",null,"M","?","M","M","$","R","?","M","T","E"],"character_chosen":"IRONCLAD","items_purchased":["Happy Flower","Lantern"],"campfire_rested":0,"item_purchase_floors":[22,22],"current_hp_per_floor":[76,72,81,86,86,83,59,66,66,106,80,51,51,50,50,85,118,109,109,115,80,80,80,80,63,63,51,53],"gold":164,"neow_bonus":"","is_prod":false,"is_daily":true,"chose_seed":false,"campfire_upgraded":3,"win_rate":0,"timestamp":1539351623,"path_taken":["M","M","M","?","?","E","M","E","T","?","?","M","R","?","R","BOSS","M","?","M","M","$","R","?","?","T","E","?"],"build_version":"2018-10-11","purchased_purges":1,"victory":false,"max_hp_per_floor":[83,86,89,94,94,94,97,103,103,106,106,109,109,115,115,118,118,121,121,121,127,127,127,127,130,130,133,133],"card_choices":[{"not_picked":["Spot Weakness","Flex"],"picked":"Shrug It Off","floor":1.0},{"not_picked":["Dropkick","Anger"],"picked":"Disarm","floor":2.0},{"not_picked":["Reckless Charge","Dropkick"],"picked":"Whirlwind","floor":3.0},{"not_picked":["Anger","Heavy Blade"],"picked":"Body Slam","floor":6.0},{"not_picked":["Second Wind","Uppercut"],"picked":"Corruption","floor":7.0},{"not_picked":["Thunderclap","Wild Strike","Corruption"],"picked":"SKIP","floor":8.0},{"not_picked":["Flex","Rupture","Wild Strike"],"picked":"SKIP","floor":10.0},{"not_picked":["Fiend Fire","Fire Breathing","Intimidate"],"picked":"SKIP","floor":11.0},{"not_picked":["Heavy Blade","Iron Wave"],"picked":"Shockwave","floor":12.0},{"not_picked":["Clothesline","Cleave"],"picked":"True Grit","floor":14.0},{"not_picked":["Havoc+1","Pommel Strike"],"picked":"Armaments+1","floor":18.0},{"not_picked":["Thunderclap+1","Dropkick+1","Clothesline"],"picked":"SKIP","floor":20.0},{"not_picked":["Headbutt+1","Perfected Strike+1","Spot Weakness"],"picked":"SKIP","floor":21.0},{"not_picked":["Spot Weakness","Immolate","Twin Strike"],"picked":"SKIP","floor":25.0},{"not_picked":["Sentinel","Power Through","Pummel"],"picked":"SKIP","floor":27.0}],"player_experience":1427366,"relics_obtained":[{"floor":5.0,"key":"Omamori"},{"floor":6.0,"key":"Dream Catcher"},{"floor":8.0,"key":"Blood Vial"},{"floor":9.0,"key":"Tiny Chest"},{"floor":10.0,"key":"Bronze Scales"},{"floor":14.0,"key":"Art of War"},{"floor":26.0,"key":"Bag of Marbles"},{"floor":27.0,"key":"Unceasing Top"}],"event_choices":[{"event_name":"Big Fish","player_choice":"Donut","floor":4.0,"damage_taken":0.0},{"event_name":"Vampires","player_choice":"Ignored","floor":19.0,"damage_taken":0.0},{"event_name":"Addict","player_choice":"Obtained Relic","floor":24.0,"damage_taken":0.0}],"is_beta":false,"boss_relics":[{"not_picked":["Mark of Pain","Fusion Hammer"],"picked":"Runic Dome"}],"items_purged_floors":[22],"is_endless":false,"potions_floor_spawned":[1,2,7,8,11,12,20,25,27],"killed_by":"Sentry and Sphere","ascension_level":0}