{"gold_per_floor":[109,109,34,46,60,60,85,96,96,130,130,162,173,49,49,128,128,147,197,197,75,87,87,100,135,188,188,205,205,238,251,251,328,328,343,743,762,762,762,762,147,157,184,210,210,227,256,267,267,267,267,267,267,32,61,61],"floor_reached":57,"playtime":4375,"items_purged":["Strike_B","Strike_B","Defend_B","Defend_B"],"score":2975,"play_id":"a5030bf9-4a7a-4d0c-8bbe-d4f55243a575","local_time":"20181228142535","is_ascension_mode":true,"campfire_choices":[{"data":"Streamline","floor":6.0,"key":"SMITH"},{"data":"Hologram","floor":11.0,"key":"SMITH"},{"data":"Coolheaded","floor":15.0,"key":"SMITH"},{"data":"Fission","floor":23.0,"key":"SMITH"},{"data":"Biased Cognition","floor":27.0,"key":"SMITH"},{"data":"Buffer","floor":29.0,"key":"SMITH"},{"data":"Loop","floor":32.0,"key":"SMITH"},{"data":"Defragment","floor":40.0,"key":"SMITH"},{"data":"Apotheosis","floor":45.0,"key":"SMITH"},{"floor":49.0,"key":"RECALL"},{"data":"Seek","floor":53,"key":"SMITH"}],"neow_cost":"NONE","seed_source_timestamp":10910177464768,"circlet_count":0,"master_deck":["AscendersBane","Defend_B","Defend_B","Zap+1","Dualcast+1","Biased Cognition+1","Streamline+1","Buffer+1","Genetic Algorithm","Coolheaded+1","Self Repair","Undo","Hologram+1","Compile Driver","Ball Lightning","Turbo","Fission+1","Go for the Eyes","Glacier","Loop+1","Chaos+1","Fission+1","Conserve Battery+1","Defragment+1","Capacitor","Apotheosis+1","Loop","Seek+1","Double Energy+1"],"special_seed":0,"relics":["Cracked Core","War Paint","Strawberry","Ornamental Fan","Turnip","Runic Pyramid","Happy Flower","Pen Nib","Empty Cage","Old Coin","ClockworkSouvenir","Ancient Tea Set","Letter Opener","Gambling Chip","Vajra"],"potions_floor_usage":[56,56],"damage_taken":[{"damage":7.0,"enemies":"Jaw Worm","floor":1.0,"turns":3.0},{"damage":0.0,"enemies":"Cultist","floor":4.0,"turns":3.0},{"damage":7.0,"enemies":"2 Louse","floor":5.0,"turns":5.0},{"damage":11.0,"enemies":"Lagavulin","floor":7.0,"turns":6.0},{"damage":0.0,"enemies":"2 Fungi Beasts","floor":8.0,"turns":3.0},{"damage":15.0,"enemies":"3 Sentries","floor":10.0,"turns":7.0},{"damage":3.0,"enemies":"Gremlin Nob","floor":12.0,"turns":4.0},{"damage":1.0,"enemies":"Exordium Thugs","floor":13.0,"turns":4.0},{"damage":8.0,"enemies":"Slime Boss","floor":16.0,"turns":8.0},{"damage":7.0,"enemies":"3 Byrds","floor":18.0,"turns":6.0},{"damage":3.0,"enemies":"2 Thieves","floor":22.0,"turns":5.0},{"damage":22.0,"enemies":"Shelled Parasite and Fungi","floor":24.0,"turns":5.0},{"damage":5.0,"enemies":"Book of Stabbing","floor":25.0,"turns":5.0},{"damage":4.0,"enemies":"Centurion and Healer","floor":28.0,"turns":6.0},{"damage":17.0,"enemies":"Gremlin Leader","floor":30.0,"turns":7.0},{"damage":0.0,"enemies":"Cultist and Chosen","floor":31.0,"turns":8.0},{"damage":20.0,"enemies":"Automaton","floor":33.0,"turns":11.0},{"damage":0.0,"enemies":"3 Shapes","floor":35.0,"turns":4.0},{"damage":0.0,"enemies":"Mind Bloom Boss Battle","floor":36.0,"turns":8.0},{"damage":0.0,"enemies":"Orb Walker","floor":37.0,"turns":4.0},{"damage":15.0,"enemies":"Transient","floor":42.0,"turns":6.0},{"damage":0.0,"enemies":"Giant Head","floor":44.0,"turns":11.0},{"damage":10.0,"enemies":"4 Shapes","floor":46.0,"turns":7.0},{"damage":0.0,"enemies":"Reptomancer","floor":47.0,"turns":4.0},{"damage":2.0,"enemies":"3 Darklings","floor":48.0,"turns":5.0},{"damage":5.0,"enemies":"Awakened One","floor":50.0,"turns":19.0},{"damage":0,"enemies":"Time Eater","floor":51,"turns":9},{"damage":0,"enemies":"Shield and Spear","floor":55,"turns":9},{"damage":4,"enemies":"The Heart","floor":56,"turns":13}],"seed_played":"-6334464538954028915","potions_obtained":[{"floor":1.0,"key":"Poison Potion"},{"floor":4.0,"key":"EssenceOfSteel"},{"floor":7.0,"key":"AttackPotion"},{"floor":12.0,"key":"Energy Potion"},{"floor":24.0,"key":"FearPotion"},{"floor":25.0,"key":"PowerPotion"},{"floor":33.0,"key":"EssenceOfSteel"},{"floor":35.0,"key":"FocusPotion"},{"floor":37.0,"key":"PowerPotion"},{"floor":47.0,"key":"PowerPotion"}],"is_trial":false,"path_per_floor":["M","?","$","M","M","R","E","E","M","T","E","R","E","M","$","R","B",null,"M","?","?","$","M","R","M","E","T","R","M","R","E","M","R","B",null,"M","?","M","?","?","R","$","M","T","E","R","M","E","M","R","B","B",null,"R","$","E","B",null],"character_chosen":"DEFECT","items_purchased":["Turbo","Glacier","Loop","ClockworkSouvenir","Capacitor","Apotheosis","FocusPotion"],"campfire_rested":0,"item_purchase_floors":[14,21,21,41,41,41,54],"current_hp_per_floor":[57,57,57,57,57,57,53,60,67,59,59,63,69,69,69,68,76,76,76,54,54,58,58,43,45,45,45,48,48,38,45,45,32,70,77,83,83,83,83,83,83,78,78,83,83,83,83,83,83,83,83,83,83,83,83,83],"gold":61,"neow_bonus":"ONE_RANDOM_RARE_CARD","is_prod":false,"is_daily":false,"chose_seed":false,"campfire_upgraded":10,"win_rate":0,"timestamp":1545974735,"path_taken":["M","?","?","M","M","R","E","M","T","E","R","E","M","$","R","BOSS","M","?","?","$","?","R","M","E","T","R","M","R","E","M","R","BOSS","M","?","M","?","?","R","$","M","T","E","R","M","E","M","R","BOSS","BOSS","R","$","E","BOSS"],"build_version":"2018-12-20","purchased_purges":4,"victory":true,"max_hp_per_floor":[71,71,71,71,71,71,71,71,78,78,78,78,78,78,78,78,78,78,78,83,83,83,83,83,83,83,83,83,83,83,83,83,83,83,83,83,83,83,83,83,83,83,83,83,83,83,83,83,83,83,83,83,83,83,83,83],"card_choices":[{"not_picked":["Fusion","Tempest"],"picked":"Streamline","floor":1.0},{"not_picked":["Beam Cell","Auto Shields"],"picked":"Self Repair","floor":4.0},{"not_picked":["White Noise","Coolheaded","Streamline"],"picked":"SKIP","floor":5.0},{"not_picked":["Doom and Gloom","FTL"],"picked":"Undo","floor":7.0},{"not_picked":["Tempest","Streamline"],"picked":"Hologram","floor":8.0},{"not_picked":["Streamline","Rainbow","Machine Learning"],"picked":"SKIP","floor":10.0},{"not_picked":["Reprogram","Coolheaded"],"picked":"Compile Driver","floor":12.0},{"not_picked":["Hello World","Sunder"],"picked":"Ball Lightning","floor":13.0},{"not_picked":["Multi-Cast","Biased Cognition"],"picked":"Fission","floor":16.0},{"not_picked":["Sunder","Steam"],"picked":"Go for the Eyes","floor":18.0},{"not_picked":["Gash","Auto Shields","Steam"],"picked":"SKIP","floor":22.0},{"not_picked":["Hello World","Self Repair"],"picked":"Chaos+1","floor":24.0},{"not_picked":["Rainbow","Redo","Chaos"],"picked":"SKIP","floor":25.0},{"not_picked":["Barrage","Stack+1","Go for the Eyes"],"picked":"SKIP","floor":28.0},{"not_picked":["Cold Snap","Lockon+1","Scrape"],"picked":"SKIP","floor":30.0},{"not_picked":["Beam Cell","Hologram+1","Consume"],"picked":"SKIP","floor":31.0},{"not_picked":["Thunder Strike","Rainbow"],"picked":"Fission","floor":33.0},{"not_picked":["Aggregate","Leap","Gash"],"picked":"SKIP","floor":35.0},{"not_picked":["Cold Snap","Rebound"],"picked":"Conserve Battery+1","floor":36.0},{"not_picked":["Leap","Compile Driver"],"picked":"Defragment","floor":37.0},{"not_picked":["Compile Driver+1","Coolheaded","Turbo+1"],"picked":"SKIP","floor":42.0},{"not_picked":["FTL+1","Compile Driver+1"],"picked":"Loop","floor":44.0},{"not_picked":["Go for the Eyes","Turbo","Streamline"],"picked":"SKIP","floor":46.0},{"not_picked":["White Noise","Lockon+1"],"picked":"Seek","floor":47.0},{"not_picked":["Conserve Battery+1","Undo+1"],"picked":"Double Energy+1","floor":48.0},{"not_picked":["Steam","Streamline","Scrape+1"],"picked":"SKIP","floor":55}],"player_experience":871261,"relics_obtained":[{"floor":7.0,"key":"War Paint"},{"floor":9.0,"key":"Strawberry"},{"floor":10.0,"key":"Ornamental Fan"},{"floor":12.0,"key":"Turnip"},{"floor":25.0,"key":"Happy Flower"},{"floor":30.0,"key":"Pen Nib"},{"floor":36.0,"key":"Old Coin"},{"floor":43.0,"key":"Ancient Tea Set"},{"floor":44.0,"key":"Letter Opener"},{"floor":47.0,"key":"Gambling Chip"},{"floor":55,"key":"Vajra"}],"event_choices":[{"damage_healed":0.0,"max_hp_gain":0.0,"max_hp_loss":0.0,"gold_gain":0.0,"event_name":"Match and Keep!","player_choice":"3 cards matched","floor":2.0,"gold_loss":0.0,"damage_taken":0.0,"cards_obtained":["Buffer","Genetic Algorithm","Coolheaded"]},{"damage_healed":0.0,"max_hp_gain":0.0,"max_hp_loss":0.0,"gold_gain":50.0,"event_name":"Nest","player_choice":"Stole From Cult","floor":19.0,"gold_loss":0.0,"damage_taken":0.0},{"damage_healed":0.0,"max_hp_gain":5.0,"max_hp_loss":0.0,"gold_gain":0.0,"event_name":"Forgotten Altar","player_choice":"Shed Blood","floor":20.0,"gold_loss":0.0,"damage_taken":27.0},{"damage_healed":0.0,"max_hp_gain":0.0,"max_hp_loss":0.0,"gold_gain":0.0,"event_name":"MindBloom","player_choice":"Fight","floor":36.0,"gold_loss":0.0,"damage_taken":0.0},{"damage_healed":0.0,"max_hp_gain":0.0,"max_hp_loss":0.0,"gold_gain":0.0,"event_name":"Tomb of Lord Red Mask","player_choice":"Ignored","floor":38.0,"gold_loss":0.0,"damage_taken":0.0},{"damage_healed":0.0,"max_hp_gain":0.0,"max_hp_loss":0.0,"gold_gain":0.0,"event_name":"Upgrade Shrine","player_choice":"Upgraded","floor":39.0,"gold_loss":0.0,"damage_taken":0.0,"cards_upgraded":["Fission"]}],"is_beta":false,"boss_relics":[{"not_picked":["Fusion Hammer","Snecko Eye"],"picked":"Runic Pyramid"},{"not_picked":["Runic Dome","FrozenCore"],"picked":"Empty Cage"}],"items_purged_floors":[3,14,41,54],"is_endless":false,"potions_floor_spawned":[1,4,7,12,24,25,28,33,35,37,42,44,47,55],"ascension_level":20}