{"gold_per_floor":[10,10,10,26,42,42,61,61,112,142,142,174,174,174,174,174],"floor_reached":16,"playtime":325,"items_purged":[],"score":216,"play_id":"1bbc4321-fb4f-49f8-8630-782c12ae9915","local_time":"20190128103451","is_ascension_mode":true,"campfire_choices":[{"data":"Sweeping Beam","floor":6,"key":"SMITH"},{"floor":13,"key":"REST"},{"data":"Zap","floor":15,"key":"SMITH"}],"neow_cost":"NO_GOLD","seed_source_timestamp":1688323522563,"circlet_count":0,"master_deck":["AscendersBane","Strike_B","Strike_B","Strike_B","Defend_B","Defend_B","Defend_B","Zap+1","Dualcast","Cold Snap+1","Sweeping Beam+1","Leap","Turbo","Conserve Battery","Genetic Algorithm"],"relics":["Cracked Core","Art of War","Regal Pillow","Blue Candle","DataDisk","Question Card"],"potions_floor_usage":[10,12],"damage_taken":[{"damage":1,"enemies":"Cultist","floor":1,"turns":3},{"damage":9,"enemies":"Small Slimes","floor":4,"turns":4},{"damage":9,"enemies":"2 Louse","floor":5,"turns":3},{"damage":0,"enemies":"Large Slime","floor":7,"turns":4},{"damage":36,"enemies":"Gremlin Nob","floor":10,"turns":4},{"damage":21,"enemies":"3 Sentries","floor":12,"turns":7},{"damage":50,"enemies":"Hexaghost","floor":16,"turns":11}],"seed_played":"8544844436648760554","potions_obtained":[{"floor":4,"key":"SteroidPotion"},{"floor":10,"key":"Regen Potion"},{"floor":12,"key":"Explosive Potion"}],"is_trial":false,"path_per_floor":["M","?","$","M","M","R","M","?","T","E","?","E","R","T","R","B"],"character_chosen":"DEFECT","items_purchased":[],"campfire_rested":1,"item_purchase_floors":[],"current_hp_per_floor":[63,63,63,54,45,45,45,68,68,32,14,8,44,44,44,0],"gold":174,"neow_bonus":"REMOVE_TWO","is_prod":false,"is_daily":false,"chose_seed":false,"campfire_upgraded":2,"win_rate":0,"timestamp":1548639291,"path_taken":["M","?","?","M","M","R","M","?","T","E","?","E","R","?","R","BOSS"],"build_version":"2019-01-23","purchased_purges":0,"victory":false,"max_hp_per_floor":[71,71,71,71,71,71,71,71,71,71,71,71,71,71,71,71],"card_choices":[{"not_picked":["Conserve Battery","Beam Cell"],"picked":"Cold Snap","floor":1},{"not_picked":["Stack","Scrape"],"picked":"Sweeping Beam","floor":4},{"not_picked":["Reprogram","Coolheaded"],"picked":"Leap","floor":5},{"not_picked":["Reinforced Body","Force Field"],"picked":"Turbo","floor":7},{"not_picked":["Blizzard","Force Field"],"picked":"Conserve Battery","floor":10},{"not_picked":["Hologram","Force Field"],"picked":"Genetic Algorithm","floor":12}],"player_experience":997402,"relics_obtained":[{"floor":9,"key":"Art of War"},{"floor":10,"key":"Regal Pillow"},{"floor":12,"key":"DataDisk"},{"floor":14,"key":"Question Card"}],"event_choices":[{"damage_healed":0,"gold_gain":0,"player_choice":"Forge","damage_taken":0,"max_hp_gain":0,"max_hp_loss":0,"event_name":"Accursed Blacksmith","floor":2,"gold_loss":0,"cards_upgraded":["Cold Snap"]},{"damage_healed":23,"gold_gain":0,"player_choice":"Banana","damage_taken":0,"max_hp_gain":0,"max_hp_loss":0,"event_name":"Big Fish","floor":8,"gold_loss":0},{"damage_healed":0,"gold_gain":0,"player_choice":"Success","damage_taken":18,"relics_obtained":["Blue Candle"],"max_hp_gain":0,"max_hp_loss":0,"event_name":"Scrap Ooze","floor":11,"gold_loss":0}],"is_beta":false,"boss_relics":[],"items_purged_floors":[],"is_endless":false,"potions_floor_spawned":[4,10,12],"killed_by":"Hexaghost","ascension_level":20}