{"gold_per_floor":[115,65,82,257,271,271,346,366,393,405,425,435,435,448,448,553,553,566,566,580,580,580],"floor_reached":22,"playtime":1323,"items_purged":[],"score":180,"play_id":"d18033fa-138e-46ca-9ed3-0cb3b332f4d7","local_time":"20181018225726","is_ascension_mode":false,"campfire_choices":[{"data":"Demon Form","floor":6,"key":"SMITH"},{"data":"Armaments","floor":13,"key":"SMITH"},{"data":"Bash","floor":15,"key":"SMITH"}],"neow_cost":"TEN_PERCENT_HP_LOSS","seed_source_timestamp":623477426709902,"circlet_count":0,"master_deck":["Strike_R","Strike_R","Strike_R","Strike_R","Strike_R","Defend_R","Defend_R","Defend_R","Bash+1","Demon Form+1","Perfected Strike","Doubt","Thunderclap","Flex","Thunderclap","Armaments+1","Cleave","Flex","Demon Form","Thunderclap","Writhe","Iron Wave+1"],"relics":["Burning Blood","Anchor","Velvet Choker","Art of War"],"potions_floor_usage":[8,8,12,16],"damage_taken":[{"damage":11,"enemies":"Small Slimes","floor":1,"turns":4},{"damage":10,"enemies":"2 Louse","floor":3,"turns":5},{"damage":1,"enemies":"Cultist","floor":5,"turns":3},{"damage":26,"enemies":"Exordium Wildlife","floor":8,"turns":5},{"damage":0,"enemies":"3 Louse","floor":10,"turns":3},{"damage":9,"enemies":"2 Fungi Beasts","floor":11,"turns":4},{"damage":0,"enemies":"Red Slaver","floor":12,"turns":3},{"damage":0,"enemies":"Exordium Wildlife","floor":14,"turns":3},{"damage":32,"enemies":"The Guardian","floor":16,"turns":7},{"damage":29,"enemies":"Spheric Guardian","floor":18,"turns":5},{"damage":45,"enemies":"Shell Parasite","floor":20,"turns":6},{"damage":30,"enemies":"Sentry and Sphere","floor":22,"turns":4}],"seed_played":"-3315262267755476510","potions_obtained":[{"floor":3,"key":"Regen Potion"},{"floor":5,"key":"BloodPotion"},{"floor":8,"key":"PowerPotion"},{"floor":11,"key":"EssenceOfSteel"}],"is_trial":false,"path_per_floor":["M","?","M","?","M","R","?","M","T","M","M","M","R","M","R","B",null,"M","?","M","?"],"character_chosen":"IRONCLAD","items_purchased":[],"campfire_rested":0,"item_purchase_floors":[],"current_hp_per_floor":[67,67,63,63,68,68,61,53,53,59,56,62,62,68,68,42,72,49,49,10,34,4],"gold":580,"neow_bonus":"THREE_RARE_CARDS","is_prod":false,"is_daily":false,"chose_seed":false,"campfire_upgraded":3,"win_rate":0.0,"timestamp":1539856646,"path_taken":["M","?","M","?","M","R","?","M","T","M","M","M","R","M","R","BOSS","M","?","M","?","M"],"build_version":"2018-10-11","purchased_purges":0,"victory":false,"max_hp_per_floor":[72,72,72,72,72,72,72,72,72,72,72,72,72,72,72,72,72,72,72,72,72,72],"card_choices":[{"not_picked":["Limit Break","Offering"],"picked":"Demon Form","floor":0},{"not_picked":["Body Slam","Warcry","Feel No Pain"],"picked":"SKIP","floor":1},{"not_picked":["Combust","Pommel Strike"],"picked":"Perfected Strike","floor":3},{"not_picked":["Shrug It Off","Iron Wave"],"picked":"Thunderclap","floor":5},{"not_picked":["Wild Strike","Warcry"],"picked":"Flex","floor":8},{"not_picked":["Fire Breathing","Blood for Blood"],"picked":"Thunderclap","floor":10},{"not_picked":["Heavy Blade","True Grit"],"picked":"Armaments","floor":11},{"not_picked":["Sentinel","Power Through"],"picked":"Cleave","floor":12},{"not_picked":["Fire Breathing","Rupture"],"picked":"Flex","floor":14},{"not_picked":["Immolate","Fiend Fire"],"picked":"Demon Form","floor":16},{"not_picked":["Cleave","Clothesline"],"picked":"Thunderclap","floor":18},{"not_picked":["Clash","True Grit+1"],"picked":"Iron Wave+1","floor":20}],"player_experience":108492,"relics_obtained":[{"floor":9,"key":"Anchor"}],"event_choices":[{"event_name":"The Cleric","player_choice":"Card Removal","floor":2,"damage_taken":0},{"event_name":"Liars Game","player_choice":"agreed","floor":4,"damage_taken":0},{"event_name":"FaceTrader","player_choice":"Touch","floor":7,"damage_taken":0},{"event_name":"The Mausoleum","player_choice":"Yes","floor":19,"damage_taken":0},{"event_name":"The Library","player_choice":"Heal","floor":21,"damage_taken":0}],"is_beta":false,"boss_relics":[{"not_picked":["Snecko Eye","Runic Pyramid"],"picked":"Velvet Choker"}],"items_purged_floors":[],"is_endless":false,"potions_floor_spawned":[3,5,8,11],"killed_by":"Sentry and Sphere","ascension_level":0}