{"gold_per_floor":[115,115,131,152,227,227,248,288,288,438,438,454,454],"floor_reached":13,"playtime":314,"items_purged":[],"score":166,"play_id":"5bd37f2b-bf84-4a94-a592-bd5f96ce66df","local_time":"20181219030842","is_ascension_mode":true,"campfire_choices":[{"data":"Zap","floor":6,"key":"SMITH"},{"data":"Redo","floor":11,"key":"SMITH"}],"neow_cost":"NONE","seed_source_timestamp":583110450549500,"circlet_count":0,"master_deck":["AscendersBane","Strike_B","Strike_B","Strike_B","Strike_B","Defend_B","Defend_B","Defend_B","Defend_B","Zap+1","Dualcast","Redo+1","Cold Snap","Cold Snap","Conserve Battery","Undo","Doubt","Glacier"],"relics":["Cracked Core","Golden Idol","Lantern","The Courier"],"potions_floor_usage":[8,12],"damage_taken":[{"damage":2,"enemies":"Jaw Worm","floor":1,"turns":4},{"damage":0,"enemies":"2 Louse","floor":3,"turns":3},{"damage":0,"enemies":"Cultist","floor":4,"turns":3},{"damage":11,"enemies":"Lots of Slimes","floor":7,"turns":5},{"damage":1,"enemies":"3 Sentries","floor":8,"turns":13},{"damage":0,"enemies":"2 Fungi Beasts","floor":12,"turns":3},{"damage":32,"enemies":"Gremlin Nob","floor":13,"turns":4}],"seed_played":"1697120757791145857","potions_obtained":[{"floor":3,"key":"SkillPotion"},{"floor":8,"key":"Swift Potion"},{"floor":12,"key":"SpeedPotion"}],"is_trial":false,"path_per_floor":["M","?","M","M","?","R","M","E","T","?","R","M","E"],"character_chosen":"DEFECT","items_purchased":[],"campfire_rested":0,"item_purchase_floors":[],"current_hp_per_floor":[69,42,42,42,31,31,20,19,19,19,19,19,0],"gold":454,"neow_bonus":"TEN_PERCENT_HP_BONUS","is_prod":false,"is_daily":false,"chose_seed":false,"campfire_upgraded":2,"win_rate":0,"timestamp":1545156522,"path_taken":["M","?","M","M","?","R","M","E","T","?","R","M","E"],"build_version":"2018-12-13","purchased_purges":0,"victory":false,"max_hp_per_floor":[78,78,78,78,78,78,78,78,78,78,78,78,78],"card_choices":[{"not_picked":["Barrage","Cold Snap"],"picked":"Redo","floor":1},{"not_picked":["Skim","Capacitor"],"picked":"Cold Snap","floor":3},{"not_picked":["Steam","Gash"],"picked":"Cold Snap","floor":4},{"not_picked":["Turbo","Cold Snap"],"picked":"Conserve Battery","floor":7},{"not_picked":["Lockon","Genetic Algorithm"],"picked":"Undo","floor":8},{"not_picked":["Gash","Cold Snap"],"picked":"Glacier","floor":12}],"player_experience":996271,"relics_obtained":[{"floor":8,"key":"Lantern"},{"floor":9,"key":"The Courier"}],"event_choices":[{"damage_healed":0,"gold_gain":0,"player_choice":"Take Damage","damage_taken":27,"relics_obtained":["Golden Idol"],"max_hp_gain":0,"max_hp_loss":0,"event_name":"Golden Idol","floor":2,"gold_loss":0},{"damage_healed":0,"gold_gain":75,"player_choice":"Gather Gold","damage_taken":11,"max_hp_gain":0,"max_hp_loss":0,"event_name":"World of Goop","floor":5,"gold_loss":0},{"damage_healed":0,"gold_gain":150,"player_choice":"AGREE","damage_taken":0,"max_hp_gain":0,"max_hp_loss":0,"event_name":"Liars Game","floor":10,"gold_loss":0,"cards_obtained":["Doubt"]}],"is_beta":false,"boss_relics":[],"items_purged_floors":[],"is_endless":false,"potions_floor_spawned":[3,8,12],"killed_by":"Gremlin Nob","ascension_level":19}