{"gold_per_floor":[111,286,105,124,134,161,161,179,228,205,205,221,221,233,233,336,336,348,447,182,199,213,213,226,226],"floor_reached":25,"playtime":1279,"items_purged":[],"score":205,"play_id":"f626a1b4-f1d7-4fc6-a42c-93d465e4e239","local_time":"20181114024720","is_ascension_mode":false,"campfire_choices":[{"floor":7,"key":"REST"},{"floor":13,"key":"REST"},{"floor":15,"key":"REST"},{"data":"Whirlwind","floor":23,"key":"SMITH"}],"neow_cost":"PERCENT_DAMAGE","seed_source_timestamp":372185687913336,"circlet_count":0,"master_deck":["Strike_R","Strike_R","Strike_R","Strike_R","Strike_R+1","Defend_R","Defend_R","Defend_R","Defend_R","Bash+1","Thunderclap+1","Doubt","Dropkick","Double Tap","Pommel Strike","Sword Boomerang+1","Anger","Pummel","Shrug It Off","Flex","Whirlwind+1","Double Tap","Warcry","Pommel Strike+1","Entrench+1","Seeing Red"],"relics":["Burning Blood","Ice Cream","Darkstone Periapt","Whetstone","Runic Dome","Molten Egg 2"],"potions_floor_usage":[6,21,21,22,25],"damage_taken":[{"damage":6,"enemies":"2 Louse","floor":1,"turns":3},{"damage":10,"enemies":"Jaw Worm","floor":4,"turns":4},{"damage":10,"enemies":"Small Slimes","floor":5,"turns":4},{"damage":36,"enemies":"Lagavulin","floor":6,"turns":4},{"damage":10,"enemies":"Looter","floor":8,"turns":2},{"damage":14,"enemies":"Blue Slaver","floor":12,"turns":3},{"damage":8,"enemies":"Lots of Slimes","floor":14,"turns":3},{"damage":23,"enemies":"Slime Boss","floor":16,"turns":9},{"damage":22,"enemies":"Shell Parasite","floor":18,"turns":3},{"damage":10,"enemies":"Spheric Guardian","floor":21,"turns":3},{"damage":18,"enemies":"Cultist and Chosen","floor":22,"turns":6},{"damage":42,"enemies":"Snake Plant","floor":24,"turns":4},{"damage":16,"enemies":"3 Cultists","floor":25,"turns":3}],"seed_played":"7984535154800983823","potions_obtained":[{"floor":1,"key":"Energy Potion"},{"floor":8,"key":"Poison Potion"},{"floor":12,"key":"Fire Potion"},{"floor":16,"key":"Explosive Potion"},{"floor":18,"key":"Fire Potion"},{"floor":24,"key":"PowerPotion"}],"is_trial":false,"path_per_floor":["M","?","$","M","M","E","R","M","T","$","?","M","R","M","R","B",null,"M","?","$","M","M","R","M","M"],"character_chosen":"IRONCLAD","items_purchased":["Dropkick","Double Tap","Shrug It Off","Molten Egg 2","Pommel Strike+1"],"campfire_rested":3,"item_purchase_floors":[3,3,10,20,20],"current_hp_per_floor":[56,56,56,52,48,18,42,38,38,38,22,14,38,36,60,43,80,64,64,64,60,48,48,12,0],"gold":226,"neow_bonus":"ONE_RARE_RELIC","is_prod":false,"is_daily":false,"chose_seed":false,"campfire_upgraded":1,"win_rate":0,"timestamp":1542131240,"path_taken":["M","?","$","M","M","E","R","M","T","$","?","M","R","M","R","BOSS","M","?","$","M","M","R","M","M"],"build_version":"2018-11-08","purchased_purges":0,"victory":false,"max_hp_per_floor":[80,80,80,80,80,80,80,80,80,80,80,80,80,80,80,80,80,80,80,80,80,80,80,80,80],"card_choices":[{"not_picked":["Intimidate","Perfected Strike"],"picked":"Thunderclap","floor":1},{"not_picked":["Clothesline","Dual Wield"],"picked":"Pommel Strike","floor":4},{"not_picked":["Combust","Clothesline"],"picked":"Sword Boomerang","floor":5},{"not_picked":["Sword Boomerang","Flame Barrier"],"picked":"Anger","floor":6},{"not_picked":["Infernal Blade","Sword Boomerang"],"picked":"Pummel","floor":8},{"not_picked":["Headbutt","Rage"],"picked":"Flex","floor":12},{"not_picked":["Headbutt","Rampage"],"picked":"Whirlwind","floor":14},{"not_picked":["Feed","Brutality"],"picked":"Double Tap","floor":16},{"not_picked":["Pommel Strike","Infernal Blade"],"picked":"Warcry","floor":18},{"not_picked":["Flame Barrier","Reckless Charge+1"],"picked":"Entrench+1","floor":21},{"not_picked":["Twin Strike+1","Dropkick+1","Heavy Blade+1"],"picked":"SKIP","floor":22},{"not_picked":["Evolve+1","Sentinel"],"picked":"Seeing Red","floor":24}],"player_experience":49568,"relics_obtained":[{"floor":6,"key":"Darkstone Periapt"},{"floor":9,"key":"Whetstone"}],"event_choices":[{"damage_healed":0,"gold_gain":175,"player_choice":"AGREE","damage_taken":0,"max_hp_gain":0,"max_hp_loss":0,"event_name":"Liars Game","floor":2,"gold_loss":0,"cards_obtained":["Doubt"]},{"damage_healed":0,"gold_gain":0,"player_choice":"Entered Light","damage_taken":16,"max_hp_gain":0,"max_hp_loss":0,"event_name":"Shining Light","floor":11,"gold_loss":0,"cards_upgraded":["Bash","Strike_R"]},{"damage_healed":0,"gold_gain":99,"player_choice":"Stole From Cult","damage_taken":0,"max_hp_gain":0,"max_hp_loss":0,"event_name":"Nest","floor":19,"gold_loss":0}],"is_beta":false,"boss_relics":[{"not_picked":["Velvet Choker","White Beast Statue"],"picked":"Runic Dome"}],"items_purged_floors":[],"is_endless":false,"potions_floor_spawned":[1,8,12,16,18,24],"killed_by":"3 Cultists","ascension_level":0}