{"gold_per_floor":[112,122,135,147,160,160,186,201,201,7,40,100,41,52,52,128,128,140,140,140,65,65,65,65],"floor_reached":24,"playtime":1061,"items_purged":["Twin Strike"],"score":412,"play_id":"99a3778c-479c-40d2-9e48-0df1b3e38d3c","local_time":"20181228213921","is_ascension_mode":true,"campfire_choices":[{"data":"Armaments","floor":6.0,"key":"SMITH"},{"data":"True Grit","floor":15.0,"key":"SMITH"},{"data":"Battle Trance","floor":23.0,"key":"SMITH"}],"neow_cost":"NONE","seed_source_timestamp":40427299432154,"circlet_count":0,"master_deck":["AscendersBane","Bash","Armaments+1","Spot Weakness","Fiend Fire","Battle Trance+1","Ghostly Armor","Body Slam","Master of Strategy","Impervious","Heavy Blade","Shrug It Off","True Grit+1","Limit Break","Dual Wield","Pummel","Ghostly Armor","Dark Embrace","Sword Boomerang","Demon Form","Corruption","Reaper"],"special_seed":0,"relics":["Burning Blood","Bottled Lightning","Paper Frog","Ornamental Fan","Sundial","Pandora\u0027s Box"],"potions_floor_usage":[24],"damage_taken":[{"damage":1.0,"enemies":"Cultist","floor":1.0,"turns":4.0},{"damage":7.0,"enemies":"Jaw Worm","floor":2.0,"turns":3.0},{"damage":10.0,"enemies":"Small Slimes","floor":3.0,"turns":4.0},{"damage":6.0,"enemies":"Looter","floor":4.0,"turns":3.0},{"damage":16.0,"enemies":"Blue Slaver","floor":5.0,"turns":3.0},{"damage":8.0,"enemies":"Gremlin Nob","floor":7.0,"turns":3.0},{"damage":5.0,"enemies":"Red Slaver","floor":8.0,"turns":3.0},{"damage":20.0,"enemies":"3 Sentries","floor":11.0,"turns":4.0},{"damage":10.0,"enemies":"3 Sentries","floor":12.0,"turns":6.0},{"damage":0.0,"enemies":"Looter","floor":14.0,"turns":1.0},{"damage":47.0,"enemies":"Hexaghost","floor":16.0,"turns":11.0},{"damage":17.0,"enemies":"Shell Parasite","floor":18.0,"turns":7.0},{"damage":58,"enemies":"Slavers","floor":24,"turns":5}],"seed_played":"7669140209309276840","potions_obtained":[{"floor":3.0,"key":"GamblersBrew"},{"floor":7.0,"key":"Regen Potion"},{"floor":12.0,"key":"LiquidBronze"},{"floor":16.0,"key":"Poison Potion"},{"floor":18.0,"key":"Ancient Potion"}],"is_trial":false,"path_per_floor":["M","M","M","M","M","R","E","M","T","$","E","?","$","M","R","B",null,"M","?","?","$","?","R","E"],"character_chosen":"IRONCLAD","items_purchased":["Master of Strategy","Shrug It Off"],"campfire_rested":0,"item_purchase_floors":[10,13],"current_hp_per_floor":[80,79,75,75,65,65,63,64,64,64,62,58,58,64,64,23,67,56,56,56,56,56,56,10],"gold":65,"neow_bonus":"TEN_PERCENT_HP_BONUS","is_prod":false,"is_daily":false,"chose_seed":false,"campfire_upgraded":3,"win_rate":0,"timestamp":1546000761,"path_taken":["M","M","?","M","M","R","E","M","T","$","E","?","?","M","R","BOSS","M","?","?","$","?","R","E"],"build_version":"2018-12-20","purchased_purges":1,"victory":false,"max_hp_per_floor":[82,82,82,82,82,82,82,82,82,82,82,82,82,82,82,82,82,82,82,82,82,82,82,82],"card_choices":[{"not_picked":["Warcry","Fire Breathing"],"picked":"Twin Strike","floor":1.0},{"not_picked":["Anger","Havoc"],"picked":"Armaments","floor":2.0},{"not_picked":["Iron Wave","Clash"],"picked":"Spot Weakness","floor":3.0},{"not_picked":["Havoc","Entrench"],"picked":"Fiend Fire","floor":4.0},{"not_picked":["Pommel Strike","Clash"],"picked":"Battle Trance","floor":5.0},{"not_picked":["Intimidate","Clash"],"picked":"Ghostly Armor","floor":7.0},{"not_picked":["Wild Strike","Clash"],"picked":"Body Slam","floor":8.0},{"not_picked":["Battle Trance","Rage"],"picked":"Impervious","floor":11.0},{"not_picked":["Havoc","Clash"],"picked":"Heavy Blade","floor":12.0},{"not_picked":["Metallicize","Clothesline"],"picked":"True Grit","floor":14.0},{"not_picked":["Dark Embrace","Berserk"],"picked":"Limit Break","floor":16.0},{"not_picked":["Perfected Strike","Anger","Body Slam"],"picked":"SKIP","floor":18.0}],"player_experience":880966,"relics_obtained":[{"floor":7.0,"key":"Bottled Lightning"},{"floor":9.0,"key":"Paper Frog"},{"floor":11.0,"key":"Ornamental Fan"},{"floor":12.0,"key":"Sundial"}],"event_choices":[{"damage_healed":0.0,"max_hp_gain":0.0,"max_hp_loss":0.0,"gold_gain":0.0,"event_name":"Dead Adventurer","player_choice":"Searched \u00271\u0027 times","floor":12.0,"gold_loss":0.0,"damage_taken":0.0},{"damage_healed":0.0,"max_hp_gain":0.0,"max_hp_loss":0.0,"gold_gain":0.0,"cards_transformed":["Hemokinesis","Hemokinesis"],"event_name":"Drug Dealer","player_choice":"Became Test Subject","floor":19.0,"gold_loss":0.0,"damage_taken":0.0,"cards_obtained":["Fire Breathing","Reaper"]},{"cards_removed":["Fire Breathing"],"damage_healed":0.0,"max_hp_gain":0.0,"max_hp_loss":0.0,"gold_gain":0.0,"event_name":"Back to Basics","player_choice":"Elegance","floor":20.0,"gold_loss":0.0,"damage_taken":0.0},{"damage_healed":0.0,"max_hp_gain":0.0,"max_hp_loss":0.0,"gold_gain":0.0,"event_name":"Vampires","player_choice":"Ignored","floor":22.0,"gold_loss":0.0,"damage_taken":0.0}],"is_beta":false,"boss_relics":[{"not_picked":["Tiny House","Fusion Hammer"],"picked":"Pandora\u0027s Box"}],"items_purged_floors":[21],"is_endless":false,"potions_floor_spawned":[3,7,12,16,18],"killed_by":"Slavers","ascension_level":20}