{"gold_per_floor":[119,119,119,119,137,137,5,5,5,5,22,52,72,47,47,47],"floor_reached":16,"playtime":252,"items_purged":["Defend_B"],"score":191,"play_id":"bbc4f4d1-f097-4142-bbb7-822aaa3cfe2e","local_time":"20190112083423","is_ascension_mode":true,"campfire_choices":[{"data":"Streamline","floor":6,"key":"SMITH"},{"data":"Conserve Battery","floor":8,"key":"SMITH"},{"floor":10,"key":"REST"},{"data":"Steam","floor":15,"key":"SMITH"}],"neow_cost":"NONE","seed_source_timestamp":109534125390000,"circlet_count":0,"master_deck":["AscendersBane","Strike_B","Strike_B","Strike_B","Defend_B","Defend_B","Defend_B","Zap+1","Dualcast","Streamline+1","Conserve Battery+1","Ball Lightning","Auto Shields","FTL","Steam+1"],"relics":["Cracked Core","Gremlin Horn","Juzu Bracelet","Ornamental Fan"],"potions_floor_usage":[12],"damage_taken":[{"damage":12,"enemies":"Jaw Worm","floor":1,"turns":4},{"damage":2,"enemies":"2 Louse","floor":5,"turns":2},{"damage":0,"enemies":"Small Slimes","floor":11,"turns":2},{"damage":20,"enemies":"Gremlin Nob","floor":12,"turns":4},{"damage":3,"enemies":"Blue Slaver","floor":13,"turns":3},{"damage":14,"enemies":"Hexaghost","floor":16,"turns":7}],"seed_played":"5983266716793989856","potions_obtained":[{"floor":1,"key":"Ancient Potion"},{"floor":13,"key":"Ancient Potion"}],"is_trial":false,"path_per_floor":["M","?","?","?","M","R","$","R","T","R","M","E","M","$","R","B"],"character_chosen":"DEFECT","items_purchased":["Conserve Battery","Steam"],"campfire_rested":1,"item_purchase_floors":[7,14],"current_hp_per_floor":[52,17,17,17,15,15,15,15,15,36,36,16,13,13,13,0],"gold":47,"neow_bonus":"REMOVE_CARD","is_prod":false,"is_daily":false,"chose_seed":false,"campfire_upgraded":3,"win_rate":0,"timestamp":1547249663,"path_taken":["M","?","?","?","M","R","$","R","T","R","M","E","M","?","R","BOSS"],"build_version":"2019-01-10","purchased_purges":1,"victory":false,"max_hp_per_floor":[71,71,71,71,71,71,71,71,71,71,71,71,71,71,71,71],"card_choices":[{"not_picked":["Chaos","Blizzard","Go for the Eyes"],"picked":"SKIP","floor":1},{"not_picked":["Double Energy","Turbo"],"picked":"Streamline","floor":5},{"not_picked":["Multi-Cast","Doom and Gloom"],"picked":"Ball Lightning","floor":11},{"not_picked":["Rebound","Gash"],"picked":"Auto Shields","floor":12},{"not_picked":["Hello World","Ball Lightning"],"picked":"FTL","floor":13}],"player_experience":1034166,"relics_obtained":[{"floor":9,"key":"Juzu Bracelet"},{"floor":12,"key":"Ornamental Fan"}],"event_choices":[{"damage_healed":0,"gold_gain":0,"player_choice":"Success","damage_taken":35,"relics_obtained":["Gremlin Horn"],"max_hp_gain":0,"max_hp_loss":0,"event_name":"Scrap Ooze","floor":2,"gold_loss":0},{"damage_healed":0,"gold_gain":0,"player_choice":"Ignored","damage_taken":0,"max_hp_gain":0,"max_hp_loss":0,"event_name":"Liars Game","floor":3,"gold_loss":0},{"damage_healed":0,"gold_gain":0,"player_choice":"Grow","damage_taken":0,"max_hp_gain":0,"max_hp_loss":0,"event_name":"Living Wall","floor":4,"gold_loss":0,"cards_upgraded":["Zap"]}],"is_beta":false,"boss_relics":[],"items_purged_floors":[7],"is_endless":false,"potions_floor_spawned":[1,13],"killed_by":"Hexaghost","ascension_level":19}