{"gold_per_floor":[137,137,137,137,179,179,179,262,262,262,62,145,187,270,270,545,545,587,587,641,752,23,106,148,231,256,298,381,381,31,73,73,348,348,390,1389,914,956,547,547,589,589,664,747,789,831,1164,1239,1239,1239],"floor_reached":51,"playtime":3549,"items_purged":["Strike_R","Strike_R","Strike_R","Normality","Normality"],"score":956,"play_id":"429f5320-f6f8-46b4-980c-abb8b567c355","local_time":"20181009161746","daily_mods":["Heirloom","Blue Cards","MonsterHunter"],"is_ascension_mode":false,"campfire_choices":[{"data":"True Grit","floor":6.0,"key":"SMITH"},{"data":"Whirlwind","floor":10.0,"key":"SMITH"},{"data":"Hologram","floor":15.0,"key":"SMITH"},{"data":"Apotheosis","floor":32,"key":"SMITH"},{"data":"Creative AI","floor":40,"key":"SMITH"},{"data":"Limit Break","floor":42,"key":"SMITH"},{"data":"True Grit","floor":49,"key":"SMITH"}],"neow_cost":"","seed_source_timestamp":0,"circlet_count":0,"master_deck":["Strike_R","Strike_R+1","Defend_R","Defend_R","Defend_R+1","Defend_R","Bash+1","Metallicize","True Grit+1","Whirlwind+1","Ball Lightning","Inflame","Hologram+1","Barricade","Rebound+1","Flame Barrier","Apotheosis+1","Limit Break+1","Glacier","Doubt","Core Surge","Stack","True Grit+1","Creative AI+1","Cold Snap+1","Leap","Capacitor","Iron Wave","Normality","Capacitor","Pommel Strike+1"],"special_seed":17813,"relics":["Burning Blood","Thread and Needle","Smiling Mask","Orichalcum","Vajra","Ornamental Fan","Mummified Hand","Cursed Key","MawBank","Oddly Smooth Stone","Medical Kit","StoneCalendar","Bottled Flame","Blood Vial","Pear","Mango","Busted Crown","Membership Card","Red Skull","Sundial","Bronze Scales","Boot","MealTicket","Paper Frog","Gremlin Horn","Ancient Tea Set"],"potions_floor_usage":[16,18,28,35,38,44,44],"damage_taken":[{"damage":1.0,"enemies":"Small Slimes","floor":1.0,"turns":8.0},{"damage":3.0,"enemies":"Jaw Worm","floor":5.0,"turns":4.0},{"damage":16.0,"enemies":"3 Sentries","floor":8.0,"turns":18.0},{"damage":15.0,"enemies":"Lagavulin","floor":12.0,"turns":8.0},{"damage":0.0,"enemies":"2 Louse","floor":13.0,"turns":1.0},{"damage":5.0,"enemies":"3 Sentries","floor":14.0,"turns":7.0},{"damage":18,"enemies":"Slime Boss","floor":16,"turns":11},{"damage":2,"enemies":"Chosen","floor":18,"turns":6},{"damage":0,"enemies":"3 Byrds","floor":20,"turns":5},{"damage":22,"enemies":"Slavers","floor":23,"turns":6},{"damage":0,"enemies":"Snecko","floor":24,"turns":6},{"damage":8,"enemies":"Gremlin Leader","floor":25,"turns":8},{"damage":2,"enemies":"Cultist and Chosen","floor":27,"turns":7},{"damage":9,"enemies":"Book of Stabbing","floor":28,"turns":8},{"damage":19,"enemies":"3 Cultists","floor":31,"turns":6},{"damage":30,"enemies":"Automaton","floor":33,"turns":20},{"damage":24,"enemies":"3 Darklings","floor":35,"turns":6},{"damage":0,"enemies":"3 Shapes","floor":38,"turns":8},{"damage":0,"enemies":"Reptomancer","floor":41,"turns":7},{"damage":57,"enemies":"2 Orb Walkers","floor":44,"turns":8},{"damage":11,"enemies":"Spire Growth","floor":45,"turns":8},{"damage":0,"enemies":"Maw","floor":46,"turns":8},{"damage":0,"enemies":"Giant Head","floor":48,"turns":10},{"damage":28,"enemies":"Donu and Deca","floor":50,"turns":13}],"seed_played":"974947357107287634","potions_obtained":[{"floor":1.0,"key":"Ancient Potion"},{"floor":5.0,"key":"BloodPotion"},{"floor":13.0,"key":"GamblersBrew"},{"floor":14.0,"key":"FairyPotion"},{"floor":24,"key":"GamblersBrew"},{"floor":25,"key":"FairyPotion"},{"floor":33,"key":"Swift Potion"},{"floor":48,"key":"Weak Potion"}],"is_trial":false,"path_per_floor":["M","?","?","?","M","R","?","E","T","R","$","E","M","E","R","B",null,"M","?","M","?","$","E","M","E","T","M","E","?","$","M","R","B",null,"M","?","$","M","$","R","M","R","T","E","M","M","?","E","R","B"],"character_chosen":"IRONCLAD","items_purchased":["Vajra","Oddly Smooth Stone","Medical Kit","Apotheosis","Limit Break","Mango","Membership Card","Red Skull","Sundial","Fire Potion","Bronze Scales","Boot","MealTicket","Capacitor","Iron Wave","Dexterity Potion","Swift Potion"],"campfire_rested":0,"item_purchase_floors":[11,22,22,22,22,30,37,37,37,37,39,39,39,39,39,39,39],"current_hp_per_floor":[80,64,44,44,47,47,52,50,50,50,50,41,47,48,48,36,85,85,85,85,85,85,69,75,73,73,79,88,69,83,72,72,50,114,96,96,96,104,104,104,112,112,112,63,60,68,68,76,76,56],"gold":1239,"neow_bonus":"","is_prod":false,"is_daily":true,"chose_seed":false,"campfire_upgraded":7,"win_rate":0,"timestamp":1539094666,"path_taken":["M","?","?","?","M","R","?","E","T","R","$","E","M","E","R","BOSS","M","?","M","?","$","E","M","E","T","M","E","?","$","M","R","BOSS","M","?","$","M","$","R","M","R","T","E","M","M","?","E","R","BOSS"],"build_version":"2018-10-04v2","purchased_purges":5,"victory":true,"max_hp_per_floor":[80,80,80,80,80,80,85,85,85,85,85,85,85,85,85,85,85,85,85,85,85,85,85,85,85,85,85,95,100,114,114,114,114,114,114,114,114,114,114,114,114,114,114,114,114,114,114,114,114,114],"card_choices":[{"not_picked":["Rip and Tear","Pommel Strike"],"picked":"Metallicize","floor":1.0},{"not_picked":["Perfected Strike","Sweeping Beam"],"picked":"True Grit","floor":5.0},{"not_picked":["Coolheaded","Force Field"],"picked":"Whirlwind","floor":8.0},{"not_picked":["Multi-Cast","Storm"],"picked":"Ball Lightning","floor":12.0},{"not_picked":["Thunderclap","Static Discharge"],"picked":"Inflame","floor":13.0},{"not_picked":["Beam Cell","Warcry"],"picked":"Hologram","floor":14.0},{"not_picked":["Limit Break","Feed"],"picked":"Barricade","floor":16},{"not_picked":["Force Field+1","Doom and Gloom+1"],"picked":"Rebound+1","floor":18},{"not_picked":["Streamline+1","Cleave"],"picked":"Flame Barrier","floor":20},{"not_picked":["Immolate","Barrage"],"picked":"Glacier","floor":23},{"not_picked":["Streamline","Clash","Doom and Gloom+1"],"picked":"SKIP","floor":24},{"not_picked":["Doom and Gloom","Turbo","Consume"],"picked":"SKIP","floor":25},{"not_picked":["Shrug It Off","Havoc"],"picked":"Core Surge","floor":27},{"not_picked":["Sever Soul","Hemokinesis"],"picked":"Stack","floor":28},{"not_picked":["Intimidate","Cleave"],"picked":"True Grit","floor":31},{"not_picked":["Brutality","Fiend Fire"],"picked":"Creative AI","floor":33},{"not_picked":[],"picked":"Cold Snap+1","floor":35},{"not_picked":[],"picked":"Leap","floor":38},{"not_picked":["Sentinel"],"picked":"SKIP","floor":41},{"not_picked":["Barricade"],"picked":"SKIP","floor":44},{"not_picked":["Cold Snap"],"picked":"SKIP","floor":45},{"not_picked":[],"picked":"Capacitor","floor":46},{"not_picked":[],"picked":"Pommel Strike+1","floor":48}],"player_experience":1391941,"relics_obtained":[{"floor":8.0,"key":"Smiling Mask"},{"floor":9.0,"key":"Orichalcum"},{"floor":12.0,"key":"Ornamental Fan"},{"floor":14.0,"key":"Mummified Hand"},{"floor":23,"key":"StoneCalendar"},{"floor":25,"key":"Bottled Flame"},{"floor":26,"key":"Blood Vial"},{"floor":28,"key":"Pear"},{"floor":43,"key":"Paper Frog"},{"floor":44,"key":"Gremlin Horn"},{"floor":48,"key":"Ancient Tea Set"}],"event_choices":[{"event_name":"Shining Light","player_choice":"Entered Light","floor":2.0,"damage_taken":0.0},{"event_name":"Golden Idol","player_choice":"Take Damage","floor":3.0,"damage_taken":0.0},{"event_name":"Upgrade Shrine","player_choice":"Upgraded","floor":4.0,"damage_taken":0.0},{"event_name":"Big Fish","player_choice":"Donut","floor":7.0,"damage_taken":0.0},{"event_name":"The Mausoleum","player_choice":"Yes","floor":19,"damage_taken":0},{"event_name":"Nest","player_choice":"Stole From Cult","floor":21,"damage_taken":0},{"event_name":"Forgotten Altar","player_choice":"Shed Blood","floor":29,"damage_taken":0},{"event_name":"MindBloom","player_choice":"Gold","floor":36,"damage_taken":0},{"event_name":"The Moai Head","player_choice":"Gave Idol","floor":47,"damage_taken":0}],"is_beta":false,"boss_relics":[{"not_picked":["Runic Dome","Astrolabe"],"picked":"Cursed Key"},{"not_picked":["Black Blood","Runic Cube"],"picked":"Busted Crown"}],"items_purged_floors":[11,22,30,37,39],"is_endless":false,"potions_floor_spawned":[1,5,13,14,24,25,33,48],"ascension_level":0}