{"path_per_floor":["M","M","M","M","?","E","M","$","T","M","?","M","$","M","R","B",null,"M","M","M","M","?","E","R","M","T","R","M","R","M","M","R","B",null,"M","?","?","$","M","R","M","M","T","M","?","R","M","M","R","B"],"character_chosen":"DEFECT","items_purchased":["Bag of Marbles","Chill","Molten Egg 2","Rip and Tear"],"gold_per_floor":[118,132,144,157,122,150,165,21,21,39,39,49,12,28,28,133,133,143,161,178,196,111,143,143,155,155,155,173,173,191,202,202,301,301,318,318,318,23,34,34,46,63,112,124,124,124,135,146,146,146],"floor_reached":51,"campfire_rested":3,"playtime":2922,"current_hp_per_floor":[80,80,79,64,82,76,58,58,68,56,86,86,86,71,71,55,92,92,78,62,58,58,39,39,29,43,43,17,48,54,66,97,84,106,105,105,92,92,80,80,79,86,93,79,79,79,77,56,89,25],"items_purged":[],"gold":146,"score":731,"play_id":"075a4200-a1af-4fec-9a88-8bd5ba98c019","local_time":"20180429150017","is_prod":false,"is_daily":false,"chose_seed":false,"is_ascension_mode":false,"campfire_upgraded":5,"timestamp":1525006817,"path_taken":["M","M","M","M","?","E","?","$","T","M","?","?","?","M","R","BOSS","M","M","M","M","?","E","R","M","T","R","M","R","M","M","R","BOSS","M","?","?","$","?","R","M","M","T","M","?","R","?","M","R","BOSS"],"build_version":"2018-04-27v3","seed_source_timestamp":5842478504858,"purchased_purges":0,"victory":true,"master_deck":["Strike_B","Strike_B","Strike_B","Defend_B","Defend_B","Defend_B","Defend_B","Zap","Dualcast","Ball Lightning","Defragment+1","Impulse","Gash","Heatsinks","Static Discharge+1","Coolheaded","Streamline","Chill","Defragment+1","Echo Form+1","Glacier","Scrape+1","Recycle+1","Blizzard+1","Ball Lightning+1","Self Repair+1","Conserve Battery+1","Thunder Strike+1","Madness","Rip and Tear+1","Skim+1","Blaster+1","Decay","Buffer+1","Force Field+1","Leap+1"],"max_hp_per_floor":[82,82,82,82,82,82,82,82,92,92,92,92,92,92,92,92,92,92,92,92,92,92,92,92,92,106,106,106,106,106,106,106,106,106,106,106,106,106,106,106,106,106,113,113,113,113,113,113,113,113],"relics":["Cracked Core","Oddly Smooth Stone","Bag of Marbles","Pear","Nuclear Battery","Centennial Puzzle","Vajra","Mango","Cursed Key","Molten Egg 2","Strawberry"],"card_choices":[{"not_picked":["Double Energy","Hologram"],"picked":"Ball Lightning","floor":1.0},{"not_picked":["Impulse","Capacitor"],"picked":"Defragment","floor":2.0},{"not_picked":["Skim","Go for the Eyes"],"picked":"Impulse","floor":3.0},{"not_picked":["Hello World","Ball Lightning"],"picked":"Gash","floor":4.0},{"not_picked":["Reprogram","Turbo"],"picked":"Heatsinks","floor":6.0},{"not_picked":["Tempest","Streamline"],"picked":"Static Discharge","floor":7.0},{"not_picked":["Seek","Turbo"],"picked":"Coolheaded","floor":10.0},{"not_picked":["Turbo","Axe Kick"],"picked":"Streamline","floor":12.0},{"not_picked":["Sweeping Beam","Genetic Algorithm"],"picked":"Defragment","floor":14.0},{"not_picked":["All For One","Prime"],"picked":"Echo Form","floor":16.0},{"not_picked":["Genetic Algorithm","Impulse"],"picked":"Glacier","floor":18.0},{"not_picked":["Loop","Hologram"],"picked":"Scrape","floor":19.0},{"not_picked":["Chaos","Tempest"],"picked":"Recycle","floor":20.0},{"not_picked":["Genetic Algorithm","Stack"],"picked":"Blizzard","floor":21.0},{"not_picked":["Sweeping Beam","Turbo"],"picked":"Ball Lightning","floor":23.0},{"not_picked":["Axe Kick","Gash"],"picked":"Self Repair","floor":28.0},{"not_picked":["Leap","Hologram"],"picked":"Conserve Battery","floor":31.0},{"not_picked":["Biased Cognition","Fusion"],"picked":"Thunder Strike","floor":33.0},{"not_picked":["Double Energy","Static Discharge"],"picked":"Skim","floor":39.0},{"not_picked":["Glacier","Storm"],"picked":"Blaster","floor":42.0},{"not_picked":["Gash","Melter"],"picked":"Buffer","floor":44.0},{"not_picked":["Impulse","Darkness"],"picked":"Force Field","floor":47},{"not_picked":["Turbo","Impulse"],"picked":"Leap","floor":48}],"player_experience":24826,"potions_floor_usage":[48,50],"damage_taken":[{"damage":2.0,"enemies":"Small Slimes","floor":1.0,"turns":4.0},{"damage":0.0,"enemies":"2 Louse","floor":2.0,"turns":2.0},{"damage":1.0,"enemies":"Jaw Worm","floor":3.0,"turns":4.0},{"damage":15.0,"enemies":"Gremlin Gang","floor":4.0,"turns":4.0},{"damage":6.0,"enemies":"Gremlin Nob","floor":6.0,"turns":3.0},{"damage":18.0,"enemies":"Blue Slaver","floor":7.0,"turns":3.0},{"damage":12.0,"enemies":"2 Fungi Beasts","floor":10.0,"turns":3.0},{"damage":0.0,"enemies":"Large Slime","floor":12.0,"turns":4.0},{"damage":15.0,"enemies":"Lots of Slimes","floor":14.0,"turns":3.0},{"damage":16.0,"enemies":"The Guardian","floor":16.0,"turns":9.0},{"damage":0.0,"enemies":"Chosen","floor":18.0,"turns":5.0},{"damage":14.0,"enemies":"3 Byrds","floor":19.0,"turns":6.0},{"damage":16.0,"enemies":"Cultist and Chosen","floor":20.0,"turns":9.0},{"damage":4.0,"enemies":"Centurion and Healer","floor":21.0,"turns":8.0},{"damage":19.0,"enemies":"Book of Stabbing","floor":23.0,"turns":7.0},{"damage":10.0,"enemies":"Snecko","floor":25.0,"turns":5.0},{"damage":26.0,"enemies":"Slaver and Parasite","floor":28.0,"turns":5.0},{"damage":4.0,"enemies":"Sentry and Sphere","floor":30.0,"turns":6.0},{"damage":8.0,"enemies":"Snecko","floor":31.0,"turns":6.0},{"damage":33.0,"enemies":"Champ","floor":33.0,"turns":8.0},{"damage":11.0,"enemies":"3 Darklings","floor":35.0,"turns":6.0},{"damage":12.0,"enemies":"3 Shapes","floor":39.0,"turns":3.0},{"damage":11.0,"enemies":"3 Darklings","floor":41.0,"turns":4.0},{"damage":3.0,"enemies":"Flame Bruiser 2 Orb","floor":42.0,"turns":6.0},{"damage":24.0,"enemies":"Sphere and 2 Shapes","floor":44.0,"turns":3.0},{"damage":22,"enemies":"3 Darklings","floor":47,"turns":5},{"damage":31,"enemies":"Spire Growth","floor":48,"turns":7},{"damage":64,"enemies":"Awakened One","floor":50,"turns":9}],"event_choices":[{"event_name":"The Cleric","player_choice":"Healed","floor":5.0,"damage_taken":0.0},{"event_name":"Big Fish","player_choice":"Banana","floor":11.0,"damage_taken":0.0},{"event_name":"Addict","player_choice":"Obtained Relic","floor":22.0,"damage_taken":0.0},{"event_name":"Purifier","player_choice":"One Purge","floor":36.0,"damage_taken":0.0},{"event_name":"Winding Halls","player_choice":"Embrace Madness","floor":37.0,"damage_taken":0.0}],"boss_relics":[],"potions_floor_spawned":[3,4,7,12,16,19,25,30,39,44],"seed_played":"-7156774274623351888","ascension_level":0,"is_trial":false}