{"path_per_floor":["M","$","M","M","?","R","T","R","T","M","R","M","R","E","R","B",null,"M","?","M","$","?","E","R","M","T","M","R","M","R","?","R"],"character_chosen":"THE_SILENT","items_purchased":["Noxious Fumes","Anchor"],"gold_per_floor":[115,44,56,67,67,67,117,117,117,132,132,151,151,184,184,281,281,291,291,309,78,78,108,108,118,118,129,129,141,141,141,141,141],"floor_reached":33,"campfire_rested":3,"playtime":1015,"current_hp_per_floor":[70,70,70,69,62,62,62,62,62,64,64,66,66,57,57,57,70,64,64,62,62,46,19,40,22,22,24,45,47,47,34,56,0],"items_purged":["Writhe"],"gold":141,"score":291,"play_id":"a63cb5b0-8ed0-4a16-b2da-8e4bb378169a","local_time":"20180405100120","is_prod":false,"is_daily":false,"is_ascension_mode":false,"campfire_upgraded":6,"timestamp":1522915280,"path_taken":["M","$","M","M","?","R","?","R","T","?","R","?","R","E","R","BOSS","M","?","M","$","?","E","R","?","T","M","R","M","R","?","R","BOSS"],"build_version":"2018-03-29v2","purchased_purges":1,"victory":false,"master_deck":["Defend_G","Defend_G","Defend_G","Defend_G","Defend_G","Strike_G","Strike_G","Strike_G","Strike_G","Survivor","Neutralize+1","Glass Knife+1","Dagger Spray+1","Noxious Fumes+1","Deflect","Deflect","Predator+1","PiercingWail","Envenom","Deflect","Deflect+1","Necronomicurse","Bane+1","Well Laid Plans+1","Poisoned Stab"],"max_hp_per_floor":[70,70,70,70,70,70,70,70,70,70,70,70,70,70,70,70,70,70,70,70,70,70,70,70,70,70,70,70,70,70,75,75,75],"relics":["Ring of the Snake","Blood Vial","Gambling Chip","Ginger","Sozu","Bag of Marbles","Anchor","Necronomicon","Pen Nib","Calipers"],"card_choices":[{"not_picked":["Dagger Throw","Footwork"],"picked":"Dagger Spray","floor":1},{"not_picked":["Escape Plan","Footwork"],"picked":"Deflect","floor":3},{"not_picked":["Slice","Distraction"],"picked":"Deflect","floor":4},{"not_picked":["Slice","Acrobatics"],"picked":"Predator","floor":12},{"not_picked":["Expertise","Poisoned Stab"],"picked":"PiercingWail","floor":14},{"not_picked":["Tools of the Trade","Doppelganger"],"picked":"Envenom","floor":16},{"not_picked":["Riddle With Holes","Cloak And Dagger"],"picked":"Deflect","floor":18},{"not_picked":["Poisoned Stab","Accuracy"],"picked":"Deflect","floor":20},{"not_picked":["Backflip","Outmaneuver"],"picked":"Bane","floor":23},{"not_picked":["Distraction","Outmaneuver"],"picked":"Well Laid Plans","floor":25},{"not_picked":["Masterful Stab","Cloak And Dagger"],"picked":"Poisoned Stab","floor":29}],"player_experience":316885,"potions_floor_usage":[16,18],"damage_taken":[{"damage":0,"enemies":"Jaw Worm","floor":1,"turns":5},{"damage":0,"enemies":"Small Slimes","floor":3,"turns":2},{"damage":1,"enemies":"Cultist","floor":4,"turns":3},{"damage":0,"enemies":"Large Slime","floor":10,"turns":4},{"damage":0,"enemies":"2 Fungi Beasts","floor":12,"turns":2},{"damage":11,"enemies":"Lagavulin","floor":14,"turns":5},{"damage":2,"enemies":"Hexaghost","floor":16,"turns":8},{"damage":6,"enemies":"2 Thieves","floor":18,"turns":4},{"damage":4,"enemies":"Shell Parasite","floor":20,"turns":4},{"damage":29,"enemies":"Gremlin Leader","floor":23,"turns":6},{"damage":20,"enemies":"Cultist and Chosen","floor":25,"turns":5},{"damage":0,"enemies":"Snecko","floor":27,"turns":2},{"damage":0,"enemies":"Centurion and Healer","floor":29,"turns":4},{"damage":71,"enemies":"Champ","floor":33,"turns":8}],"event_choices":[{"event_name":"Golden Wing","player_choice":"Card Removal","floor":5,"damage_taken":0},{"event_name":"The Mausoleum","player_choice":"Yes","floor":19,"damage_taken":0},{"event_name":"Cursed Tome","player_choice":"Obtained Book","floor":22,"damage_taken":0},{"event_name":"Forgotten Altar","player_choice":"Shed Blood","floor":31,"damage_taken":0}],"boss_relics":[{"not_picked":["Runic Pyramid","Eternal Feather"],"picked":"Sozu"}],"potions_floor_spawned":[3,4,10,12,23,25,29],"seed_played":"-2025190773290584593","killed_by":"Champ","ascension_level":0,"is_trial":false}