{"path_per_floor":["M","M","M","?","M","M","R","?","T","R","?","R","$","T","R","B",null,"M","M","$","?","?","R","E","$","T","R","M","M","R","M","R"],"character_chosen":"IRONCLAD","items_purchased":["Rage","Finesse","Second Wind","Shrug It Off"],"gold_per_floor":[113,128,148,148,162,178,178,178,201,201,201,201,30,55,55,154,154,174,189,35,35,35,35,70,17,40,40,52,69,69,87,87],"floor_reached":33,"campfire_rested":1,"playtime":2324,"current_hp_per_floor":[80,76,80,80,80,76,76,76,76,76,60,80,80,80,80,61,80,80,80,80,80,80,80,80,80,80,80,80,80,80,80,80],"items_purged":["Demon Form"],"gold":87,"score":255,"play_id":"97bd67b4-906d-494a-91ed-0214b9927b51","local_time":"20180304120804","is_prod":false,"is_daily":false,"is_ascension_mode":false,"campfire_upgraded":7,"timestamp":1520161684,"path_taken":["M","M","M","?","M","M","R","?","T","R","?","R","$","?","R","BOSS","M","M","$","?","?","R","E","$","T","R","?","M","R","M","R","BOSS"],"build_version":"2018-03-01-PROD1","purchased_purges":1,"victory":false,"master_deck":["Strike_R","Strike_R","Strike_R","Strike_R","Strike_R","Defend_R","Defend_R","Defend_R","Defend_R+1","Bash+1","Body Slam+1","Armaments+1","Heavy Blade","Body Slam+1","Power Through+1","Rage+1","Finesse+1","Offering","Body Slam+1","True Grit","Second Wind","Shrug It Off+1","Shrug It Off","Flame Barrier+1"],"max_hp_per_floor":[80,80,80,80,80,80,80,80,80,80,80,80,80,80,80,80,80,80,80,80,80,80,80,80,80,80,80,80,80,80,80,80],"relics":["Burning Blood","Bag of Preparation","Pen Nib","Bronze Scales","White Beast Statue","Ornamental Fan","Anchor"],"card_choices":[{"not_picked":["Sword Boomerang","Thunderclap"],"picked":"Body Slam"},{"not_picked":["Spot Weakness","Pummel"],"picked":"Demon Form"},{"not_picked":["Shrug It Off","True Grit"],"picked":"Armaments"},{"not_picked":["Shockwave","Perfected Strike"],"picked":"Heavy Blade"},{"not_picked":["Infernal Blade","Armaments"],"picked":"Body Slam"},{"not_picked":["Dual Wield","Cleave"],"picked":"Power Through"},{"not_picked":["Dark Embrace","Brutality"],"picked":"Offering"},{"not_picked":["Hemokinesis","Thunderclap"],"picked":"Body Slam"},{"not_picked":["Body Slam","Clothesline"],"picked":"True Grit"},{"not_picked":["Pommel Strike","Cleave"],"picked":"Shrug It Off"},{"not_picked":["Corruption","Rage"],"picked":"Flame Barrier"}],"player_experience":9482,"potions_floor_usage":[16,16,24,24,29,33,33,33],"damage_taken":[{"damage":1,"enemies":"2 Louse","floor":1,"turns":4},{"damage":10,"enemies":"Cultist","floor":2,"turns":4},{"damage":1,"enemies":"Jaw Worm","floor":3,"turns":3},{"damage":1,"enemies":"Exordium Wildlife","floor":5,"turns":4},{"damage":10,"enemies":"Looter","floor":6,"turns":4},{"damage":25,"enemies":"The Guardian","floor":16,"turns":9},{"damage":0,"enemies":"3 Byrds","floor":18,"turns":4},{"damage":4,"enemies":"Shell Parasite","floor":19,"turns":3},{"damage":4,"enemies":"Book of Stabbing","floor":24,"turns":3},{"damage":4,"enemies":"3 Cultists","floor":28,"turns":4},{"damage":4,"enemies":"Slaver and Parasite","floor":29,"turns":5},{"damage":5,"enemies":"Snake Plant","floor":31,"turns":3},{"damage":83,"enemies":"Collector","floor":33,"turns":8}],"event_choices":[{"event_name":"Accursed Blacksmith","player_choice":"Forge","floor":4,"damage_taken":0},{"event_name":"Dead Adventurer","player_choice":"Searched \u00271\u0027 times","floor":8,"damage_taken":0},{"event_name":"Shining Light","player_choice":"Entered Light","floor":11,"damage_taken":0},{"event_name":"Addict","player_choice":"Ignored","floor":21,"damage_taken":0},{"event_name":"Cursed Tome","player_choice":"Ignored","floor":22,"damage_taken":0}],"boss_relics":[{"not_picked":["Philosopher\u0027s Stone","Ectoplasm"],"picked":"White Beast Statue"}],"potions_floor_spawned":[1,3,16,18,19,24,28,29,31],"seed_played":"-1044763785674778204","killed_by":"Collector","ascension_level":0,"is_trial":false}