{"gold_per_floor":[112,131,56,75,75,75,108,108,108,133,133,133,283,55,55,55],"floor_reached":16,"playtime":278,"items_purged":[],"score":186,"play_id":"6bd8c77a-5f07-4ba6-912d-a46ba38b62e8","local_time":"20180711230713","is_ascension_mode":true,"campfire_choices":[{"data":"Combust","floor":6,"key":"SMITH"},{"data":"Bludgeon","floor":8,"key":"SMITH"},{"floor":12,"key":"REST"},{"data":"Perfected Strike","floor":15,"key":"SMITH"}],"neow_cost":"NONE","seed_source_timestamp":224944620207007,"circlet_count":0,"master_deck":["Strike_R","Strike_R","Strike_R","Strike_R","Strike_R","Defend_R","Defend_R","Defend_R","Bash","AscendersBane","Combust+1","Shrug It Off","Perfected Strike","Bludgeon+1","Bloodletting","Offering","Perfected Strike+1","Metallicize"],"relics":["Runic Cube","Omamori","Gremlin Horn","Mummified Hand","Vajra"],"potions_floor_usage":[7,10],"damage_taken":[{"damage":8,"enemies":"2 Louse","floor":1,"turns":4},{"damage":8,"enemies":"Jaw Worm","floor":2,"turns":4},{"damage":2,"enemies":"Cultist","floor":4,"turns":3},{"damage":24,"enemies":"Gremlin Nob","floor":7,"turns":4},{"damage":24,"enemies":"Lagavulin","floor":10,"turns":5},{"damage":25,"enemies":"Hexaghost","floor":16,"turns":4}],"seed_played":"6342690014190523511","potions_obtained":[{"floor":2,"key":"SpeedPotion"},{"floor":7,"key":"SkillPotion"}],"is_trial":false,"path_per_floor":["M","M","?","M","?","R","E","R","T","E","?","R","?","$","R"],"character_chosen":"IRONCLAD","items_purchased":["Metallicize","Vajra"],"campfire_rested":1,"item_purchase_floors":[14,14],"current_hp_per_floor":[60,52,52,50,50,50,26,26,26,2,2,24,24,24,24,0],"gold":55,"neow_bonus":"BOSS_RELIC","is_prod":false,"is_daily":false,"chose_seed":false,"campfire_upgraded":3,"win_rate":0,"timestamp":1531375633,"path_taken":["M","M","?","?","?","R","E","R","T","E","?","R","?","$","R","BOSS"],"build_version":"2018-07-10","purchased_purges":0,"victory":false,"max_hp_per_floor":[75,75,75,75,75,75,75,75,75,75,75,75,75,75,75,75],"card_choices":[{"not_picked":["Body Slam","Clash"],"picked":"Combust","floor":1},{"not_picked":["Sword Boomerang","Fire Breathing"],"picked":"Shrug It Off","floor":2},{"not_picked":["Armaments","Evolve"],"picked":"Perfected Strike","floor":4},{"not_picked":["Wild Strike","Whirlwind"],"picked":"Offering","floor":7},{"not_picked":["Searing Blow","Clothesline"],"picked":"Perfected Strike","floor":10}],"player_experience":604333,"relics_obtained":[{"floor":7,"key":"Omamori"},{"floor":9,"key":"Gremlin Horn"},{"floor":10,"key":"Mummified Hand"}],"event_choices":[{"event_name":"The Cleric","player_choice":"Card Removal","floor":3,"damage_taken":0},{"event_name":"Match and Keep!","player_choice":"2 cards matched","floor":5,"damage_taken":0},{"event_name":"Scrap Ooze","player_choice":"unsuccessful","floor":11,"damage_taken":0},{"event_name":"Liars Game","player_choice":"agreed","floor":13,"damage_taken":0}],"boss_relics":[],"items_purged_floors":[],"is_endless":false,"potions_floor_spawned":[2,7],"killed_by":"Hexaghost","ascension_level":15}