{"path_per_floor":["M","M","M","$","M","R","E","?","T","M","R","$","M","M","R","B",null,"M","M","?","$"],"character_chosen":"IRONCLAD","items_purchased":["Inflame","Flex","Flame Barrier","Regen Potion"],"gold_per_floor":[114,125,135,14,29,29,56,131,155,172,172,18,35,48,48,153,153,164,175,175,27],"floor_reached":22,"campfire_rested":2,"playtime":1147,"current_hp_per_floor":[80,79,80,80,80,80,59,48,48,34,58,58,52,55,79,47,82,45,18,2,2],"items_purged":["Strike_R","Strike_R"],"gold":27,"score":226,"play_id":"1e59045d-dac5-4827-b354-41c4b34ffe5d","local_time":"20180311184213","is_prod":false,"is_daily":false,"is_ascension_mode":true,"campfire_upgraded":1,"timestamp":1520790133,"path_taken":["BOSS","M","M","M","$","?","R","E","?","T","?","R","$","M","M","R","BOSS","M","M","?","$","M"],"build_version":"2018-03-09","purchased_purges":2,"victory":false,"master_deck":["Strike_R","Strike_R","Strike_R","Defend_R","Defend_R","Defend_R","Defend_R","Bash","Rampage","Shockwave","Shrug It Off","Inflame+1","Flex","Shrug It Off","Whirlwind","Flame Barrier","Twin Strike","Demon Form","Impervious","True Grit"],"max_hp_per_floor":[80,80,80,80,80,80,80,80,80,82,82,82,82,82,82,82,82,82,84,84,84],"relics":["Burning Blood","Bottled Lightning","Singing Bowl","Runic Cube","Enchiridion"],"card_choices":[{"not_picked":["Warcry","Thunderclap"],"picked":"Inflame"},{"not_picked":["Bloodletting","Clash"],"picked":"Rampage"},{"not_picked":["Disarm","Corruption"],"picked":"Shockwave"},{"not_picked":["Seeing Red","Searing Blow"],"picked":"Shrug It Off"},{"not_picked":["Feel No Pain","Dual Wield"],"picked":"Shrug It Off"},{"not_picked":["Combust","Body Slam"],"picked":"Whirlwind"},{"not_picked":["Armaments","Iron Wave"],"picked":"Twin Strike"},{"not_picked":["Burning Pact","Fire Breathing"],"picked":"Demon Form"},{"not_picked":["Exhume","Berserk"],"picked":"Impervious"},{"not_picked":["Combust","Twin Strike"],"picked":"True Grit"}],"player_experience":202597,"potions_floor_usage":[5,7,10,16,16,19,22,22],"damage_taken":[{"damage":5,"enemies":"Cultist","floor":1,"turns":5},{"damage":7,"enemies":"Jaw Worm","floor":2,"turns":3},{"damage":0,"enemies":"Small Slimes","floor":3,"turns":4},{"damage":3,"enemies":"3 Louse","floor":5,"turns":3},{"damage":27,"enemies":"Gremlin Nob","floor":7,"turns":4},{"damage":22,"enemies":"Gremlin Gang","floor":10,"turns":6},{"damage":12,"enemies":"Exordium Wildlife","floor":13,"turns":4},{"damage":3,"enemies":"Looter","floor":14,"turns":4},{"damage":38,"enemies":"Slime Boss","floor":16,"turns":8},{"damage":43,"enemies":"2 Thieves","floor":18,"turns":5},{"damage":35,"enemies":"Spheric Guardian","floor":19,"turns":8},{"damage":9,"enemies":"Slaver and Parasite","floor":22,"turns":2}],"event_choices":[{"event_name":"World of Goop","player_choice":"Gather Gold","floor":8,"damage_taken":0},{"event_name":"Cursed Tome","player_choice":"Obtained Book","floor":20,"damage_taken":0}],"boss_relics":[{"not_picked":["Philosopher\u0027s Stone","White Beast Statue"],"picked":"Runic Cube"}],"potions_floor_spawned":[1,2,5,10,14,18,19],"seed_played":"-1286264933203005529","killed_by":"Slaver and Parasite","ascension_level":4,"is_trial":false}