{"gold_per_floor":[116,116,131,131,81,119,143,143,169,169,169,212,228,266,266,387,387,408,427,427,427,451,494,494,297,297,316,33,33,71,71,71,191,191,226,59,84,209,273,273,291,291,291,334,334,314,330,353,353,373],"floor_reached":51,"playtime":1727,"items_purged":["Strike_G+1"],"score":1230,"play_id":"627e09f4-e971-4a8b-aba4-6d4aaac4800b","local_time":"20190202021803","is_ascension_mode":true,"campfire_choices":[{"data":"Noxious Fumes","floor":8.0,"key":"SMITH"},{"data":"Neutralize","floor":10.0,"key":"SMITH"},{"data":"Crippling Poison","floor":15.0,"key":"SMITH"},{"data":"Corpse Explosion","floor":24.0,"key":"SMITH"},{"floor":32.0,"key":"REST"},{"data":"Footwork","floor":40.0,"key":"SMITH"},{"floor":42.0,"key":"REST"},{"floor":49.0,"key":"REST"}],"neow_cost":"NONE","seed_source_timestamp":45859803180100,"circlet_count":0,"master_deck":["AscendersBane","Defend_G+1","Defend_G+1","Defend_G+1","Defend_G+1","Defend_G+1","Strike_G+1","Strike_G+1","Strike_G+1","Survivor","Neutralize+1","All Out Attack","Noxious Fumes+1","Terror","Poisoned Stab","Crippling Poison+1","Corpse Explosion+1","Backflip+1","PiercingWail","Backflip+1","Deflect+1","Poisoned Stab","Footwork+1","Sadistic Nature","Escape Plan+1","Well Laid Plans","Writhe","PiercingWail+1","PiercingWail+1"],"special_seed":0,"relics":["Ring of the Snake","NeowsBlessing","Golden Idol","Orichalcum","Boot","Lantern","Mummified Hand","Blood Vial","Velvet Choker","Vajra","Bag of Preparation","TwistedFunnel","Unceasing Top","Toolbox","Ornamental Fan","Orrery","Peace Pipe","FossilizedHelix","Toxic Egg 2","Letter Opener"],"potions_floor_usage":[50,50],"damage_taken":[{"damage":0.0,"enemies":"Cultist","floor":1.0,"turns":1.0},{"damage":0.0,"enemies":"Jaw Worm","floor":3.0,"turns":1.0},{"damage":0.0,"enemies":"Lagavulin","floor":6.0,"turns":1.0},{"damage":3.0,"enemies":"2 Louse","floor":7.0,"turns":3.0},{"damage":12.0,"enemies":"Gremlin Nob","floor":12.0,"turns":4.0},{"damage":0.0,"enemies":"Exordium Wildlife","floor":13.0,"turns":3.0},{"damage":12.0,"enemies":"Lagavulin","floor":14.0,"turns":6.0},{"damage":11.0,"enemies":"The Guardian","floor":16.0,"turns":9.0},{"damage":15.0,"enemies":"2 Thieves","floor":18.0,"turns":4.0},{"damage":0.0,"enemies":"3 Byrds","floor":19.0,"turns":2.0},{"damage":2.0,"enemies":"Centurion and Healer","floor":22.0,"turns":3.0},{"damage":16.0,"enemies":"Slavers","floor":23.0,"turns":2.0},{"damage":5.0,"enemies":"Snecko","floor":27.0,"turns":3.0},{"damage":15.0,"enemies":"Book of Stabbing","floor":30.0,"turns":5.0},{"damage":20.0,"enemies":"Collector","floor":33.0,"turns":7.0},{"damage":0.0,"enemies":"3 Shapes","floor":35.0,"turns":3.0},{"damage":0.0,"enemies":"3 Darklings","floor":37.0,"turns":3.0},{"damage":0.0,"enemies":"Mind Bloom Boss Battle","floor":38.0,"turns":6.0},{"damage":16.0,"enemies":"2 Orb Walkers","floor":39.0,"turns":3.0},{"damage":0.0,"enemies":"Jaw Worm Horde","floor":41.0,"turns":3.0},{"damage":61.0,"enemies":"Giant Head","floor":44.0,"turns":9.0},{"damage":0.0,"enemies":"Transient","floor":47.0,"turns":5.0},{"damage":4.0,"enemies":"Maw","floor":48.0,"turns":6.0},{"damage":31,"enemies":"Time Eater","floor":50,"turns":13}],"seed_played":"5670153973962841529","potions_obtained":[{"floor":1.0,"key":"LiquidBronze"},{"floor":12.0,"key":"EssenceOfSteel"},{"floor":16.0,"key":"Block Potion"},{"floor":33.0,"key":"AttackPotion"},{"floor":37.0,"key":"SpeedPotion"},{"floor":39.0,"key":"LiquidBronze"},{"floor":41.0,"key":"SpeedPotion"},{"floor":46.0,"key":"Dexterity Potion"}],"is_trial":false,"path_per_floor":["M","$","M","?","?","E","M","R","T","R","?","E","M","E","R","B",null,"M","M","?","?","M","E","R","$","T","M","$","?","E","?","R","B",null,"M","$","M","?","?","R","M","R","T","E","?","?","M","M","R","B",null],"character_chosen":"THE_SILENT","items_purchased":["TwistedFunnel","Toolbox","Sadistic Nature"],"campfire_rested":3,"item_purchase_floors":[25,28,36],"current_hp_per_floor":[63,63,63,63,63,63,60,60,60,60,57,45,45,33,33,24,55,42,44,44,44,44,30,30,30,30,27,27,27,14,14,33,15,53,55,55,57,59,45,45,47,65,65,4,20,20,22,20,39,10],"gold":373,"neow_bonus":"THREE_ENEMY_KILL","is_prod":false,"is_daily":false,"chose_seed":false,"campfire_upgraded":5,"win_rate":0,"timestamp":1549066683,"path_taken":["M","$","M","?","?","E","M","R","T","R","?","E","M","E","R","BOSS","M","M","?","?","M","E","R","$","T","?","$","?","E","?","R","BOSS","M","?","M","?","?","R","?","R","T","E","?","?","?","M","R","BOSS"],"build_version":"2019-01-23","purchased_purges":1,"victory":true,"max_hp_per_floor":[70,70,70,65,65,65,65,65,65,65,65,65,65,65,65,65,65,65,65,65,65,65,65,65,65,65,65,65,65,65,65,65,65,65,65,65,65,65,65,65,65,65,65,65,65,65,65,65,65,65],"card_choices":[{"not_picked":["Masterful Stab","Endless Agony"],"picked":"All Out Attack","floor":1.0},{"not_picked":["Acrobatics","Deadly Poison"],"picked":"Noxious Fumes","floor":3.0},{"not_picked":["Calculated Gamble","Sucker Punch","Quick Slash"],"picked":"SKIP","floor":6.0},{"not_picked":["Underhanded Strike","Sucker Punch"],"picked":"Terror","floor":7.0},{"not_picked":["Slice","Prepared"],"picked":"Poisoned Stab","floor":12.0},{"not_picked":["Backflip","Finisher","Cloak And Dagger"],"picked":"SKIP","floor":13.0},{"not_picked":["Flying Knee","Underhanded Strike"],"picked":"Crippling Poison","floor":14.0},{"not_picked":["Doppelganger","Night Terror"],"picked":"Corpse Explosion","floor":16.0},{"not_picked":["Tactician","Dagger Throw","Blade Dance"],"picked":"SKIP","floor":18.0},{"not_picked":["Dagger Throw","Bane"],"picked":"Backflip+1","floor":19.0},{"not_picked":["Infinite Blades","Backflip","Acrobatics"],"picked":"SKIP","floor":22.0},{"not_picked":["Dagger Spray+1","Tools of the Trade","Blade Dance"],"picked":"SKIP","floor":23.0},{"not_picked":["Sucker Punch","Accuracy+1","All Out Attack+1"],"picked":"SKIP","floor":27.0},{"not_picked":["Prepared","Tools of the Trade"],"picked":"PiercingWail","floor":30.0},{"not_picked":["Deflect","Underhanded Strike"],"picked":"Backflip+1","floor":34.0},{"not_picked":["Concentrate","Bane+1"],"picked":"Deflect+1","floor":34.0},{"not_picked":["Underhanded Strike","Acrobatics"],"picked":"Poisoned Stab","floor":34.0},{"not_picked":["Dagger Spray","Underhanded Strike"],"picked":"Footwork","floor":35.0},{"not_picked":["Sucker Punch","Prepared"],"picked":"Escape Plan+1","floor":37.0},{"not_picked":["Acrobatics","Bouncing Flask"],"picked":"Well Laid Plans","floor":41.0},{"not_picked":["Flechettes","Quick Slash+1","Reflex+1"],"picked":"SKIP","floor":44.0},{"not_picked":["Masterful Stab","Bouncing Flask+1"],"picked":"PiercingWail+1","floor":47.0},{"not_picked":["Prepared+1","Flying Knee"],"picked":"PiercingWail+1","floor":48.0}],"player_experience":563335,"relics_obtained":[{"floor":6.0,"key":"Orichalcum"},{"floor":9.0,"key":"Boot"},{"floor":12.0,"key":"Mummified Hand"},{"floor":14.0,"key":"Blood Vial"},{"floor":23.0,"key":"Bag of Preparation"},{"floor":26.0,"key":"Unceasing Top"},{"floor":30.0,"key":"Ornamental Fan"},{"floor":38.0,"key":"Peace Pipe"},{"floor":39.0,"key":"FossilizedHelix"},{"floor":43.0,"key":"Toxic Egg 2"},{"floor":44.0,"key":"Letter Opener"}],"event_choices":[{"damage_healed":0.0,"max_hp_gain":0.0,"max_hp_loss":5.0,"gold_gain":0.0,"event_name":"Golden Idol","player_choice":"Lose Max HP","floor":4.0,"gold_loss":0.0,"damage_taken":0.0,"relics_obtained":["Golden Idol"]},{"cards_removed":["Strike_G"],"damage_healed":0.0,"max_hp_gain":0.0,"max_hp_loss":0.0,"gold_gain":0.0,"event_name":"The Cleric","player_choice":"Card Removal","floor":5.0,"gold_loss":50.0,"damage_taken":0.0},{"damage_healed":0.0,"max_hp_gain":0.0,"max_hp_loss":0.0,"gold_gain":0.0,"event_name":"Scrap Ooze","player_choice":"Success","floor":11.0,"gold_loss":0.0,"damage_taken":3.0,"relics_obtained":["Lantern"]},{"damage_healed":0.0,"max_hp_gain":0.0,"max_hp_loss":0.0,"gold_gain":0.0,"event_name":"Back to Basics","player_choice":"Simplicity","floor":20.0,"gold_loss":0.0,"damage_taken":0.0,"cards_upgraded":["Defend_G","Defend_G","Defend_G","Defend_G","Defend_G","Strike_G","Strike_G","Strike_G","Strike_G"]},{"damage_healed":0.0,"max_hp_gain":0.0,"max_hp_loss":0.0,"gold_gain":0.0,"event_name":"The Mausoleum","player_choice":"Opened","floor":21.0,"gold_loss":0.0,"damage_taken":0.0,"relics_obtained":["Vajra"]},{"damage_healed":0.0,"max_hp_gain":0.0,"max_hp_loss":0.0,"gold_gain":0.0,"event_name":"Cursed Tome","player_choice":"Ignored","floor":29.0,"gold_loss":0.0,"damage_taken":0.0},{"damage_healed":0.0,"max_hp_gain":0.0,"max_hp_loss":0.0,"gold_gain":0.0,"event_name":"N\u0027loth","player_choice":"Ignored","floor":31.0,"gold_loss":0.0,"damage_taken":0.0},{"damage_healed":0.0,"max_hp_gain":0.0,"max_hp_loss":0.0,"gold_gain":0.0,"event_name":"MindBloom","player_choice":"Fight","floor":38.0,"gold_loss":0.0,"damage_taken":0.0},{"damage_healed":0.0,"max_hp_gain":0.0,"max_hp_loss":0.0,"gold_gain":0.0,"event_name":"Mysterious Sphere","player_choice":"Fight","floor":39.0,"gold_loss":0.0,"damage_taken":0.0},{"damage_healed":16.0,"max_hp_gain":0.0,"max_hp_loss":0.0,"gold_gain":0.0,"event_name":"Winding Halls","player_choice":"Writhe","floor":45.0,"gold_loss":0.0,"damage_taken":0.0,"cards_obtained":["Writhe"]},{"damage_healed":0.0,"max_hp_gain":0.0,"max_hp_loss":0.0,"gold_gain":0.0,"event_name":"The Woman in Blue","player_choice":"Bought 1 Potion","floor":46.0,"gold_loss":0.0,"damage_taken":0.0}],"is_beta":false,"boss_relics":[{"not_picked":["Coffee Dripper","Empty Cage"],"picked":"Velvet Choker"},{"not_picked":["Cursed Key","Runic Pyramid"],"picked":"Orrery"}],"items_purged_floors":[28],"is_endless":false,"potions_floor_spawned":[1,12,16,18,27,30,33,37,38,39,41,47],"ascension_level":12}