{"gold_per_floor":[118,1,20,20,20,20,38,48,72,72,105,117,151,151,151,225,225,240,8,18,293,303,303,316,316,316,333,383,383,401,420,420,496,496,509,526,47,93,1092,1092,1092,1092,1092,1105,580,596,18,18,18,18,18],"floor_reached":52,"playtime":1272,"items_purged":["Normality"],"score":2049,"play_id":"840273d5-2dd3-46ae-87a0-7cb9542d1c40","local_time":"20190127002007","is_ascension_mode":true,"campfire_choices":[{"data":"Headbutt","floor":6.0,"key":"SMITH"},{"data":"Shockwave","floor":10.0,"key":"SMITH"},{"data":"Bash","floor":15.0,"key":"SMITH"},{"data":"Flame Barrier","floor":23.0,"key":"SMITH"},{"floor":29.0,"key":"REST"},{"floor":32.0,"key":"REST"},{"data":"Heavy Blade","floor":40.0,"key":"SMITH"},{"floor":49,"key":"REST"}],"neow_cost":"NONE","seed_source_timestamp":0,"circlet_count":0,"master_deck":["AscendersBane","Strike_R","Strike_R","Strike_R","Strike_R","Strike_R","Defend_R+1","Defend_R","Defend_R","Defend_R","Bash+1","Shockwave+1","Headbutt+1","Clash","Anger","Clumsy","Pummel","Twin Strike","Flame Barrier+1","Writhe","Exhume+1","Twin Strike+1","Battle Trance","Pummel","Regret","Shrug It Off","Heavy Blade+1","Parasite","Decay","Uppercut","Fire Breathing+1","Immolate","Parasite","Normality","Armaments+1","Shrug It Off","Normality","Normality","Violence","Parasite","Ghostly Armor","Demon Form+1","Fire Breathing+1","Feel No Pain+1","Evolve+1","Rupture+1","Fire Breathing+1"],"special_seed":0,"relics":["Cursed Key","Regal Pillow","Ancient Tea Set","Du-Vu Doll","Bag of Marbles","Velvet Choker","War Paint","Singing Bowl","Frozen Egg 2","Calling Bell","Blood Vial","Mummified Hand","Bird Faced Urn","Membership Card","Bag of Preparation","Meat on the Bone","Gambling Chip","The Courier","Lantern","Dead Branch","Strawberry","Toolbox","PreservedInsect","Ginger","Pantograph","Bottled Lightning","Orichalcum","Red Skull"],"potions_floor_usage":[50,51],"damage_taken":[{"damage":2.0,"enemies":"Cultist","floor":1.0,"turns":4.0},{"damage":0.0,"enemies":"Jaw Worm","floor":3.0,"turns":3.0},{"damage":1.0,"enemies":"2 Louse","floor":7.0,"turns":2.0},{"damage":1.0,"enemies":"Lots of Slimes","floor":8.0,"turns":4.0},{"damage":15.0,"enemies":"Lagavulin","floor":11.0,"turns":6.0},{"damage":0.0,"enemies":"Exordium Wildlife","floor":12.0,"turns":2.0},{"damage":30.0,"enemies":"3 Sentries","floor":13.0,"turns":5.0},{"damage":0.0,"enemies":"Slime Boss","floor":16.0,"turns":4.0},{"damage":14.0,"enemies":"Chosen","floor":18.0,"turns":4.0},{"damage":6.0,"enemies":"Spheric Guardian","floor":20.0,"turns":3.0},{"damage":0.0,"enemies":"Cultist and Chosen","floor":22.0,"turns":2.0},{"damage":38.0,"enemies":"Shelled Parasite and Fungi","floor":24.0,"turns":3.0},{"damage":13.0,"enemies":"Centurion and Healer","floor":27.0,"turns":4.0},{"damage":0.0,"enemies":"3 Cultists","floor":30.0,"turns":3.0},{"damage":0.0,"enemies":"Snecko","floor":31.0,"turns":2.0},{"damage":44.0,"enemies":"Collector","floor":33.0,"turns":7.0},{"damage":0.0,"enemies":"Orb Walker","floor":35.0,"turns":1.0},{"damage":0.0,"enemies":"3 Shapes","floor":36.0,"turns":3.0},{"damage":22.0,"enemies":"2 Orb Walkers","floor":38.0,"turns":3.0},{"damage":4.0,"enemies":"Spire Growth","floor":44.0,"turns":2.0},{"damage":0,"enemies":"Sphere and 2 Shapes","floor":46,"turns":1},{"damage":51,"enemies":"Time Eater","floor":50,"turns":4},{"damage":27,"enemies":"Donu and Deca","floor":51,"turns":5}],"seed_played":"7833271251778069270","potions_obtained":[{"floor":7.0,"key":"FairyPotion"},{"floor":11.0,"key":"Dexterity Potion"},{"floor":33.0,"key":"LiquidBronze"},{"floor":35.0,"key":"SkillPotion"}],"is_trial":false,"path_per_floor":["M","?","M","?","$","R","M","M","T","R","E","M","E","?","R","B",null,"M","$","M","?","M","R","M","T","T","M","?","R","M","M","R","B",null,"M","M","$","?","?","R","?","?","T","M","$","M","$","?","R","B","B",null],"character_chosen":"IRONCLAD","items_purchased":["Battle Trance","War Paint","Membership Card","Bag of Preparation","Meat on the Bone","Lantern","Dead Branch","Strawberry","Toolbox","PreservedInsect","Ginger","Pantograph","Bottled Lightning","Orichalcum","Ghostly Armor","Demon Form+1","Fire Breathing+1","Feel No Pain+1","Evolve+1","Rupture+1","Fire Breathing+1","Red Skull"],"campfire_rested":3,"item_purchase_floors":[19,19,37,37,37,45,45,45,45,45,45,47,47,47,47,47,47,47,47,47,47,47],"current_hp_per_floor":[66,66,66,66,66,66,65,64,64,64,49,49,19,19,19,19,61,47,47,41,41,41,41,3,3,3,5,5,42,42,44,77,33,66,68,70,70,52,52,52,52,52,52,52,59,63,63,63,88,53,59],"gold":18,"neow_bonus":"BOSS_RELIC","is_prod":false,"is_daily":false,"chose_seed":false,"campfire_upgraded":5,"win_rate":0,"timestamp":1548577207,"path_taken":["M","?","?","?","?","R","M","M","T","R","E","M","E","?","R","BOSS","M","$","?","?","M","R","?","?","T","?","?","R","M","M","R","BOSS","M","M","$","?","?","R","?","?","T","M","$","M","$","?","R","BOSS","BOSS"],"build_version":"2019-01-23","purchased_purges":1,"victory":true,"max_hp_per_floor":[75,75,75,75,75,75,75,75,75,75,75,75,75,75,75,75,75,75,75,75,75,75,75,75,75,75,75,75,75,75,77,77,77,77,77,77,77,77,77,77,77,77,77,79,86,88,88,88,88,88,88],"card_choices":[{"not_picked":["Shrug It Off","Clash"],"picked":"Shockwave","floor":1.0},{"not_picked":["Bloodletting","Cleave"],"picked":"Headbutt","floor":3.0},{"not_picked":["Entrench","Armaments"],"picked":"Clash","floor":7.0},{"not_picked":["Sword Boomerang","Battle Trance"],"picked":"Anger","floor":8.0},{"not_picked":["Power Through","Twin Strike"],"picked":"Pummel","floor":11.0},{"not_picked":["Clothesline","Wild Strike"],"picked":"Twin Strike","floor":12.0},{"not_picked":["Hemokinesis","Clothesline"],"picked":"Flame Barrier","floor":13.0},{"not_picked":["Berserk","Barricade"],"picked":"Exhume","floor":16.0},{"not_picked":["Body Slam","Clothesline"],"picked":"Twin Strike+1","floor":18.0},{"not_picked":["Seeing Red","Perfected Strike+1"],"picked":"Pummel","floor":20.0},{"not_picked":["Carnage","Heavy Blade"],"picked":"Shrug It Off","floor":22.0},{"not_picked":["Bloodletting","Clothesline"],"picked":"Heavy Blade","floor":24.0},{"not_picked":["Flex","Wild Strike"],"picked":"Uppercut","floor":27.0},{"not_picked":["Wild Strike+1","Perfected Strike"],"picked":"Fire Breathing+1","floor":30.0},{"not_picked":["Perfected Strike","Thunderclap","Clothesline"],"picked":"Singing Bowl","floor":31.0},{"not_picked":["Impervious","Berserk+1"],"picked":"Immolate","floor":33.0},{"not_picked":["Blood for Blood+1","Headbutt"],"picked":"Armaments+1","floor":35.0},{"not_picked":["Cleave+1","Iron Wave"],"picked":"Shrug It Off","floor":36.0},{"not_picked":["Iron Wave","Clothesline"],"picked":"Immolate","floor":38.0},{"not_picked":["Thinking Ahead","Good Instincts"],"picked":"Violence","floor":41.0},{"not_picked":["Headbutt","Cleave","Uppercut"],"picked":"Singing Bowl","floor":44.0},{"not_picked":["Cleave","Armaments","Clothesline+1"],"picked":"Singing Bowl","floor":46}],"player_experience":1055921,"relics_obtained":[{"floor":9.0,"key":"Ancient Tea Set"},{"floor":11.0,"key":"Du-Vu Doll"},{"floor":13.0,"key":"Bag of Marbles"},{"floor":25.0,"key":"Singing Bowl"},{"floor":26.0,"key":"Frozen Egg 2"},{"floor":34.0,"key":"Blood Vial"},{"floor":34.0,"key":"Mummified Hand"},{"floor":34.0,"key":"Bird Faced Urn"},{"floor":38.0,"key":"Gambling Chip"},{"floor":43.0,"key":"The Courier"}],"event_choices":[{"damage_healed":0.0,"max_hp_gain":0.0,"max_hp_loss":0.0,"gold_gain":0.0,"event_name":"WeMeetAgain","player_choice":"Paid Gold","floor":2.0,"gold_loss":117.0,"damage_taken":0.0,"relics_obtained":["Regal Pillow"]},{"damage_healed":0.0,"max_hp_gain":0.0,"max_hp_loss":0.0,"gold_gain":0.0,"event_name":"The Cleric","player_choice":"Leave","floor":4.0,"gold_loss":0.0,"damage_taken":0.0},{"damage_healed":0.0,"max_hp_gain":0.0,"max_hp_loss":0.0,"gold_gain":0.0,"event_name":"Match and Keep!","player_choice":"1 cards matched","floor":14.0,"gold_loss":0.0,"damage_taken":0.0,"cards_obtained":["Writhe"]},{"damage_healed":0.0,"max_hp_gain":0.0,"max_hp_loss":0.0,"gold_gain":275.0,"event_name":"Golden Shrine","player_choice":"Desecrate","floor":21.0,"gold_loss":0.0,"damage_taken":0.0,"cards_obtained":["Regret"]},{"damage_healed":0.0,"max_hp_gain":0.0,"max_hp_loss":0.0,"gold_gain":50.0,"event_name":"Nest","player_choice":"Stole From Cult","floor":28.0,"gold_loss":0.0,"damage_taken":0.0},{"damage_healed":0.0,"max_hp_gain":0.0,"max_hp_loss":0.0,"gold_gain":0.0,"event_name":"Mysterious Sphere","player_choice":"Fight","floor":38.0,"gold_loss":0.0,"damage_taken":0.0},{"damage_healed":0.0,"max_hp_gain":0.0,"max_hp_loss":0.0,"gold_gain":999.0,"event_name":"MindBloom","player_choice":"Gold","floor":39.0,"gold_loss":0.0,"damage_taken":0.0,"cards_obtained":["Normality","Normality"]},{"damage_healed":0.0,"max_hp_gain":0.0,"max_hp_loss":0.0,"gold_gain":0.0,"event_name":"SensoryStone","player_choice":"Memory 1","floor":41.0,"gold_loss":0.0,"damage_taken":0.0},{"damage_healed":0.0,"max_hp_gain":0.0,"max_hp_loss":0.0,"gold_gain":0.0,"event_name":"Tomb of Lord Red Mask","player_choice":"Ignored","floor":42.0,"gold_loss":0.0,"damage_taken":0.0},{"cards_removed":["Immolate"],"damage_healed":0,"gold_gain":0,"player_choice":"Removed Attack","damage_taken":0,"max_hp_gain":0,"max_hp_loss":0,"event_name":"Falling","floor":48,"gold_loss":0}],"is_beta":true,"boss_relics":[{"not_picked":["White Beast Statue","Runic Pyramid"],"picked":"Velvet Choker"},{"not_picked":["Orrery","Tiny House"],"picked":"Calling Bell"}],"items_purged_floors":[37],"is_endless":false,"potions_floor_spawned":[7,11,13,18,24,33,35,38,44,46],"ascension_level":20}