{"path_per_floor":["?","?","?","?","?","?","?","?","?","?","?","?","?","?","?","B",null,"?","?","?","?","?","?","?","?","?","?","?","?"],"character_chosen":"THE_SILENT","items_purchased":["Infinite Blades","Strength Potion","Strength Potion"],"gold_per_floor":[114,139,139,154,169,199,199,199,224,239,254,144,159,174,174,274,304,274,274,289,139,14,44,59,59,59,74,24,39],"floor_reached":30,"campfire_rested":2,"playtime":1766,"current_hp_per_floor":[84,84,81,73,73,45,45,32,32,26,9,9,9,6,31,4,89,59,88,71,71,71,2,1,27,27,11,11,9],"items_purged":["Strike_G","Pain","Defend_G"],"gold":39,"score":281,"play_id":"c9e46e0d-7cd7-4b33-bdf6-850bb8a2b86d","local_time":"20180306105702","daily_mods":[{"name":"Heirloom","description":"Start with 1 Rare relic.","modID":"Heirloom","img":{"data":{"file":{"file":{"path":"images\\ui\\run_mods\\heirloom.png"},"type":"Internal"},"width":64,"height":64,"format":"RGBA8888","useMipMaps":false,"isPrepared":false},"glTarget":3553,"glHandle":683,"minFilter":"Linear","magFilter":"Linear","uWrap":"ClampToEdge","vWrap":"ClampToEdge"},"positive":true},{"name":"Lethal Enemies","description":"All enemies start with +3 Strength.","modID":"Lethal Enemies","img":{"data":{"file":{"file":{"path":"images\\ui\\run_mods\\lethal_enemies.png"},"type":"Internal"},"width":64,"height":64,"format":"RGBA8888","useMipMaps":false,"isPrepared":false},"glTarget":3553,"glHandle":675,"minFilter":"Linear","magFilter":"Linear","uWrap":"ClampToEdge","vWrap":"ClampToEdge"},"positive":false},{"name":"Cursed Run","description":"Whenever you defeat a Boss, become Cursed.","modID":"Cursed Run","img":{"data":{"file":{"file":{"path":"images\\ui\\run_mods\\cursed_run.png"},"type":"Internal"},"width":64,"height":64,"format":"RGBA8888","useMipMaps":false,"isPrepared":false},"glTarget":3553,"glHandle":673,"minFilter":"Linear","magFilter":"Linear","uWrap":"ClampToEdge","vWrap":"ClampToEdge"},"positive":false},{"name":"Uncertain Future","description":"The map shows only ?.","modID":"Uncertain Future","img":{"data":{"file":{"file":{"path":"images\\ui\\run_mods\\uncertain_future.png"},"type":"Internal"},"width":64,"height":64,"format":"RGBA8888","useMipMaps":false,"isPrepared":false},"glTarget":3553,"glHandle":679,"minFilter":"Linear","magFilter":"Linear","uWrap":"ClampToEdge","vWrap":"ClampToEdge"},"positive":false}],"is_prod":false,"is_daily":true,"is_ascension_mode":false,"campfire_upgraded":1,"timestamp":1520330222,"path_taken":["?","?","?","?","?","?","?","?","?","?","?","?","?","?","?","BOSS","?","?","?","?","?","?","?","?","?","?","?","?","?"],"build_version":"2018-03-01-PROD1","purchased_purges":3,"victory":false,"master_deck":["Defend_G","Defend_G","Defend_G","Defend_G","Strike_G","Strike_G","Strike_G","Strike_G","Survivor","Neutralize+1","Cloak And Dagger","Accuracy+1","Accuracy","Blur","Infinite Blades","Storm of Steel","Cloak And Dagger","Dodge and Roll+1","Terror"],"max_hp_per_floor":[84,84,84,84,84,84,84,84,84,84,84,84,84,84,84,84,89,89,89,89,89,89,89,89,89,89,89,89,89],"relics":["Ring of the Snake","Mango","Pen Nib","Ornamental Fan","Paper Crane","Orichalcum","Tiny House","Thread and Needle","Regal Pillow"],"card_choices":[{"not_picked":["Poisoned Stab","Flechettes"],"picked":"Cloak And Dagger"},{"not_picked":["Dagger Spray","Skewer"],"picked":"Accuracy"},{"not_picked":["Well Laid Plans","Sucker Punch"],"picked":"Accuracy"},{"not_picked":["PiercingWail","Slice"],"picked":"Blur"},{"not_picked":["Outmaneuver","Bane"],"picked":"Storm of Steel"},{"not_picked":["Flying Knee","Phantasmal Killer"],"picked":"Cloak And Dagger"},{"not_picked":["Prepared","Poisoned Stab"],"picked":"Dodge and Roll"},{"not_picked":["Slice","Sucker Punch"],"picked":"Terror"}],"player_experience":127039,"potions_floor_usage":[5,6,14,16,16,18,20,23,23,27,29],"damage_taken":[{"damage":0,"enemies":"Cultist","floor":1,"turns":4},{"damage":8,"enemies":"Small Slimes","floor":4,"turns":4},{"damage":0,"enemies":"2 Louse","floor":5,"turns":3},{"damage":28,"enemies":"Gremlin Nob","floor":6,"turns":5},{"damage":13,"enemies":"2 Fungi Beasts","floor":8,"turns":5},{"damage":6,"enemies":"Blue Slaver","floor":10,"turns":6},{"damage":17,"enemies":"Exordium Thugs","floor":11,"turns":7},{"damage":0,"enemies":"2 Fungi Beasts","floor":13,"turns":5},{"damage":3,"enemies":"Gremlin Gang","floor":14,"turns":6},{"damage":27,"enemies":"Hexaghost","floor":16,"turns":8},{"damage":30,"enemies":"2 Thieves","floor":18,"turns":5},{"damage":17,"enemies":"Shell Parasite","floor":20,"turns":6},{"damage":84,"enemies":"Book of Stabbing","floor":23,"turns":8},{"damage":1,"enemies":"Centurion and Healer","floor":24,"turns":7},{"damage":16,"enemies":"Snake Plant","floor":27,"turns":7},{"damage":2,"enemies":"Chosen and Byrds","floor":29,"turns":7},{"damage":23,"enemies":"Slavers","floor":30,"turns":3}],"event_choices":[{"event_name":"Scrap Ooze","player_choice":"success","floor":3,"damage_taken":3},{"event_name":"The Library","player_choice":"Heal","floor":19,"damage_taken":0}],"boss_relics":[{"not_picked":["Astrolabe","Velvet Choker"],"picked":"Tiny House"}],"potions_floor_spawned":[1,4,11,13,14,16,20,24,29],"seed_played":"-348954196553452531","killed_by":"Slavers","ascension_level":0,"is_trial":false}