{"gold_per_floor":[114,126,126,145,162,162,195,195,195,195,195,207,207,207,207,207],"floor_reached":16,"playtime":913,"items_purged":[],"score":102,"play_id":"3aaca382-7ed4-4a1b-8fbe-d5ce644a20b1","local_time":"20181018205308","is_ascension_mode":false,"campfire_choices":[{"floor":6,"key":"REST"},{"floor":8,"key":"REST"},{"floor":10,"key":"REST"},{"data":"Sunder","floor":13,"key":"SMITH"},{"floor":15,"key":"REST"}],"neow_cost":"PERCENT_DAMAGE","seed_source_timestamp":616428492238635,"circlet_count":0,"master_deck":["Strike_B","Strike_B","Strike_B","Strike_B","Defend_B","Defend_B","Defend_B","Defend_B","Zap","Dualcast","Sunder","Barrage","Regret","Thunder Strike","Sunder+1","Self Repair","Turbo"],"relics":["Cracked Core","Unceasing Top","Lantern","Incense Burner","Pantograph"],"potions_floor_usage":[5,14,16],"damage_taken":[{"damage":8,"enemies":"Jaw Worm","floor":1,"turns":3},{"damage":0,"enemies":"2 Louse","floor":2,"turns":2},{"damage":8,"enemies":"Cultist","floor":4,"turns":3},{"damage":1,"enemies":"Lots of Slimes","floor":5,"turns":3},{"damage":49,"enemies":"3 Sentries","floor":7,"turns":7},{"damage":14,"enemies":"Large Slime","floor":12,"turns":4},{"damage":0,"enemies":"Blue Slaver","floor":14,"turns":1},{"damage":65,"enemies":"Hexaghost","floor":16,"turns":11}],"seed_played":"-1015989092810765966","potions_obtained":[{"floor":1,"key":"Block Potion"},{"floor":2,"key":"Weak Potion"},{"floor":12,"key":"Explosive Potion"}],"is_trial":false,"path_per_floor":["M","M","?","M","M","R","E","R","T","R","?","M","R","M","R"],"character_chosen":"DEFECT","items_purchased":[],"campfire_rested":4,"item_purchase_floors":[],"current_hp_per_floor":[46,46,46,38,37,59,10,32,32,54,54,47,47,47,69,10],"gold":207,"neow_bonus":"ONE_RARE_RELIC","is_prod":false,"is_daily":false,"chose_seed":false,"campfire_upgraded":1,"win_rate":0.0,"timestamp":1539849188,"path_taken":["M","M","?","?","M","R","E","R","T","R","?","M","R","M","R","BOSS"],"build_version":"2018-10-11","purchased_purges":0,"victory":false,"max_hp_per_floor":[75,75,75,75,75,75,75,75,75,75,75,75,75,75,75,75],"card_choices":[{"not_picked":["Genetic Algorithm","Rebound"],"picked":"Sunder","floor":1},{"not_picked":["Hologram","Stack"],"picked":"Barrage","floor":2},{"not_picked":["BootSequence","Hologram"],"picked":"Thunder Strike","floor":4},{"not_picked":["Turbo","Leap"],"picked":"Sunder","floor":5},{"not_picked":["Ball Lightning","Leap"],"picked":"Self Repair","floor":7},{"not_picked":["Stack","Scrape"],"picked":"Turbo","floor":12},{"not_picked":["Go for the Eyes","FTL","Hologram"],"picked":"SKIP","floor":14}],"player_experience":102042,"relics_obtained":[{"floor":7,"key":"Incense Burner"},{"floor":9,"key":"Pantograph"}],"event_choices":[{"event_name":"Big Fish","player_choice":"Box","floor":3,"damage_taken":0},{"event_name":"Liars Game","player_choice":"disagreed","floor":11,"damage_taken":0}],"is_beta":false,"boss_relics":[],"items_purged_floors":[],"is_endless":false,"potions_floor_spawned":[1,2,12,14],"killed_by":"Hexaghost","ascension_level":0}