{"gold_per_floor":[117,192,25,25,36,66,66,92,118,118,118,176,186,203,203,307,357,369,11,24,24,24,24,36,55,55,55,69,69,86,99,99,194,194,210,210,64,77,88,88,88,123,123,139,153,153,153,0,0,0],"floor_reached":51,"playtime":2057,"items_purged":["Strike_B"],"score":823,"play_id":"64ac8da3-8ef7-4c08-a011-38d39b27a8b3","local_time":"20181030003907","is_ascension_mode":true,"campfire_choices":[{"data":"Zap","floor":7.0,"key":"SMITH"},{"data":"Consume","floor":11.0,"key":"SMITH"},{"floor":15.0,"key":"REST"},{"data":"Defragment","floor":23.0,"key":"SMITH"},{"data":"Capacitor","floor":27.0,"key":"SMITH"},{"floor":29.0,"key":"REST"},{"data":"Buffer","floor":32.0,"key":"SMITH"},{"data":"Biased Cognition","floor":40,"key":"SMITH"},{"data":"Seek","floor":46,"key":"SMITH"},{"data":"Discovery","floor":49,"key":"SMITH"}],"neow_cost":"NONE","seed_source_timestamp":129847645507222,"circlet_count":0,"master_deck":["Strike_B","Defend_B","Defend_B","Defend_B","Defend_B","Zap+1","Dualcast","Conserve Battery","Consume+1","Go for the Eyes","Leap","Tempest","Coolheaded","Lockon+1","Ball Lightning","FTL","Steam","Buffer+1","Biased Cognition+1","FTL","Stack","Capacitor+1","Reinforced Body","Coolheaded","Defragment+1","Hologram","Self Repair","Stack","BootSequence","Hologram+1","Steam+1","Seek+1","Tempest+1","Discovery+1","Glacier","Stack+1","Biased Cognition","Dark Shackles","Turbo+1","Coolheaded+1","Loop+1"],"special_seed":0,"relics":["Cracked Core","NeowsBlessing","Anchor","Sundial","Dream Catcher","Oddly Smooth Stone","Tiny House","Blood Vial","Meat on the Bone","Inserter","Lantern","Kunai","Singing Bowl","Red Mask"],"potions_floor_usage":[35,45,50],"damage_taken":[{"damage":0.0,"enemies":"Small Slimes","floor":1.0,"turns":1.0},{"damage":0.0,"enemies":"Jaw Worm","floor":5.0,"turns":1.0},{"damage":0.0,"enemies":"Gremlin Nob","floor":6.0,"turns":1.0},{"damage":14.0,"enemies":"3 Sentries","floor":8.0,"turns":8.0},{"damage":23.0,"enemies":"Gremlin Nob","floor":12.0,"turns":4.0},{"damage":0.0,"enemies":"Cultist","floor":13.0,"turns":2.0},{"damage":0.0,"enemies":"Blue Slaver","floor":14.0,"turns":2.0},{"damage":0.0,"enemies":"Slime Boss","floor":16.0,"turns":8.0},{"damage":4.0,"enemies":"Spheric Guardian","floor":18.0,"turns":3.0},{"damage":10.0,"enemies":"2 Thieves","floor":20.0,"turns":5.0},{"damage":0.0,"enemies":"Chosen and Byrds","floor":24.0,"turns":5.0},{"damage":26.0,"enemies":"Sentry and Sphere","floor":25.0,"turns":4.0},{"damage":49.0,"enemies":"3 Cultists","floor":28.0,"turns":5.0},{"damage":19.0,"enemies":"Chosen and Byrds","floor":30.0,"turns":5.0},{"damage":2.0,"enemies":"Sentry and Sphere","floor":31.0,"turns":6.0},{"damage":7.0,"enemies":"Automaton","floor":33.0,"turns":10.0},{"damage":0,"enemies":"3 Shapes","floor":35,"turns":6},{"damage":0,"enemies":"Orb Walker","floor":38,"turns":3},{"damage":3,"enemies":"Spire Growth","floor":39,"turns":6},{"damage":6,"enemies":"Giant Head","floor":42,"turns":9},{"damage":0,"enemies":"Sphere and 2 Shapes","floor":44,"turns":8},{"damage":0,"enemies":"Jaw Worm Horde","floor":45,"turns":6},{"damage":22,"enemies":"Time Eater","floor":50,"turns":8}],"seed_played":"-4414252031617027808","potions_obtained":[{"floor":8.0,"key":"GamblersBrew"},{"floor":13.0,"key":"Strength Potion"},{"floor":14.0,"key":"SkillPotion"},{"floor":16.0,"key":"EssenceOfSteel"},{"floor":28.0,"key":"Dexterity Potion"},{"floor":33.0,"key":"SkillPotion"},{"floor":35,"key":"FairyPotion"},{"floor":42,"key":"Fire Potion"}],"is_trial":false,"path_per_floor":["M","?","$","?","M","E","R","E","T","?","R","?","M","M","R","B",null,"M","$","M","?","$","R","M","M","T","R","M","R","M","M","R","B",null,"M","?","$","M","M","R","?","E","T","M","M","R","?","?","R","B"],"character_chosen":"DEFECT","items_purchased":["Consume","Go for the Eyes","Leap","Capacitor","Reinforced Body","Blood Vial","Lantern"],"campfire_rested":2,"item_purchase_floors":[3,3,3,19,19,19,37],"current_hp_per_floor":[75,64,64,69,69,69,69,55,55,55,55,32,32,32,56,56,85,81,81,73,73,73,73,75,51,51,51,23,48,50,57,57,59,85,85,85,85,85,85,85,85,85,85,85,85,85,85,85,85,70],"gold":0,"neow_bonus":"THREE_ENEMY_KILL","is_prod":false,"is_daily":false,"chose_seed":false,"campfire_upgraded":8,"win_rate":0,"timestamp":1540856347,"path_taken":["M","?","$","?","M","E","R","E","T","?","R","?","M","?","R","BOSS","M","$","M","?","?","R","M","M","T","R","?","R","M","M","R","BOSS","M","?","$","M","M","R","?","E","T","M","?","R","?","?","R","BOSS"],"build_version":"2018-10-29","purchased_purges":1,"victory":true,"max_hp_per_floor":[75,75,75,80,80,80,80,80,80,80,80,80,80,80,80,80,85,85,85,85,85,85,85,85,85,85,85,85,85,85,85,85,85,85,85,85,85,85,85,85,85,85,85,85,85,85,85,85,85,85],"card_choices":[{"not_picked":["Compile Driver","Aggregate"],"picked":"Conserve Battery","floor":1.0},{"not_picked":["Streamline","Turbo"],"picked":"Tempest","floor":5.0},{"not_picked":["Undo","Rip and Tear"],"picked":"Coolheaded","floor":6.0},{"not_picked":["Sweeping Beam","Consume"],"picked":"Lockon","floor":8.0},{"not_picked":["Turbo","Reinforced Body"],"picked":"Ball Lightning","floor":12.0},{"not_picked":["White Noise","Ball Lightning"],"picked":"FTL","floor":13.0},{"not_picked":["Consume","Reprogram"],"picked":"Steam","floor":14.0},{"not_picked":["Turbo","Barrage"],"picked":"Buffer","floor":15.0},{"not_picked":["Fission","All For One"],"picked":"Biased Cognition","floor":16.0},{"not_picked":["Compile Driver","Static Discharge"],"picked":"FTL","floor":17.0},{"not_picked":["Sweeping Beam","Go for the Eyes"],"picked":"Stack","floor":18.0},{"not_picked":["Compile Driver","Rebound"],"picked":"Coolheaded","floor":20.0},{"not_picked":["Ball Lightning","Force Field+1"],"picked":"Hologram","floor":24.0},{"not_picked":["Beam Cell","Gash"],"picked":"Self Repair","floor":25.0},{"not_picked":["Lockon","Buffer"],"picked":"Stack","floor":28.0},{"not_picked":["Cold Snap","Rebound+1"],"picked":"BootSequence","floor":29.0},{"not_picked":["Cold Snap","Leap+1"],"picked":"Hologram+1","floor":30.0},{"not_picked":["Hyperbeam","Leap+1"],"picked":"Steam+1","floor":31.0},{"not_picked":["Meteor Strike","Biased Cognition"],"picked":"Seek","floor":33.0},{"not_picked":["Beam Cell+1","Scrape+1"],"picked":"Tempest+1","floor":35},{"not_picked":["Dark Shackles","Transmutation"],"picked":"Discovery","floor":36},{"not_picked":["Turbo","Conserve Battery+1"],"picked":"Glacier","floor":38},{"not_picked":["Rip and Tear","Beam Cell"],"picked":"Stack+1","floor":39},{"not_picked":["Steam+1","Auto Shields"],"picked":"Turbo+1","floor":42},{"not_picked":["Compile Driver","Steam+1"],"picked":"Coolheaded+1","floor":44},{"not_picked":["Multi-Cast","Cold Snap+1"],"picked":"Loop+1","floor":45}],"player_experience":645832,"relics_obtained":[{"floor":6.0,"key":"Anchor"},{"floor":8.0,"key":"Sundial"},{"floor":9.0,"key":"Dream Catcher"},{"floor":12.0,"key":"Oddly Smooth Stone"},{"floor":26.0,"key":"Meat on the Bone"},{"floor":42,"key":"Kunai"},{"floor":43,"key":"Singing Bowl"}],"event_choices":[{"damage_healed":0.0,"max_hp_gain":0.0,"max_hp_loss":0.0,"gold_gain":75.0,"event_name":"World of Goop","player_choice":"Gather Gold","floor":2.0,"gold_loss":0.0,"damage_taken":11.0},{"damage_healed":0.0,"max_hp_gain":5.0,"max_hp_loss":0.0,"gold_gain":0.0,"event_name":"Big Fish","player_choice":"Donut","floor":4.0,"gold_loss":0.0,"damage_taken":0.0},{"cards_removed":["Strike_B"],"damage_healed":0.0,"max_hp_gain":0.0,"max_hp_loss":0.0,"gold_gain":0.0,"event_name":"Bonfire Elementals","player_choice":"Offered Basic","floor":10.0,"gold_loss":0.0,"damage_taken":0.0},{"damage_healed":0.0,"max_hp_gain":0.0,"max_hp_loss":0.0,"gold_gain":0.0,"event_name":"Dead Adventurer","player_choice":"Searched \u00271\u0027 times","floor":12.0,"gold_loss":0.0,"damage_taken":0.0},{"damage_healed":0.0,"max_hp_gain":0.0,"max_hp_loss":0.0,"gold_gain":0.0,"event_name":"The Library","player_choice":"Read","floor":21.0,"gold_loss":0.0,"damage_taken":0.0,"cards_obtained":["Defragment"]},{"damage_healed":0,"gold_gain":0,"player_choice":"Memory 1","damage_taken":0,"max_hp_gain":0,"max_hp_loss":0,"event_name":"SensoryStone","floor":36,"gold_loss":0},{"damage_healed":0,"gold_gain":0,"player_choice":"2 cards matched","damage_taken":0,"max_hp_gain":0,"max_hp_loss":0,"event_name":"Match and Keep!","floor":41,"gold_loss":0,"cards_obtained":["Biased Cognition","Dark Shackles"]},{"cards_removed":["Strike_B"],"damage_healed":0,"gold_gain":0,"player_choice":"Removed Attack","damage_taken":0,"max_hp_gain":0,"max_hp_loss":0,"event_name":"Falling","floor":47,"gold_loss":0},{"damage_healed":0,"gold_gain":0,"player_choice":"Paid","damage_taken":0,"relics_obtained":["Red Mask"],"max_hp_gain":0,"max_hp_loss":0,"event_name":"Tomb of Lord Red Mask","floor":48,"gold_loss":153}],"is_beta":true,"boss_relics":[{"not_picked":["Empty Cage","Pandora\u0027s Box"],"picked":"Tiny House"},{"not_picked":["Eternal Feather","Orrery"],"picked":"Inserter"}],"items_purged_floors":[19],"is_endless":false,"potions_floor_spawned":[8,13,14,16,28,31,33,35,42],"ascension_level":1}