{"path_per_floor":["M","M","M","$","M","R","E","?","T","M","R","$","M","M","R"],"character_chosen":"IRONCLAD","items_purchased":["Flex","Flame Barrier"],"gold_per_floor":[116,128,141,12,28,28,60,135,158,177,177,98,110,127,127],"floor_reached":16,"campfire_rested":1,"playtime":754,"current_hp_per_floor":[80,79,80,80,80,80,61,50,50,41,65,65,68,72,72],"items_purged":["Strike_R"],"gold":127,"score":185,"play_id":"6ac05be9-d6ba-434f-a8f5-58466fb50961","local_time":"20180311231126","is_prod":false,"is_daily":false,"is_ascension_mode":true,"campfire_upgraded":2,"timestamp":1520806286,"path_taken":["BOSS","M","M","M","$","?","R","E","?","T","?","R","$","M","M","R","BOSS"],"build_version":"2018-03-09","purchased_purges":1,"victory":false,"master_deck":["Strike_R","Strike_R","Strike_R","Strike_R","Defend_R","Defend_R","Defend_R","Defend_R","Bash","Rampage+1","Disarm","Shrug It Off","Flex","Shrug It Off","Whirlwind","Pommel Strike","Flame Barrier+1","Twin Strike","Demon Form"],"max_hp_per_floor":[80,80,80,80,80,80,80,80,80,80,80,80,80,80,80],"relics":["Burning Blood","Bottled Lightning","Singing Bowl"],"card_choices":[{"not_picked":["Warcry","Thunderclap"],"picked":"Inflame"},{"not_picked":["Bloodletting","Clash"],"picked":"Rampage"},{"not_picked":["Corruption","Shockwave"],"picked":"Disarm"},{"not_picked":["Seeing Red","Searing Blow"],"picked":"Shrug It Off"},{"not_picked":["Feel No Pain","Dual Wield"],"picked":"Shrug It Off"},{"not_picked":["Combust","Body Slam"],"picked":"Whirlwind"},{"not_picked":["True Grit","Warcry"],"picked":"Pommel Strike"},{"not_picked":["Armaments","Iron Wave"],"picked":"Twin Strike"},{"not_picked":["Burning Pact","Fire Breathing"],"picked":"Demon Form"}],"player_experience":206001,"potions_floor_usage":[5,10,16,16],"damage_taken":[{"damage":1,"enemies":"Cultist","floor":1,"turns":3},{"damage":7,"enemies":"Jaw Worm","floor":2,"turns":3},{"damage":2,"enemies":"Small Slimes","floor":3,"turns":4},{"damage":0,"enemies":"3 Louse","floor":5,"turns":2},{"damage":25,"enemies":"Gremlin Nob","floor":7,"turns":5},{"damage":15,"enemies":"Gremlin Gang","floor":10,"turns":5},{"damage":3,"enemies":"Exordium Wildlife","floor":13,"turns":4},{"damage":2,"enemies":"Looter","floor":14,"turns":3},{"damage":82,"enemies":"Slime Boss","floor":16,"turns":11}],"event_choices":[{"event_name":"World of Goop","player_choice":"Gather Gold","floor":8,"damage_taken":0}],"boss_relics":[],"potions_floor_spawned":[1,2,5,10,14],"seed_played":"-1286264933203005529","killed_by":"Slime Boss","ascension_level":4,"is_trial":false}