{"gold_per_floor":[113,113,123,123,123,123,88,111,111,111,130,162,175,207,207,280,280,250,165,165,165,165,165,198,11,11,28,28,56,56,73,73,150,150,165,185,197,197,11,11,38,38,107,107,121,138,158,175,175,175],"floor_reached":50,"playtime":5865,"items_purged":[],"score":1084,"play_id":"eb077f28-a5b3-4db9-a29e-a420aaece7af","local_time":"20190201150039","is_ascension_mode":true,"campfire_choices":[{"data":"Bash","floor":6.0,"key":"SMITH"},{"floor":10.0,"key":"REST"},{"data":"Disarm","floor":15.0,"key":"SMITH"},{"data":"True Grit","floor":23.0,"key":"SMITH"},{"data":"Spot Weakness","floor":28.0,"key":"SMITH"},{"data":"Inflame","floor":30.0,"key":"SMITH"},{"data":"Rampage","floor":32.0,"key":"SMITH"},{"data":"Feel No Pain","floor":40.0,"key":"SMITH"},{"data":"Reaper","floor":42.0,"key":"SMITH"},{"data":"True Grit","floor":49.0,"key":"SMITH"}],"neow_cost":"NONE","seed_source_timestamp":0,"circlet_count":0,"master_deck":["AscendersBane","Strike_R+1","Strike_R+1","Strike_R+1","Strike_R+1","Defend_R+1","Defend_R+1","Defend_R+1","Defend_R+1","Bash+1","Anger","True Grit+1","Cleave","Thunderclap","True Grit+1","Spot Weakness+1","Disarm+1","Reaper+1","Inflame+1","Flame Barrier","Feel No Pain+1","Shockwave","Pommel Strike","Havoc+1","Rampage+1","Impervious","Power Through","True Grit+1","Parasite","Warcry","Finesse","Flash of Steel","Flash of Steel","Dark Shackles","Evolve","Shrug It Off","Writhe","Entrench+1","Juggernaut"],"special_seed":0,"relics":["Burning Blood","Odd Mushroom","FossilizedHelix","Regal Pillow","StoneCalendar","Coffee Dripper","Oddly Smooth Stone","Art of War","Vajra","Blood Vial","Philosopher\u0027s Stone","Juzu Bracelet","Shuriken"],"potions_floor_usage":[50,50],"damage_taken":[{"damage":11.0,"enemies":"Jaw Worm","floor":1.0,"turns":6.0},{"damage":9.0,"enemies":"2 Louse","floor":3.0,"turns":3.0},{"damage":26.0,"enemies":"The Mushroom Lair","floor":8.0,"turns":4.0},{"damage":0.0,"enemies":"Small Slimes","floor":11.0,"turns":2.0},{"damage":20.0,"enemies":"3 Sentries","floor":12.0,"turns":6.0},{"damage":0.0,"enemies":"2 Fungi Beasts","floor":13.0,"turns":3.0},{"damage":0.0,"enemies":"Gremlin Nob","floor":14.0,"turns":3.0},{"damage":29.0,"enemies":"Hexaghost","floor":16.0,"turns":9.0},{"damage":19.0,"enemies":"2 Thieves","floor":18.0,"turns":4.0},{"damage":43.0,"enemies":"Colosseum Slavers","floor":21.0,"turns":5.0},{"damage":16.0,"enemies":"Book of Stabbing","floor":24.0,"turns":6.0},{"damage":14.0,"enemies":"3 Byrds","floor":27.0,"turns":5.0},{"damage":28.0,"enemies":"Slavers","floor":29.0,"turns":5.0},{"damage":0.0,"enemies":"Cultist and Chosen","floor":31.0,"turns":7.0},{"damage":69.0,"enemies":"Collector","floor":33.0,"turns":11.0},{"damage":11.0,"enemies":"3 Darklings","floor":35.0,"turns":6.0},{"damage":2.0,"enemies":"3 Shapes","floor":36.0,"turns":6.0},{"damage":0.0,"enemies":"Writhing Mass","floor":37.0,"turns":7.0},{"damage":67.0,"enemies":"Nemesis","floor":41.0,"turns":11.0},{"damage":16.0,"enemies":"Maw","floor":45.0,"turns":8.0},{"damage":35.0,"enemies":"Jaw Worm Horde","floor":46.0,"turns":5.0},{"damage":3.0,"enemies":"3 Darklings","floor":47.0,"turns":6.0},{"damage":13.0,"enemies":"Sphere and 2 Shapes","floor":48.0,"turns":7.0},{"damage":74,"enemies":"Donu and Deca","floor":50,"turns":9}],"seed_played":"6238271158431432927","potions_obtained":[{"floor":3.0,"key":"Swift Potion"},{"floor":11.0,"key":"BloodPotion"},{"floor":12.0,"key":"PowerPotion"},{"floor":27.0,"key":"SteroidPotion"},{"floor":29.0,"key":"Fire Potion"},{"floor":31.0,"key":"Explosive Potion"},{"floor":33.0,"key":"Explosive Potion"},{"floor":35.0,"key":"Fire Potion"},{"floor":46.0,"key":"SkillPotion"},{"floor":48.0,"key":"Energy Potion"}],"is_trial":false,"path_per_floor":["M","?","M","?","?","R","?","?","T","R","M","E","M","E","R","B",null,"M","?","$","?","?","R","E","$","T","M","R","E","R","M","R","B",null,"M","M","M","?","$","R","E","R","T","?","M","M","M","M","R","B"],"character_chosen":"IRONCLAD","items_purchased":["Feel No Pain","Shockwave","Pommel Strike","Dark Shackles","Evolve"],"campfire_rested":1,"item_purchase_floors":[25,25,25,39,39],"current_hp_per_floor":[70,63,60,35,35,35,55,35,35,59,65,51,57,63,63,40,72,67,67,67,48,48,48,50,50,50,51,51,41,41,49,49,19,66,81,82,82,72,72,72,13,13,13,29,36,26,58,53,53,0],"gold":175,"neow_bonus":"TEN_PERCENT_HP_BONUS","is_prod":false,"is_daily":false,"chose_seed":false,"campfire_upgraded":9,"win_rate":0,"timestamp":1549051239,"path_taken":["M","?","M","?","?","R","?","?","T","R","M","E","?","E","R","BOSS","M","?","$","?","?","R","E","$","T","M","R","E","R","M","R","BOSS","M","M","M","?","$","R","E","R","T","?","M","M","M","M","R","BOSS"],"build_version":"2019-01-23","purchased_purges":0,"victory":false,"max_hp_per_floor":[82,82,82,82,82,82,82,82,82,82,82,82,82,82,82,82,82,82,82,82,82,82,82,82,82,82,82,82,82,82,82,82,82,82,82,82,82,82,82,82,82,82,82,82,82,82,82,82,82,82],"card_choices":[{"not_picked":["Sword Boomerang","Armaments"],"picked":"Anger","floor":1.0},{"not_picked":["Armaments","Perfected Strike"],"picked":"True Grit","floor":3.0},{"not_picked":["Flex","Entrench"],"picked":"Cleave","floor":8.0},{"not_picked":["True Grit","Exhume"],"picked":"Thunderclap","floor":11.0},{"not_picked":["Perfected Strike","Body Slam"],"picked":"True Grit","floor":12.0},{"not_picked":["Second Wind","Uppercut"],"picked":"Spot Weakness","floor":13.0},{"not_picked":["True Grit","Shockwave"],"picked":"Disarm","floor":14.0},{"not_picked":["Offering","Barricade"],"picked":"Reaper","floor":16.0},{"not_picked":["Sever Soul","Headbutt"],"picked":"Inflame","floor":18.0},{"not_picked":["Anger","Ghostly Armor"],"picked":"Flame Barrier","floor":24.0},{"not_picked":["True Grit","Perfected Strike","Anger"],"picked":"SKIP","floor":27.0},{"not_picked":["Flex","Rupture"],"picked":"Havoc+1","floor":29.0},{"not_picked":["Wild Strike","Carnage"],"picked":"Rampage","floor":31.0},{"not_picked":["Demon Form","Juggernaut"],"picked":"Impervious","floor":33.0},{"not_picked":["Anger","Hemokinesis"],"picked":"Power Through","floor":35.0},{"not_picked":["Thunderclap","Clash+1"],"picked":"True Grit+1","floor":36.0},{"not_picked":["Wild Strike","Berserk"],"picked":"Warcry","floor":37.0},{"not_picked":["Deep Breath","Forethought"],"picked":"Finesse","floor":38.0},{"not_picked":["Forethought","Jack Of All Trades"],"picked":"Flash of Steel","floor":38.0},{"not_picked":["PanicButton","Purity"],"picked":"Flash of Steel","floor":38.0},{"not_picked":["Pommel Strike+1","Clash+1"],"picked":"Shrug It Off","floor":41.0},{"not_picked":["Thunderclap","Corruption"],"picked":"Entrench+1","floor":45.0},{"not_picked":["Wild Strike","Sentinel","Sword Boomerang+1"],"picked":"SKIP","floor":46.0},{"not_picked":["Carnage","Intimidate","Clash"],"picked":"SKIP","floor":47.0},{"not_picked":["Thunderclap","Flex+1"],"picked":"Juggernaut","floor":48.0}],"player_experience":1155028,"relics_obtained":[{"floor":8.0,"key":"Odd Mushroom"},{"floor":9.0,"key":"FossilizedHelix"},{"floor":12.0,"key":"Regal Pillow"},{"floor":14.0,"key":"StoneCalendar"},{"floor":24.0,"key":"Art of War"},{"floor":26.0,"key":"Vajra"},{"floor":29.0,"key":"Blood Vial"},{"floor":41.0,"key":"Juzu Bracelet"},{"floor":43.0,"key":"Shuriken"}],"event_choices":[{"cards_removed":["Strike_R"],"damage_healed":0.0,"max_hp_gain":0.0,"max_hp_loss":0.0,"gold_gain":0.0,"event_name":"Golden Wing","player_choice":"Card Removal","floor":2.0,"gold_loss":0.0,"damage_taken":7.0},{"damage_healed":0.0,"max_hp_gain":0.0,"max_hp_loss":0.0,"gold_gain":0.0,"event_name":"Shining Light","player_choice":"Entered Light","floor":4.0,"gold_loss":0.0,"damage_taken":25.0,"cards_upgraded":["Strike_R","Strike_R"]},{"damage_healed":0.0,"max_hp_gain":0.0,"max_hp_loss":0.0,"gold_gain":0.0,"event_name":"Golden Idol","player_choice":"Ignored","floor":5.0,"gold_loss":0.0,"damage_taken":0.0},{"damage_healed":20.0,"max_hp_gain":0.0,"max_hp_loss":0.0,"gold_gain":0.0,"event_name":"The Cleric","player_choice":"Healed","floor":7.0,"gold_loss":35.0,"damage_taken":0.0},{"damage_healed":0.0,"max_hp_gain":0.0,"max_hp_loss":0.0,"gold_gain":0.0,"event_name":"Mushrooms","player_choice":"Fought Mushrooms","floor":8.0,"gold_loss":0.0,"damage_taken":0.0},{"damage_healed":0.0,"max_hp_gain":0.0,"max_hp_loss":0.0,"gold_gain":0.0,"event_name":"Addict","player_choice":"Obtained Relic","floor":19.0,"gold_loss":85.0,"damage_taken":0.0,"relics_obtained":["Oddly Smooth Stone"]},{"damage_healed":0.0,"max_hp_gain":0.0,"max_hp_loss":0.0,"gold_gain":0.0,"event_name":"Colosseum","player_choice":"Fight","floor":21.0,"gold_loss":0.0,"damage_taken":0.0},{"damage_healed":0.0,"max_hp_gain":0.0,"max_hp_loss":0.0,"gold_gain":0.0,"event_name":"Colosseum","player_choice":"Fled From Nobs","floor":21.0,"gold_loss":0.0,"damage_taken":0.0},{"damage_healed":0.0,"max_hp_gain":0.0,"max_hp_loss":0.0,"gold_gain":0.0,"event_name":"Back to Basics","player_choice":"Simplicity","floor":22.0,"gold_loss":0.0,"damage_taken":0.0,"cards_upgraded":["Strike_R","Strike_R","Defend_R","Defend_R","Defend_R","Defend_R"]},{"damage_healed":0.0,"max_hp_gain":0.0,"max_hp_loss":0.0,"gold_gain":0.0,"event_name":"SensoryStone","player_choice":"Memory 3","floor":38.0,"gold_loss":0.0,"damage_taken":10.0},{"damage_healed":16.0,"max_hp_gain":0.0,"max_hp_loss":0.0,"gold_gain":0.0,"event_name":"Winding Halls","player_choice":"Writhe","floor":44.0,"gold_loss":0.0,"damage_taken":0.0,"cards_obtained":["Writhe"]}],"is_beta":false,"boss_relics":[{"not_picked":["Runic Dome","Cursed Key"],"picked":"Coffee Dripper"},{"not_picked":["Fusion Hammer","Black Star"],"picked":"Philosopher\u0027s Stone"}],"items_purged_floors":[],"is_endless":false,"potions_floor_spawned":[3,11,12,13,27,29,31,33,35,46,48],"killed_by":"Donu and Deca","ascension_level":19}