{"gold_per_floor":[113,129,143,143,158,183,183,202,202,228,228,1,1,1,1,1],"floor_reached":16,"playtime":579,"items_purged":[],"score":198,"play_id":"80515c03-1053-40c5-9aaf-3ac01f7bd199","local_time":"20190123190114","is_ascension_mode":true,"campfire_choices":[{"floor":7.0,"key":"REST"},{"data":"Footwork","floor":11,"key":"SMITH"},{"data":"Deadly Poison","floor":13,"key":"SMITH"},{"floor":15,"key":"REST"}],"neow_cost":"NONE","seed_source_timestamp":34966087168863,"circlet_count":0,"master_deck":["AscendersBane","Defend_G","Defend_G","Defend_G","Defend_G","Defend_G","Strike_G","Strike_G","Strike_G","Strike_G","Strike_G","Survivor","Neutralize+1","Poisoned Stab","Deadly Poison+1","Dagger Spray","Bouncing Flask","Footwork+1","Deflect","Bouncing Flask"],"special_seed":0,"relics":["Ring of the Snake","Anchor","Vajra","Boot","MealTicket","Kunai"],"potions_floor_usage":[10,10,16],"damage_taken":[{"damage":0.0,"enemies":"Small Slimes","floor":1.0,"turns":4.0},{"damage":2.0,"enemies":"2 Louse","floor":2.0,"turns":3.0},{"damage":1.0,"enemies":"Cultist","floor":3.0,"turns":3.0},{"damage":13.0,"enemies":"Red Slaver","floor":5.0,"turns":4.0},{"damage":44.0,"enemies":"3 Sentries","floor":6.0,"turns":11.0},{"damage":0.0,"enemies":"Blue Slaver","floor":8.0,"turns":4.0},{"damage":24,"enemies":"Gremlin Nob","floor":10,"turns":4},{"damage":34,"enemies":"Slime Boss","floor":16,"turns":10}],"seed_played":"3761865922999487037","potions_obtained":[{"floor":2.0,"key":"Regen Potion"},{"floor":5.0,"key":"SteroidPotion"},{"floor":8.0,"key":"EssenceOfSteel"},{"floor":10,"key":"Weak Potion"}],"is_trial":false,"path_per_floor":["?","?"],"character_chosen":"THE_SILENT","items_purchased":["MealTicket"],"campfire_rested":2,"item_purchase_floors":[12],"current_hp_per_floor":[59,57,56,56,43,14,33,33,33,9,9,9,9,9,28,0],"gold":1,"neow_bonus":"UPGRADE_CARD","is_prod":false,"is_daily":false,"chose_seed":false,"campfire_upgraded":2,"win_rate":0,"timestamp":1548266474,"path_taken":["M","M","M","?","M","E","R","M","T","E","R","$","R","?","R","BOSS"],"build_version":"2019-01-23","purchased_purges":0,"victory":false,"max_hp_per_floor":[66,66,66,66,66,66,66,66,66,66,66,66,66,66,66,66],"card_choices":[{"not_picked":["Acrobatics","Dagger Throw"],"picked":"Poisoned Stab","floor":1.0},{"not_picked":["Caltrops","Outmaneuver"],"picked":"Deadly Poison","floor":2.0},{"not_picked":["Predator","Outmaneuver"],"picked":"Dagger Spray","floor":3.0},{"not_picked":["Slice","Finisher"],"picked":"Bouncing Flask","floor":5.0},{"not_picked":["Deflect","Choke"],"picked":"Footwork","floor":6.0},{"not_picked":["Dagger Spray","Riddle With Holes"],"picked":"Deflect","floor":8.0},{"not_picked":["Grand Finale","Terror"],"picked":"Bouncing Flask","floor":10}],"player_experience":1074617,"relics_obtained":[{"floor":6.0,"key":"Anchor"},{"floor":9.0,"key":"Vajra"},{"floor":10,"key":"Boot"}],"event_choices":[{"damage_healed":0.0,"max_hp_gain":0.0,"max_hp_loss":0.0,"gold_gain":0.0,"event_name":"Golden Wing","player_choice":"Ignored","floor":4.0,"gold_loss":0.0,"damage_taken":0.0},{"damage_healed":0,"gold_gain":0,"player_choice":"Searched \u00271\u0027 times","damage_taken":0,"relics_obtained":["Kunai"],"max_hp_gain":0,"max_hp_loss":0,"event_name":"Dead Adventurer","floor":14,"gold_loss":0}],"is_beta":false,"boss_relics":[],"items_purged_floors":[],"is_endless":false,"potions_floor_spawned":[2,5,8,10],"killed_by":"Slime Boss","ascension_level":16}