{"path_per_floor":["M","M","M","$","?","E","M","R","T","?","?","E","M","?","R"],"character_chosen":"THE_SILENT","items_purchased":["Orichalcum"],"gold_per_floor":[117,134,148,1,1,35,45,45,45,45,120,154,169,169,169],"floor_reached":16,"campfire_rested":2,"playtime":1221,"current_hp_per_floor":[70,70,70,70,70,57,57,70,70,70,59,48,44,44,65],"items_purged":[],"gold":169,"score":116,"play_id":"5a0fbbc1-4b83-47a4-bff2-fa28b551a854","local_time":"20180321111054","is_prod":false,"is_daily":false,"is_ascension_mode":true,"campfire_upgraded":0,"timestamp":1521627054,"path_taken":["M","M","M","$","?","E","M","R","T","?","?","E","M","?","R","BOSS"],"build_version":"2018-03-15v3","purchased_purges":0,"victory":false,"master_deck":["Defend_G","Defend_G","Defend_G","Defend_G","Defend_G","Strike_G","Strike_G","Strike_G","Strike_G","Strike_G","Survivor","Neutralize","Sucker Punch","Flying Knee","Backstab","Regret","Burst","Backflip","Slice"],"max_hp_per_floor":[70,70,70,70,70,70,70,70,70,70,70,70,70,70,70],"relics":["Ring of the Snake","NeowsBlessing","Orichalcum","Mummified Hand","Kunai","Meat on the Bone","Happy Flower"],"card_choices":[{"not_picked":["Dagger Throw","Prepared"],"picked":"Sucker Punch"},{"not_picked":["Slice","Calculated Gamble"],"picked":"Flying Knee"},{"not_picked":["Dagger Spray","Corpse Explosion"],"picked":"Backstab"},{"not_picked":["Concentrate","Backstab"],"picked":"Burst"},{"not_picked":["Crippling Poison","Deflect"],"picked":"Backflip"},{"not_picked":["Underhanded Strike","Riddle With Holes"],"picked":"Slice"}],"player_experience":247887,"potions_floor_usage":[7,16],"damage_taken":[{"damage":0,"enemies":"2 Louse","floor":1,"turns":1},{"damage":0,"enemies":"Small Slimes","floor":2,"turns":1},{"damage":0,"enemies":"Jaw Worm","floor":3,"turns":1},{"damage":13,"enemies":"3 Sentries","floor":6,"turns":10},{"damage":0,"enemies":"Blue Slaver","floor":7,"turns":3},{"damage":11,"enemies":"Gremlin Nob","floor":12,"turns":6},{"damage":4,"enemies":"Large Slime","floor":13,"turns":6},{"damage":65,"enemies":"Hexaghost","floor":16,"turns":16}],"event_choices":[{"event_name":"Big Fish","player_choice":"Box","floor":5,"damage_taken":0},{"event_name":"Liars Game","player_choice":"disagreed","floor":10,"damage_taken":0},{"event_name":"World of Goop","player_choice":"Gather Gold","floor":11,"damage_taken":0},{"event_name":"The Woman in Blue","player_choice":"Bought 0 Potions","floor":14,"damage_taken":0}],"boss_relics":[],"potions_floor_spawned":[3,6,12,13],"seed_played":"4142718724757878743","killed_by":"Hexaghost","ascension_level":1,"is_trial":false}