{"path_per_floor":["M","?","M","$","M","R","M","R","T","M","M","$","R","$","R","B",null,"M","?","M","M","M","R","E","R","T","R","M","?","R","$","R","B",null,"M","M","$","?","?","R","M","R","T","?","M","$","M","?","R","B"],"character_chosen":"IRONCLAD","items_purchased":["Spot Weakness","Metallicize","Pummel","Limit Break","Flex"],"gold_per_floor":[116,116,128,20,30,30,44,44,120,137,148,73,73,1,1,106,106,122,47,63,75,92,92,117,117,117,117,129,129,129,13,13,113,113,127,140,40,89,0,0,11,11,37,37,53,53,67,67,67,67],"floor_reached":51,"campfire_rested":3,"playtime":2643,"current_hp_per_floor":[77,61,61,61,66,66,68,68,68,74,75,75,75,75,75,47,80,80,80,70,68,66,66,42,66,66,66,51,51,75,75,75,60,80,80,80,80,78,78,78,65,80,80,80,78,78,80,80,80,27],"items_purged":["Strike_R","Strike_R"],"gold":67,"score":682,"play_id":"d5cad767-80a7-4cf4-817a-8147b7b3471c","local_time":"20180327005204","is_prod":false,"is_daily":false,"is_ascension_mode":false,"campfire_upgraded":9,"timestamp":1522104724,"path_taken":["M","?","M","$","M","R","M","R","T","M","M","$","R","?","R","BOSS","M","?","?","M","M","R","E","R","T","R","M","?","R","$","R","BOSS","M","?","$","?","?","R","M","R","T","?","M","?","?","?","R","BOSS"],"build_version":"2018-03-22v2","purchased_purges":2,"victory":true,"master_deck":["Strike_R+1","Defend_R","Defend_R","Defend_R+1","Defend_R+1","Bash+1","Headbutt+1","Shrug It Off+1","Spot Weakness+1","Heavy Blade+1","Ghostly Armor+1","Pummel+1","Twin Strike+1","Disarm+1","Cleave+1","Limit Break+1","Flex+1","Shrug It Off+1","Twin Strike+1","Decay","Heavy Blade+1","Sword Boomerang+1","Writhe"],"max_hp_per_floor":[80,80,80,80,80,80,80,80,80,80,80,80,80,80,80,80,80,80,80,80,80,80,80,80,80,80,80,80,80,80,80,80,80,80,80,80,80,80,80,80,80,80,80,80,80,80,80,80,80,80],"relics":["Burning Blood","Vajra","Toxic Egg 2","Sozu","Whetstone","Anchor","Cursed Key","Bird Faced Urn","Red Mask","Ancient Tea Set"],"card_choices":[{"not_picked":["Shockwave","Barricade"],"picked":"Headbutt","floor":1},{"not_picked":["Uppercut","Warcry"],"picked":"Shrug It Off","floor":3},{"not_picked":["Body Slam","Spot Weakness"],"picked":"Heavy Blade","floor":7},{"not_picked":["True Grit","Evolve"],"picked":"Ghostly Armor","floor":11},{"not_picked":["Pommel Strike","Clash"],"picked":"Twin Strike","floor":22},{"not_picked":["Anger","Body Slam"],"picked":"Disarm","floor":24},{"not_picked":["Body Slam","Cleave"],"picked":"Shrug It Off","floor":36},{"not_picked":["Thunderclap","Battle Trance"],"picked":"Twin Strike","floor":38},{"not_picked":["Sword Boomerang","Sever Soul"],"picked":"Heavy Blade","floor":45},{"not_picked":["Shrug It Off","Rage"],"picked":"Sword Boomerang","floor":47}],"player_experience":169220,"potions_floor_usage":[7,10,20,33],"damage_taken":[{"damage":9,"enemies":"2 Louse","floor":1,"turns":3},{"damage":6,"enemies":"Jaw Worm","floor":3,"turns":5},{"damage":1,"enemies":"Cultist","floor":5,"turns":4},{"damage":4,"enemies":"Looter","floor":7,"turns":3},{"damage":0,"enemies":"Red Slaver","floor":10,"turns":4},{"damage":5,"enemies":"3 Louse","floor":11,"turns":3},{"damage":34,"enemies":"Hexaghost","floor":16,"turns":8},{"damage":3,"enemies":"2 Thieves","floor":18,"turns":3},{"damage":16,"enemies":"3 Byrds","floor":20,"turns":4},{"damage":8,"enemies":"Snake Plant","floor":21,"turns":4},{"damage":8,"enemies":"Snecko","floor":22,"turns":4},{"damage":30,"enemies":"Gremlin Leader","floor":24,"turns":5},{"damage":21,"enemies":"Sentry and Sphere","floor":28,"turns":6},{"damage":21,"enemies":"Collector","floor":33,"turns":5},{"damage":0,"enemies":"Orb Walker","floor":35,"turns":3},{"damage":6,"enemies":"3 Darklings","floor":36,"turns":4},{"damage":8,"enemies":"Sphère mystérieuse","floor":38,"turns":5},{"damage":21,"enemies":"Maw","floor":41,"turns":5},{"damage":8,"enemies":"4 Shapes","floor":45,"turns":7},{"damage":0,"enemies":"Sphere and 2 Shapes","floor":47,"turns":3},{"damage":59,"enemies":"Time Eater","floor":50,"turns":9}],"event_choices":[{"event_name":"Shining Light","player_choice":"Entered Light","floor":2,"damage_taken":0},{"event_name":"Beggar","player_choice":"Gave Gold","floor":19,"damage_taken":0},{"event_name":"Transmorgrifier","player_choice":"Transform","floor":29,"damage_taken":0},{"event_name":"Mysterious Sphere","player_choice":"Fight","floor":38,"damage_taken":0},{"event_name":"Tomb of Lord Red Mask","player_choice":"Paid","floor":39,"damage_taken":0},{"event_name":"Winding Halls","player_choice":"Writhe","floor":48,"damage_taken":0}],"boss_relics":[{"not_picked":["White Beast Statue","Black Blood"],"picked":"Sozu"},{"not_picked":["Philosopher\u0027s Stone","Black Star"],"picked":"Cursed Key"}],"potions_floor_spawned":[3,5,7,11,18,21,35,38,47],"seed_played":"-5784433645389243200","ascension_level":0,"is_trial":false}