{"gold_per_floor":[115,190,205,205,11,11,43,70,94,123,123,141,158,158,158,230,230,203,217,235,245,33,33],"floor_reached":23,"playtime":826,"items_purged":[],"score":392,"play_id":"d8b1d67c-7ed8-4c54-8958-a60ae24b2e95","local_time":"20181214035000","is_ascension_mode":true,"campfire_choices":[{"data":"Darkness","floor":6.0,"key":"SMITH"},{"floor":11.0,"key":"REST"},{"data":"Streamline","floor":15.0,"key":"SMITH"}],"neow_cost":"NONE","seed_source_timestamp":0,"circlet_count":0,"master_deck":["AscendersBane","Strike_B","Strike_B","Strike_B","Strike_B","Defend_B","Defend_B","Defend_B+1","Zap","Dualcast","Darkness+1","FTL","Conserve Battery+1","Conserve Battery","Cold Snap","Undo","Streamline+1","Ball Lightning","Buffer","Reprogram","Compile Driver+1","Capacitor+1","Redo"],"special_seed":0,"relics":["FrozenCore","Bag of Marbles","Turnip","Odd Mushroom","Bag of Preparation","War Paint","Lee\u0027s Waffle"],"potions_floor_usage":[21,23],"damage_taken":[{"damage":5.0,"enemies":"2 Louse","floor":1.0,"turns":3.0},{"damage":2.0,"enemies":"Jaw Worm","floor":3.0,"turns":4.0},{"damage":23.0,"enemies":"Lagavulin","floor":7.0,"turns":6.0},{"damage":6.0,"enemies":"The Mushroom Lair","floor":8.0,"turns":4.0},{"damage":16.0,"enemies":"3 Sentries","floor":10.0,"turns":6.0},{"damage":0.0,"enemies":"Small Slimes","floor":12.0,"turns":2.0},{"damage":0.0,"enemies":"3 Louse","floor":13.0,"turns":2.0},{"damage":2.0,"enemies":"Slime Boss","floor":16.0,"turns":7.0},{"damage":5.0,"enemies":"2 Thieves","floor":18.0,"turns":4.0},{"damage":11.0,"enemies":"Spheric Guardian","floor":19.0,"turns":5.0},{"damage":11,"enemies":"Snake Plant","floor":20,"turns":6},{"damage":9,"enemies":"Sentry and Sphere","floor":21,"turns":9},{"damage":85,"enemies":"Book of Stabbing","floor":23,"turns":4}],"seed_played":"-5821250261200454809","potions_obtained":[{"floor":1.0,"key":"Swift Potion"},{"floor":8.0,"key":"Swift Potion"},{"floor":13.0,"key":"Fire Potion"},{"floor":14.0,"key":"Regen Potion"},{"floor":19.0,"key":"Block Potion"}],"is_trial":false,"path_per_floor":["M","?","M","?","$","R","E","?","T","E","R","M","M","?","R","B",null,"M","M","M","M","$","E"],"character_chosen":"DEFECT","items_purchased":["Bag of Marbles","Conserve Battery","Lee\u0027s Waffle"],"campfire_rested":1,"item_purchase_floors":[5,5,22],"current_hp_per_floor":[66,55,53,46,46,46,23,17,17,1,24,24,24,24,24,22,64,59,48,37,43,85,0],"gold":33,"neow_bonus":"TEN_PERCENT_HP_BONUS","is_prod":false,"is_daily":false,"chose_seed":false,"campfire_upgraded":2,"win_rate":0,"timestamp":1544727000,"path_taken":["M","?","M","?","?","R","E","?","T","E","R","M","M","?","R","BOSS","M","M","M","M","$","E"],"build_version":"2018-12-06","purchased_purges":0,"victory":false,"max_hp_per_floor":[78,78,78,78,78,78,78,78,78,78,78,78,78,78,78,78,78,78,78,78,78,85,85],"card_choices":[{"not_picked":["Barrage","Consume"],"picked":"Darkness","floor":1.0},{"not_picked":["Coolheaded","Turbo"],"picked":"FTL","floor":3.0},{"not_picked":["Doom and Gloom","Heatsinks"],"picked":"Conserve Battery","floor":7.0},{"not_picked":["Beam Cell","Gash"],"picked":"Cold Snap","floor":8.0},{"not_picked":["Sunder","Scrape"],"picked":"Undo","floor":10.0},{"not_picked":["Conserve Battery","Barrage"],"picked":"Streamline","floor":12.0},{"not_picked":["Stack","Turbo"],"picked":"Ball Lightning","floor":13.0},{"not_picked":["Echo Form","Creative AI"],"picked":"Buffer","floor":16.0},{"not_picked":["Hello World","Chaos+1"],"picked":"Reprogram","floor":18.0},{"not_picked":["Redo","Turbo+1"],"picked":"Compile Driver+1","floor":19.0},{"not_picked":["White Noise","Melter"],"picked":"Capacitor+1","floor":20},{"not_picked":["Turbo","Conserve Battery"],"picked":"Redo","floor":21}],"player_experience":994473,"relics_obtained":[{"floor":7.0,"key":"Turnip"},{"floor":8.0,"key":"Odd Mushroom"},{"floor":9.0,"key":"Bag of Preparation"},{"floor":10.0,"key":"War Paint"}],"event_choices":[{"damage_healed":0.0,"max_hp_gain":0.0,"max_hp_loss":0.0,"gold_gain":75.0,"event_name":"World of Goop","player_choice":"Gather Gold","floor":2.0,"gold_loss":0.0,"damage_taken":11.0},{"cards_removed":["Defend_B"],"damage_healed":0.0,"max_hp_gain":0.0,"max_hp_loss":0.0,"gold_gain":0.0,"event_name":"Golden Wing","player_choice":"Card Removal","floor":4.0,"gold_loss":0.0,"damage_taken":7.0},{"damage_healed":0.0,"max_hp_gain":0.0,"max_hp_loss":0.0,"gold_gain":0.0,"event_name":"Mushrooms","player_choice":"Fought Mushrooms","floor":8.0,"gold_loss":0.0,"damage_taken":0.0},{"damage_healed":0.0,"max_hp_gain":0.0,"max_hp_loss":0.0,"gold_gain":0.0,"event_name":"Lab","player_choice":"Got Potions","floor":14.0,"gold_loss":0.0,"damage_taken":0.0}],"is_beta":false,"boss_relics":[{"not_picked":["Lizard Tail","Philosopher\u0027s Stone"],"picked":"FrozenCore"}],"items_purged_floors":[],"is_endless":false,"potions_floor_spawned":[1,8,13,16,19,20],"killed_by":"Book of Stabbing","ascension_level":19}