{"gold_per_floor":[116,133,60,60,60,60,9,27,74,88,43,76,96,106,106,183,183,202,114,127,177,187,187,237,237],"floor_reached":25,"playtime":611,"items_purged":[],"score":355,"play_id":"66297627-d01d-4212-aabc-c759ccc042cd","local_time":"20180709115313","daily_mods":["Binary"],"is_ascension_mode":true,"campfire_choices":[{"data":"Zap","floor":6,"key":"SMITH"},{"floor":15,"key":"REST"},{"floor":23,"key":"REST"}],"neow_cost":"","seed_source_timestamp":0,"circlet_count":0,"master_deck":["Strike_B","Strike_B+1","Strike_B","Strike_B+1","Defend_B","Defend_B","Defend_B","Defend_B","Zap+1","Dualcast","AscendersBane","Capacitor","Coolheaded","Ball Lightning","Cold Snap","Doom and Gloom"],"relics":["Cracked Core","Busted Crown","Whetstone","Gambling Chip","Inserter"],"potions_floor_usage":[10,12,14,20],"damage_taken":[{"damage":7,"enemies":"Jaw Worm","floor":1,"turns":3},{"damage":0,"enemies":"Small Slimes","floor":2,"turns":3},{"damage":0,"enemies":"Cultist","floor":8,"turns":3},{"damage":9,"enemies":"Exordium Thugs","floor":10,"turns":5},{"damage":14,"enemies":"Gremlin Nob","floor":12,"turns":3},{"damage":12,"enemies":"Blue Slaver","floor":13,"turns":3},{"damage":0,"enemies":"Looter","floor":14,"turns":1},{"damage":24,"enemies":"The Guardian","floor":16,"turns":12},{"damage":30,"enemies":"3 Byrds","floor":18,"turns":5},{"damage":10,"enemies":"Chosen","floor":20,"turns":4},{"damage":28,"enemies":"3 Cultists","floor":22,"turns":5},{"damage":41,"enemies":"Snake Plant","floor":25,"turns":4}],"seed_played":"8728372110833308821","potions_obtained":[{"floor":1,"key":"FocusPotion"},{"floor":8,"key":"FairyPotion"},{"floor":10,"key":"EssenceOfSteel"},{"floor":13,"key":"Fire Potion"},{"floor":18,"key":"Regen Potion"}],"is_trial":true,"path_per_floor":["M","M","$","?","?","R","$","M","T","M","$","E","M","M","R","B",null,"M","$","M","?","M","R","?"],"character_chosen":"DEFECT","items_purchased":["Capacitor","Coolheaded","Ball Lightning","Cold Snap","Doom and Gloom"],"campfire_rested":2,"item_purchase_floors":[3,7,11,19,19],"current_hp_per_floor":[57,57,57,57,62,62,62,62,62,53,53,39,27,27,49,25,63,33,33,32,32,4,26,26,0],"gold":237,"neow_bonus":"","is_prod":false,"is_daily":false,"chose_seed":false,"campfire_upgraded":1,"win_rate":0,"timestamp":1531162393,"path_taken":["M","M","$","?","?","R","$","M","T","?","$","E","M","M","R","BOSS","M","$","M","?","M","R","?","M"],"build_version":"2018-07-05","purchased_purges":0,"victory":false,"max_hp_per_floor":[71,71,71,71,76,76,76,76,76,76,76,76,76,76,76,76,76,76,76,76,76,76,76,76,76],"card_choices":[],"player_experience":544743,"relics_obtained":[{"floor":9,"key":"Whetstone"},{"floor":12,"key":"Gambling Chip"}],"event_choices":[{"event_name":"Shining Light","player_choice":"Ignored","floor":4,"damage_taken":0},{"event_name":"Big Fish","player_choice":"Donut","floor":5,"damage_taken":0},{"event_name":"Golden Shrine","player_choice":"Pray","floor":21,"damage_taken":0},{"event_name":"Nest","player_choice":"Stole From Cult","floor":24,"damage_taken":0}],"boss_relics":[{"not_picked":["Lizard Tail","Coffee Dripper"],"picked":"Inserter"}],"items_purged_floors":[],"is_endless":false,"potions_floor_spawned":[1,8,10,13,18],"killed_by":"Snake Plant","ascension_level":15}