{"gold_per_floor":[113,129,129,204,222,222,233,259,259,272,272,252],"floor_reached":12,"playtime":196,"items_purged":[],"score":156,"play_id":"3ae4b1ce-6105-4666-9df0-f260917323e6","local_time":"20190107193552","is_ascension_mode":true,"campfire_choices":[{"data":"Zap","floor":6,"key":"SMITH"}],"neow_cost":"NONE","seed_source_timestamp":0,"circlet_count":0,"master_deck":["AscendersBane","Strike_B","Strike_B","Strike_B","Strike_B","Defend_B","Defend_B+1","Defend_B","Zap+1","Dualcast","Ball Lightning","Redo+1","Leap","Beam Cell","Tempest","Stack"],"special_seed":0,"relics":["Cracked Core","War Paint","Gremlin Horn"],"potions_floor_usage":[8,8],"damage_taken":[{"damage":0.0,"enemies":"Cultist","floor":1.0,"turns":3.0},{"damage":5,"enemies":"2 Louse","floor":2,"turns":2},{"damage":7,"enemies":"Jaw Worm","floor":5,"turns":2},{"damage":2,"enemies":"Exordium Wildlife","floor":7,"turns":2},{"damage":32,"enemies":"Gremlin Nob","floor":8,"turns":4},{"damage":4,"enemies":"Blue Slaver","floor":10,"turns":2},{"damage":8,"enemies":"Exordium Thugs","floor":12,"turns":1}],"seed_played":"6354075333836897293","potions_obtained":[{"floor":2,"key":"GamblersBrew"},{"floor":5,"key":"FocusPotion"}],"is_trial":false,"path_per_floor":["M","M","?","?","M","R","M","E","T","M","?","M"],"character_chosen":"DEFECT","items_purchased":[],"campfire_rested":0,"item_purchase_floors":[],"current_hp_per_floor":[71,66,71,60,53,53,51,19,19,15,8,0],"gold":252,"neow_bonus":"TEN_PERCENT_HP_BONUS","is_prod":false,"is_daily":false,"chose_seed":false,"campfire_upgraded":1,"win_rate":0,"timestamp":1546857352,"path_taken":["M","?","?","?","M","R","M","E","T","M","?","M"],"build_version":"2019-01-03v4","purchased_purges":0,"victory":false,"max_hp_per_floor":[78,78,83,83,83,83,83,83,83,83,83,83],"card_choices":[{"not_picked":["Go for the Eyes","Reinforced Body"],"picked":"Ball Lightning","floor":1.0},{"not_picked":["Sweeping Beam","Double Energy"],"picked":"Redo","floor":2},{"not_picked":["Sweeping Beam","Static Discharge"],"picked":"Leap","floor":5},{"not_picked":["Chaos","Chill"],"picked":"Beam Cell","floor":7},{"not_picked":["Steam Power","Recycle"],"picked":"Tempest","floor":8},{"not_picked":["Steam Power","Redo"],"picked":"Stack","floor":10}],"player_experience":1016481,"relics_obtained":[{"floor":8,"key":"War Paint"},{"floor":9,"key":"Gremlin Horn"}],"event_choices":[{"damage_healed":0,"gold_gain":0,"player_choice":"Donut","damage_taken":0,"max_hp_gain":5,"max_hp_loss":0,"event_name":"Big Fish","floor":3,"gold_loss":0},{"damage_healed":0,"gold_gain":75,"player_choice":"Gather Gold","damage_taken":11,"max_hp_gain":0,"max_hp_loss":0,"event_name":"World of Goop","floor":4,"gold_loss":0},{"cards_removed":["Defend_B"],"damage_healed":0,"gold_gain":0,"player_choice":"Card Removal","damage_taken":7,"max_hp_gain":0,"max_hp_loss":0,"event_name":"Golden Wing","floor":11,"gold_loss":0}],"is_beta":false,"boss_relics":[],"items_purged_floors":[],"is_endless":false,"potions_floor_spawned":[2,5,7],"killed_by":"Exordium Thugs","ascension_level":19}