{"gold_per_floor":[112,126,11,86,261,261,288,288,358,59,78,107,72,86,86,189,189,208,226,21,36,36,54,66,82,154,154,70,169,169,189,189,292,292,310,321,321,331,20,32,32,61,61,77,96,96,3,19,19,19],"floor_reached":50,"playtime":2702,"items_purged":["Strike_G","Doubt"],"score":586,"play_id":"7d6be269-2306-40f0-b47b-f0d371fb1457","local_time":"20181209173620","is_ascension_mode":false,"campfire_choices":[{"data":"Blade Dance","floor":6,"key":"SMITH"},{"data":"Accuracy","floor":8,"key":"SMITH"},{"data":"Blade Dance","floor":15,"key":"SMITH"},{"floor":30,"key":"REST"},{"floor":32,"key":"REST"},{"data":"Corpse Explosion","floor":41,"key":"SMITH"},{"data":"Terror","floor":49,"key":"SMITH"}],"neow_cost":"NONE","seed_source_timestamp":83690253145088,"circlet_count":0,"master_deck":["Defend_G","Defend_G","Defend_G","Defend_G","Defend_G","Strike_G","Strike_G","Strike_G","Strike_G","Survivor","Neutralize+1","Blade Dance+1","Accuracy+1","Crippling Poison","Poisoned Stab","Poisoned Stab+1","Burst","Blade Dance+1","Corpse Explosion+1","Terror+1","Blade Dance+1","Panache","Swift Strike","Purity","Blur","Cloak And Dagger","Blade Dance+1","Choke","Blade Dance","Backflip","Corpse Explosion","Outmaneuver+1","Calculated Gamble","Blade Dance","Finisher+1","Backflip","Deflect+1","Catalyst","Finesse"],"relics":["Ring of the Snake","NeowsBlessing","Nunchaku","Meat on the Bone","ClockworkSouvenir","Whetstone","WristBlade","Sundial","Eternal Feather","Bottled Lightning","Ornamental Fan","Dream Catcher"],"potions_floor_usage":[12,18,21,21,24,25,36,40,42,44,45,50,50],"damage_taken":[{"damage":0,"enemies":"Jaw Worm","floor":1,"turns":1},{"damage":0,"enemies":"Small Slimes","floor":2,"turns":1},{"damage":0,"enemies":"Gremlin Nob","floor":7,"turns":1},{"damage":0,"enemies":"Cultist","floor":11,"turns":3},{"damage":32,"enemies":"3 Sentries","floor":12,"turns":8},{"damage":0,"enemies":"Gremlin Gang","floor":14,"turns":3},{"damage":21,"enemies":"Hexaghost","floor":16,"turns":7},{"damage":10,"enemies":"Shell Parasite","floor":18,"turns":4},{"damage":0,"enemies":"Chosen","floor":19,"turns":4},{"damage":0,"enemies":"Centurion and Healer","floor":21,"turns":2},{"damage":1,"enemies":"Snecko","floor":23,"turns":3},{"damage":9,"enemies":"Shelled Parasite and Fungi","floor":24,"turns":4},{"damage":21,"enemies":"Sentry and Sphere","floor":25,"turns":5},{"damage":4,"enemies":"Centurion and Healer","floor":31,"turns":4},{"damage":47,"enemies":"Champ","floor":33,"turns":10},{"damage":11,"enemies":"Orb Walker","floor":35,"turns":3},{"damage":9,"enemies":"3 Darklings","floor":36,"turns":2},{"damage":22,"enemies":"Spire Growth","floor":38,"turns":4},{"damage":13,"enemies":"Maw","floor":40,"turns":5},{"damage":47,"enemies":"Giant Head","floor":42,"turns":7},{"damage":5,"enemies":"Jaw Worm Horde","floor":44,"turns":2},{"damage":0,"enemies":"Transient","floor":45,"turns":5},{"damage":0,"enemies":"Sphere and 2 Shapes","floor":48,"turns":3},{"damage":74,"enemies":"Time Eater","floor":50,"turns":6}],"seed_played":"4359014608881232224","potions_obtained":[{"floor":7,"key":"Strength Potion"},{"floor":12,"key":"GamblersBrew"},{"floor":14,"key":"SpeedPotion"},{"floor":18,"key":"AttackPotion"},{"floor":19,"key":"Block Potion"},{"floor":23,"key":"GhostInAJar"},{"floor":33,"key":"Strength Potion"},{"floor":36,"key":"Poison Potion"},{"floor":40,"key":"Swift Potion"},{"floor":42,"key":"SkillPotion"},{"floor":44,"key":"Regen Potion"},{"floor":48,"key":"PowerPotion"}],"is_trial":false,"path_per_floor":["M","M","$","?","?","R","E","R","T","$","M","E","?","M","R","B",null,"M","M","$","M","?","M","M","M","T","?","$","?","R","M","R","B",null,"M","M","?","M","$","M","R","E","T","M","M","?","$","M","R","B"],"character_chosen":"THE_SILENT","items_purchased":["Crippling Poison","ClockworkSouvenir","Panache","Quick Slash","Choke","Blade Dance","Bottled Lightning","GhostInAJar","Finesse"],"campfire_rested":2,"item_purchase_floors":[3,10,20,20,28,28,39,39,47],"current_hp_per_floor":[70,70,70,59,59,59,59,59,59,59,59,39,56,56,56,47,70,60,60,60,60,39,38,41,32,32,19,19,19,41,49,71,36,75,64,55,55,45,45,44,65,30,30,37,52,52,52,52,73,0],"gold":19,"neow_bonus":"THREE_ENEMY_KILL","is_prod":false,"is_daily":false,"chose_seed":false,"campfire_upgraded":5,"win_rate":0.0,"timestamp":1544330180,"path_taken":["M","M","$","?","?","R","E","R","T","?","M","E","?","M","R","BOSS","M","M","$","M","?","?","M","?","T","?","$","?","R","M","R","BOSS","M","M","?","M","?","M","R","E","T","M","M","?","$","M","R","BOSS"],"build_version":"2018-12-06","purchased_purges":2,"victory":false,"max_hp_per_floor":[70,70,70,70,70,70,70,70,70,70,70,70,70,70,70,70,70,70,70,70,70,70,70,70,70,70,75,75,75,75,75,75,75,75,75,75,75,75,75,75,75,75,75,75,75,75,75,75,75,75],"card_choices":[{"not_picked":["Acrobatics","Concentrate"],"picked":"Blade Dance","floor":1},{"not_picked":["Bane","Backflip"],"picked":"Accuracy","floor":2},{"not_picked":["Acrobatics","Sucker Punch"],"picked":"Poisoned Stab","floor":7},{"not_picked":["Deflect","All Out Attack"],"picked":"Poisoned Stab","floor":11},{"not_picked":["Bullet Time","Leg Sweep"],"picked":"Burst","floor":12},{"not_picked":["Poisoned Stab","Dash"],"picked":"Blade Dance","floor":14},{"not_picked":["Glass Knife","Wraith Form v2"],"picked":"Corpse Explosion","floor":16},{"not_picked":["Predator","Well Laid Plans"],"picked":"Terror","floor":18},{"not_picked":["Poisoned Stab","Predator"],"picked":"Blade Dance+1","floor":19},{"not_picked":["Dagger Spray+1","Sucker Punch"],"picked":"Infinite Blades","floor":21},{"not_picked":["Acrobatics","Backflip+1"],"picked":"Blur","floor":23},{"not_picked":["Calculated Gamble","Sucker Punch"],"picked":"Cloak And Dagger","floor":24},{"not_picked":["Choke","Deadly Poison"],"picked":"Blade Dance+1","floor":25},{"not_picked":["Outmaneuver","Heel Hook+1"],"picked":"Backflip","floor":31},{"not_picked":["Glass Knife","Burst"],"picked":"Corpse Explosion","floor":33},{"not_picked":["Riddle With Holes","Dagger Throw+1"],"picked":"Outmaneuver+1","floor":35},{"not_picked":["Noxious Fumes","Well Laid Plans"],"picked":"Calculated Gamble","floor":36},{"not_picked":["PiercingWail","Outmaneuver+1"],"picked":"Finisher+1","floor":38},{"not_picked":["All Out Attack","Quick Slash+1","Bane"],"picked":"SKIP","floor":40},{"not_picked":["Flying Knee","Backstab+1"],"picked":"Backflip","floor":42},{"not_picked":["A Thousand Cuts","Dagger Throw"],"picked":"Deflect+1","floor":44},{"not_picked":["Calculated Gamble+1","Sucker Punch+1"],"picked":"Catalyst","floor":45},{"not_picked":["Skewer+1","Dagger Throw","Endless Agony"],"picked":"SKIP","floor":48}],"player_experience":456293,"relics_obtained":[{"floor":7,"key":"Nunchaku"},{"floor":9,"key":"Meat on the Bone"},{"floor":12,"key":"Whetstone"},{"floor":26,"key":"Sundial"},{"floor":42,"key":"Ornamental Fan"},{"floor":43,"key":"Dream Catcher"}],"event_choices":[{"damage_healed":0,"gold_gain":75,"player_choice":"Gather Gold","damage_taken":11,"max_hp_gain":0,"max_hp_loss":0,"event_name":"World of Goop","floor":4,"gold_loss":0},{"damage_healed":0,"gold_gain":175,"player_choice":"AGREE","damage_taken":0,"max_hp_gain":0,"max_hp_loss":0,"event_name":"Liars Game","floor":5,"gold_loss":0,"cards_obtained":["Doubt"]},{"damage_healed":17,"gold_gain":0,"player_choice":"Healed","damage_taken":0,"max_hp_gain":0,"max_hp_loss":0,"event_name":"The Cleric","floor":13,"gold_loss":35},{"damage_healed":0,"gold_gain":0,"player_choice":"CARD CARD ","damage_taken":21,"max_hp_gain":0,"max_hp_loss":0,"event_name":"Knowing Skull","floor":22,"potions_obtained":[],"gold_loss":0,"cards_obtained":["Swift Strike","Purity"]},{"damage_healed":0,"gold_gain":0,"player_choice":"Shed Blood","damage_taken":18,"max_hp_gain":5,"max_hp_loss":0,"event_name":"Forgotten Altar","floor":27,"gold_loss":0},{"damage_healed":0,"gold_gain":99,"player_choice":"Stole From Cult","damage_taken":0,"max_hp_gain":0,"max_hp_loss":0,"event_name":"Nest","floor":29,"gold_loss":0},{"damage_healed":0,"gold_gain":0,"cards_transformed":["Infinite Blades"],"player_choice":"Transformed","damage_taken":0,"max_hp_gain":0,"max_hp_loss":0,"event_name":"Transmorgrifier","floor":37,"gold_loss":0,"cards_obtained":["Blade Dance"]},{"cards_removed":["Quick Slash"],"damage_healed":0,"gold_gain":0,"player_choice":"Removed Attack","damage_taken":0,"max_hp_gain":0,"max_hp_loss":0,"event_name":"Falling","floor":46,"gold_loss":0}],"is_beta":false,"boss_relics":[{"not_picked":["Runic Dome","White Beast Statue"],"picked":"WristBlade"},{"not_picked":["Velvet Choker","Runic Pyramid"],"picked":"Eternal Feather"}],"items_purged_floors":[3,10],"is_endless":false,"potions_floor_spawned":[7,12,14,18,19,23,33,36,40,42,44,48],"killed_by":"Time Eater","ascension_level":0}