{"gold_per_floor":[99,99,99,47,12,12,12,12,12,12,12,12,12,12,12,12,12,12,12,12,12,12,12,12,12,12,12,12,12,12,12,12,12,12,12,12,12,12,12,12,12,12],"floor_reached":42,"playtime":1136,"items_purged":[],"score":914,"play_id":"881daa10-4e0f-4b48-9662-66b01888852a","local_time":"20180716215625","is_ascension_mode":true,"campfire_choices":[{"data":"Perfected Strike","floor":6.0,"key":"SMITH"},{"data":"True Grit","floor":11.0,"key":"SMITH"},{"data":"True Grit","floor":15.0,"key":"SMITH"},{"floor":25.0,"key":"REST"},{"floor":29.0,"key":"REST"},{"floor":32.0,"key":"REST"},{"floor":40,"key":"REST"}],"neow_cost":"NONE","seed_source_timestamp":0,"circlet_count":0,"master_deck":["Strike_R+1","Strike_R+1","Strike_R+1","Strike_R+1","Strike_R+1","Defend_R+1","Defend_R+1","Defend_R+1","Defend_R+1","Bash","AscendersBane","True Grit+1","Battle Trance","Perfected Strike+1","True Grit+1","Thunderclap","Clothesline","Double Tap","Disarm","Perfected Strike","Disarm","Wild Strike","Perfected Strike","Flame Barrier","Offering","Madness","Madness"],"special_seed":0,"relics":["Ectoplasm","Self Forming Clay","Singing Bowl","Pen Nib","Fusion Hammer","Nloth\u0027s Gift","Letter Opener","Ginger","Red Skull","Mark of Pain","Gambling Chip","Gremlin Horn"],"potions_floor_usage":[42],"damage_taken":[{"damage":0.0,"enemies":"2 Louse","floor":1.0,"turns":3.0},{"damage":3.0,"enemies":"Small Slimes","floor":3.0,"turns":3.0},{"damage":25.0,"enemies":"3 Sentries","floor":7.0,"turns":8.0},{"damage":0.0,"enemies":"Cultist","floor":8.0,"turns":2.0},{"damage":16.0,"enemies":"Lagavulin","floor":13.0,"turns":5.0},{"damage":20.0,"enemies":"Hexaghost","floor":16.0,"turns":8.0},{"damage":0.0,"enemies":"3 Byrds","floor":18.0,"turns":4.0},{"damage":6.0,"enemies":"Spheric Guardian","floor":19.0,"turns":3.0},{"damage":9.0,"enemies":"Centurion and Healer","floor":22.0,"turns":4.0},{"damage":29.0,"enemies":"Slavers","floor":23.0,"turns":5.0},{"damage":21.0,"enemies":"Snake Plant","floor":24.0,"turns":4.0},{"damage":0.0,"enemies":"Gremlin Leader","floor":30.0,"turns":5.0},{"damage":3.0,"enemies":"Snecko","floor":31.0,"turns":4.0},{"damage":75.0,"enemies":"Collector","floor":33.0,"turns":11.0},{"damage":4.0,"enemies":"Orb Walker","floor":35.0,"turns":1.0},{"damage":21.0,"floor":37.0,"turns":3.0},{"damage":6.0,"enemies":"3 Darklings","floor":38.0,"turns":4.0},{"damage":4,"enemies":"3 Darklings","floor":39,"turns":4},{"damage":37,"enemies":"Nemesis","floor":41,"turns":6},{"damage":40,"enemies":"Transient","floor":42,"turns":4}],"seed_played":"-4085043967237083129","potions_obtained":[{"floor":3.0,"key":"Strength Potion"},{"floor":7.0,"key":"FairyPotion"},{"floor":30.0,"key":"EssenceOfSteel"}],"is_trial":false,"path_per_floor":["M","?","M","$","?","R","E","M","T","?","R","$","E","$","R","B",null,"M","M","$","?","M","E","M","R","T","$","?","R","E","M","R","B",null,"M","$","?","?","M","R","E"],"character_chosen":"IRONCLAD","items_purchased":["Perfected Strike"],"campfire_rested":4,"item_purchase_floors":[4],"current_hp_per_floor":[68,73,70,70,70,70,45,45,45,45,45,45,29,29,29,9,62,62,56,56,56,47,20,8,32,32,32,32,56,56,53,77,2,62,60,60,41,20,18,44,9,0],"gold":12,"neow_bonus":"BOSS_RELIC","is_prod":false,"is_daily":false,"chose_seed":false,"campfire_upgraded":3,"win_rate":0,"timestamp":1531803385,"path_taken":["M","?","?","$","?","R","E","M","T","?","R","$","E","$","R","BOSS","M","M","$","?","?","E","?","R","T","?","?","R","E","M","R","BOSS","M","$","?","?","M","R","E","M"],"build_version":"2018-07-13","purchased_purges":0,"victory":false,"max_hp_per_floor":[75,80,80,80,80,80,80,80,80,80,80,80,80,80,80,80,80,80,80,80,80,80,82,82,82,82,82,82,82,82,82,82,82,82,84,84,86,86,88,88,90,90],"card_choices":[{"not_picked":["Cleave","Warcry"],"picked":"True Grit","floor":1.0},{"not_picked":["Anger","Wild Strike"],"picked":"Battle Trance","floor":3.0},{"not_picked":["Fiend Fire","Pummel"],"picked":"True Grit","floor":7.0},{"not_picked":["Bloodletting","Anger"],"picked":"Thunderclap","floor":8.0},{"not_picked":["Thunderclap","Havoc"],"picked":"Clothesline","floor":13.0},{"not_picked":["Barricade","Demon Form"],"picked":"Double Tap","floor":16.0},{"not_picked":["Entrench","Feel No Pain"],"picked":"Disarm","floor":18.0},{"not_picked":["Carnage","Blood for Blood+1"],"picked":"Perfected Strike","floor":19.0},{"not_picked":["Body Slam","Fire Breathing"],"picked":"Disarm","floor":22.0},{"not_picked":["Fire Breathing","Warcry","Juggernaut"],"picked":"Singing Bowl","floor":23.0},{"not_picked":["Twin Strike","Reckless Charge"],"picked":"Wild Strike","floor":24.0},{"not_picked":["Immolate","Twin Strike"],"picked":"Perfected Strike","floor":30.0},{"not_picked":["Disarm","Pommel Strike"],"picked":"Flame Barrier","floor":31.0},{"not_picked":["Limit Break","Impervious"],"picked":"Offering","floor":33.0},{"not_picked":["Havoc+1","Clash+1","Clothesline+1"],"picked":"Singing Bowl","floor":35.0},{"not_picked":["Warcry","Anger","Feed"],"picked":"Singing Bowl","floor":37.0},{"not_picked":["Sword Boomerang","Barricade","Iron Wave"],"picked":"Singing Bowl","floor":39},{"not_picked":["Heavy Blade","Battle Trance","Hemokinesis"],"picked":"Singing Bowl","floor":41}],"player_experience":673668,"relics_obtained":[{"floor":7.0,"key":"Self Forming Clay"},{"floor":9.0,"key":"Singing Bowl"},{"floor":13.0,"key":"Calipers"},{"floor":23.0,"key":"Letter Opener"},{"floor":26.0,"key":"Ginger"},{"floor":30.0,"key":"Red Skull"},{"floor":37.0,"key":"Gambling Chip"},{"floor":41,"key":"Gremlin Horn"}],"event_choices":[{"event_name":"Big Fish","player_choice":"Donut","floor":2.0,"damage_taken":0.0},{"event_name":"World of Goop","player_choice":"Left","floor":5.0,"damage_taken":0.0},{"event_name":"Dead Adventurer","player_choice":"Searched \u00273\u0027 times","floor":10.0,"damage_taken":0.0},{"event_name":"N\u0027loth","player_choice":"Traded a Calipers","floor":21.0,"damage_taken":0.0},{"event_name":"Back to Basics","player_choice":"Simplicity","floor":28.0,"damage_taken":0.0},{"event_name":"Mysterious Sphere","player_choice":"Fight","floor":37.0,"damage_taken":0.0},{"event_name":"Winding Halls","player_choice":"Embrace Madness","floor":38,"damage_taken":0}],"boss_relics":[{"not_picked":["Runic Pyramid","Empty Cage"],"picked":"Fusion Hammer"},{"not_picked":["Busted Crown","Lizard Tail"],"picked":"Mark of Pain"}],"items_purged_floors":[],"is_endless":false,"potions_floor_spawned":[3,7,22,30,31,33,38,41],"killed_by":"Transient","ascension_level":15}