{"gold_per_floor":[119,119,130,130,130,130,146,174,174,174,174,174,191,191,191,293,293,305,305,315,315],"floor_reached":21,"playtime":1346,"items_purged":[],"score":177,"play_id":"28003185-d2a2-403e-ab86-ef05fdf4386f","local_time":"20181219123313","is_ascension_mode":false,"campfire_choices":[{"floor":6,"key":"REST"},{"data":"Choke","floor":11,"key":"SMITH"},{"data":"Backflip","floor":15,"key":"SMITH"}],"neow_cost":"NONE","seed_source_timestamp":264749329033356,"circlet_count":0,"master_deck":["Defend_G","Defend_G","Defend_G+1","Defend_G+1","Defend_G","Strike_G","Strike_G","Strike_G","Strike_G","Survivor","Neutralize","Choke+1","Backstab","Expertise","Caltrops+1","Backflip+1","Adrenaline","Eviscerate","Endless Agony+1"],"relics":["Ring of the Snake","Frozen Egg 2","Mummified Hand","Black Star","Paper Crane"],"potions_floor_usage":[16],"damage_taken":[{"damage":2,"enemies":"Small Slimes","floor":1,"turns":3},{"damage":6,"enemies":"Cultist","floor":3,"turns":3},{"damage":0,"enemies":"2 Louse","floor":7,"turns":2},{"damage":27,"enemies":"Gremlin Nob","floor":8,"turns":4},{"damage":0,"enemies":"Red Slaver","floor":13,"turns":3},{"damage":19,"enemies":"Hexaghost","floor":16,"turns":12},{"damage":26,"enemies":"Spheric Guardian","floor":18,"turns":6},{"damage":26,"enemies":"3 Byrds","floor":20,"turns":7},{"damage":26,"enemies":"Cultist and Chosen","floor":21,"turns":4}],"seed_played":"421382354788337357","potions_obtained":[{"floor":1,"key":"Energy Potion"},{"floor":16,"key":"Dexterity Potion"},{"floor":18,"key":"Fire Potion"}],"is_trial":false,"path_per_floor":["M","$","M","?","?","R","M","E","T","$","R","$","M","?","R","B",null,"M","T","M","M"],"character_chosen":"THE_SILENT","items_purchased":[],"campfire_rested":1,"item_purchase_floors":[],"current_hp_per_floor":[75,75,69,54,54,77,77,50,50,50,50,50,50,50,50,31,77,51,51,25,0],"gold":315,"neow_bonus":"TEN_PERCENT_HP_BONUS","is_prod":false,"is_daily":false,"chose_seed":false,"campfire_upgraded":2,"win_rate":0.0,"timestamp":1545219193,"path_taken":["M","$","M","?","?","R","?","E","T","$","R","?","?","?","R","BOSS","M","?","M","M"],"build_version":"2018-12-13","purchased_purges":0,"victory":false,"max_hp_per_floor":[77,77,77,77,77,77,77,77,77,77,77,77,77,77,77,77,77,77,77,77,77],"card_choices":[{"not_picked":["Caltrops","Dash"],"picked":"Choke","floor":1},{"not_picked":["Expertise","Flying Knee"],"picked":"Backstab","floor":3},{"not_picked":["Dagger Throw","Poisoned Stab"],"picked":"Expertise","floor":7},{"not_picked":["Dodge and Roll","Skewer"],"picked":"Caltrops","floor":8},{"not_picked":["Flying Knee","Deflect"],"picked":"Backflip","floor":13},{"not_picked":["Glass Knife","A Thousand Cuts+1"],"picked":"Adrenaline","floor":16},{"not_picked":["Underhanded Strike","Acrobatics"],"picked":"Eviscerate","floor":18},{"not_picked":["Dodge and Roll","Acrobatics"],"picked":"Endless Agony+1","floor":20}],"player_experience":4097,"relics_obtained":[{"floor":8,"key":"Frozen Egg 2"},{"floor":9,"key":"Mummified Hand"},{"floor":19,"key":"Paper Crane"}],"event_choices":[{"damage_healed":0,"gold_gain":0,"player_choice":"Entered Light","damage_taken":15,"max_hp_gain":0,"max_hp_loss":0,"event_name":"Shining Light","floor":4,"gold_loss":0,"cards_upgraded":["Defend_G","Defend_G"]},{"damage_healed":0,"gold_gain":0,"player_choice":"Bought 0 Potions","damage_taken":0,"max_hp_gain":0,"max_hp_loss":0,"event_name":"The Woman in Blue","floor":5,"gold_loss":0},{"cards_removed":["Strike_G"],"damage_healed":0,"gold_gain":0,"player_choice":"Purged","damage_taken":0,"max_hp_gain":0,"max_hp_loss":0,"event_name":"Purifier","floor":14,"gold_loss":0}],"is_beta":false,"boss_relics":[{"not_picked":["Calling Bell","Snecko Eye"],"picked":"Black Star"}],"items_purged_floors":[],"is_endless":false,"potions_floor_spawned":[1,16,18],"killed_by":"Cultist and Chosen","ascension_level":0}