{"gold_per_floor":[143,157,175,155,167,193,193,193,273,273,198,208,242,254,254,254],"floor_reached":16,"playtime":425,"items_purged":[],"score":228,"play_id":"9aa4b267-4ac8-47ab-a380-47ec620b3e35","local_time":"20181222002759","is_ascension_mode":true,"campfire_choices":[{"data":"Perfected Strike","floor":7,"key":"SMITH"},{"data":"Wild Strike","floor":10,"key":"SMITH"},{"data":"1","floor":15,"key":"LIFT"}],"neow_cost":"NONE","seed_source_timestamp":16133578176069,"circlet_count":0,"master_deck":["AscendersBane","Strike_R","Strike_R","Strike_R","Strike_R","Defend_R","Defend_R","Defend_R","Defend_R","Bash","Iron Wave","Wild Strike+1","Perfected Strike+1","Headbutt","Impervious","Power Through","Armaments","Perfected Strike"],"special_seed":0,"relics":["Burning Blood","Tiny Chest","Potion Belt","Mercury Hourglass","Girya"],"potions_floor_usage":[6,8,13],"damage_taken":[{"damage":7.0,"enemies":"Jaw Worm","floor":1.0,"turns":3.0},{"damage":1.0,"enemies":"Cultist","floor":2.0,"turns":4.0},{"damage":10.0,"enemies":"2 Louse","floor":3.0,"turns":3.0},{"damage":4.0,"enemies":"2 Fungi Beasts","floor":5.0,"turns":3.0},{"damage":25,"enemies":"3 Sentries","floor":6,"turns":8},{"damage":0,"enemies":"Exordium Thugs","floor":8,"turns":1},{"damage":8,"enemies":"Blue Slaver","floor":12,"turns":2},{"damage":3,"enemies":"Gremlin Nob","floor":13,"turns":3},{"damage":0,"enemies":"Exordium Wildlife","floor":14,"turns":4},{"damage":0,"enemies":"The Guardian","floor":16,"turns":1}],"seed_played":"-1140184723150380055","potions_obtained":[{"floor":3.0,"key":"Strength Potion"},{"floor":4.0,"key":"SmokeBomb"},{"floor":12,"key":"AttackPotion"}],"is_trial":false,"path_per_floor":["M","M","M","?","M","E","R","M","T","R","?","M","E","M","R","B"],"character_chosen":"IRONCLAD","items_purchased":[],"campfire_rested":0,"item_purchase_floors":[],"current_hp_per_floor":[67,72,68,68,70,51,51,57,57,57,57,55,58,64,64,64],"gold":254,"neow_bonus":"RANDOM_COMMON_RELIC","is_prod":false,"is_daily":false,"chose_seed":false,"campfire_upgraded":2,"win_rate":0,"timestamp":1545406079,"path_taken":["M","M","M","?","?","E","R","M","T","R","?","M","E","M","R","BOSS"],"build_version":"2018-12-20","purchased_purges":0,"victory":false,"max_hp_per_floor":[75,75,75,75,75,75,75,75,75,75,75,75,75,75,75,75],"card_choices":[{"not_picked":["Cleave","Burning Pact"],"picked":"Iron Wave","floor":1.0},{"not_picked":["Cleave","Pommel Strike"],"picked":"Wild Strike","floor":2.0},{"not_picked":["Heavy Blade","Fire Breathing"],"picked":"Perfected Strike","floor":3.0},{"not_picked":["Feel No Pain","Warcry"],"picked":"Headbutt","floor":5.0},{"not_picked":["Flex","Uppercut"],"picked":"Impervious","floor":6},{"not_picked":["Sword Boomerang","Uppercut"],"picked":"Power Through","floor":12},{"not_picked":["Sword Boomerang","Rage"],"picked":"Armaments","floor":13},{"not_picked":["Clothesline","Flex"],"picked":"Perfected Strike","floor":14}],"player_experience":827451,"relics_obtained":[{"floor":6,"key":"Potion Belt"},{"floor":9,"key":"Mercury Hourglass"},{"floor":13,"key":"Girya"}],"event_choices":[{"damage_healed":0.0,"max_hp_gain":0.0,"max_hp_loss":0.0,"gold_gain":0.0,"event_name":"The Woman in Blue","player_choice":"Bought 1 Potion","floor":4.0,"gold_loss":0.0,"damage_taken":0.0},{"cards_removed":["Strike_R"],"damage_healed":0,"gold_gain":0,"player_choice":"Card Removal","damage_taken":0,"max_hp_gain":0,"max_hp_loss":0,"event_name":"The Cleric","floor":11,"gold_loss":75}],"is_beta":false,"boss_relics":[],"items_purged_floors":[],"is_endless":false,"potions_floor_spawned":[3,5,8,12],"killed_by":"The Guardian","ascension_level":20}