{"path_per_floor":["M","$","?","M","?","E","R","?","T","R","M","E","M","?","R","B",null,"M","?","?","?","$","R","E","R","T","M","R","M","E","?","R","B",null,"M","$","?","M","?","R","?","R","T","M","?","M","M","M","R","B"],"character_chosen":"THE_SILENT","items_purchased":["Infinite Blades","Footwork","Dagger Spray","Pen Nib"],"gold_per_floor":[110,33,33,47,47,81,81,81,81,81,96,124,141,102,102,199,199,218,143,143,143,18,18,52,52,75,90,90,101,132,132,132,232,232,242,22,22,40,40,40,88,88,114,127,127,140,158,169,169,169],"floor_reached":51,"campfire_rested":1,"playtime":2538,"current_hp_per_floor":[70,70,75,75,75,59,59,59,59,59,59,59,55,55,55,34,75,75,75,75,61,61,61,47,47,54,54,54,54,54,54,54,36,87,74,74,66,61,61,61,48,48,48,36,36,17,3,3,29,23],"items_purged":["Strike_G"],"gold":169,"score":790,"play_id":"7f42a8f5-2be7-4f4b-aa9d-504de61ba7e1","local_time":"20180422180306","is_prod":false,"is_daily":false,"chose_seed":false,"is_ascension_mode":false,"campfire_upgraded":8,"timestamp":1524412986,"path_taken":["M","$","?","M","?","E","R","?","T","R","M","E","M","?","R","BOSS","M","?","?","?","$","R","E","R","T","?","R","M","E","?","R","BOSS","M","$","?","?","?","R","?","R","T","?","?","M","M","M","R","BOSS"],"build_version":"2018-04-19","seed_source_timestamp":664394689251,"purchased_purges":1,"victory":true,"master_deck":["Defend_G","Defend_G","Defend_G","Defend_G","Defend_G","Strike_G","Strike_G","Strike_G","Survivor+1","Neutralize","Footwork","Slice","Finisher+1","Escape Plan+1","Cloak And Dagger+1","Sucker Punch+1","Infinite Blades+1","Flying Knee","After Image","Dodge and Roll","Dash+1","Adrenaline+1","Leg Sweep+1","Footwork+1","Dagger Spray+1","Blur","Envenom+1","Well Laid Plans+1","Terror","Deflect","Backflip+1","Dodge and Roll+1"],"max_hp_per_floor":[70,70,75,75,75,75,75,75,75,75,75,75,75,75,75,75,75,75,75,75,80,80,80,80,80,87,87,87,87,87,87,87,87,87,87,87,87,87,87,87,87,87,87,87,87,87,87,87,87,87],"relics":["Orrery","Bag of Preparation","Orichalcum","Bag of Marbles","Cursed Key","Art of War","Strawberry","War Paint","Spirit Poop","White Beast Statue","Pen Nib","Girya","Bronze Scales"],"card_choices":[{"not_picked":["Deflect","Heel Hook"],"picked":"Footwork","floor":0},{"not_picked":["Dagger Throw","Acrobatics"],"picked":"Slice","floor":0},{"not_picked":["Underhanded Strike","Outmaneuver"],"picked":"Finisher","floor":0},{"not_picked":["Concentrate","Riddle With Holes"],"picked":"Escape Plan","floor":0},{"not_picked":["Blur","Backstab"],"picked":"Cloak And Dagger","floor":0},{"not_picked":["Acrobatics","Bane"],"picked":"Sucker Punch","floor":1},{"not_picked":["Masterful Stab","Underhanded Strike"],"picked":"Flying Knee","floor":4},{"not_picked":["Backflip","Bane"],"picked":"After Image","floor":6},{"not_picked":["Dagger Throw","Acrobatics"],"picked":"Dodge and Roll","floor":12},{"not_picked":["Flechettes","Choke"],"picked":"Dash","floor":13},{"not_picked":["Doppelganger","Corpse Explosion"],"picked":"Adrenaline","floor":16},{"not_picked":["Bane","Deadly Poison"],"picked":"Leg Sweep","floor":18},{"not_picked":["Sucker Punch","All Out Attack"],"picked":"Blur","floor":27},{"not_picked":["Corpse Explosion","Storm of Steel"],"picked":"Envenom","floor":33},{"not_picked":["Poisoned Stab","Crippling Poison"],"picked":"Well Laid Plans","floor":38},{"not_picked":["PiercingWail","Riddle With Holes"],"picked":"Deflect","floor":44},{"not_picked":["Cloak And Dagger","Wraith Form v2"],"picked":"Backflip","floor":47},{"not_picked":["Deadly Poison","Flying Knee"],"picked":"Dodge and Roll","floor":48}],"player_experience":511162,"potions_floor_usage":[12,12,30,33,38,41,44,44,46,47,50,50],"damage_taken":[{"damage":0,"enemies":"Small Slimes","floor":1,"turns":3},{"damage":0,"enemies":"Jaw Worm","floor":4,"turns":4},{"damage":16,"enemies":"3 Sentries","floor":6,"turns":10},{"damage":0,"enemies":"2 Louse","floor":11,"turns":3},{"damage":0,"enemies":"Gremlin Nob","floor":12,"turns":3},{"damage":4,"enemies":"Large Slime","floor":13,"turns":6},{"damage":21,"enemies":"Hexaghost","floor":16,"turns":12},{"damage":0,"enemies":"Chosen","floor":18,"turns":4},{"damage":14,"enemies":"Slavers","floor":24,"turns":6},{"damage":0,"enemies":"Spheric Guardian","floor":27,"turns":4},{"damage":0,"enemies":"3 Cultists","floor":29,"turns":7},{"damage":0,"enemies":"Book of Stabbing","floor":30,"turns":7},{"damage":18,"enemies":"Automaton","floor":33,"turns":15},{"damage":13,"enemies":"3 Shapes","floor":35,"turns":6},{"damage":5,"enemies":"Orb Walker","floor":38,"turns":6},{"damage":13,"enemies":"Sphère mystérieuse","floor":41,"turns":6},{"damage":24,"enemies":"4 Shapes","floor":44,"turns":4},{"damage":19,"enemies":"Sphere and 2 Shapes","floor":46,"turns":6},{"damage":14,"enemies":"3 Darklings","floor":47,"turns":4},{"damage":0,"enemies":"Maw","floor":48,"turns":7},{"damage":6,"enemies":"Donu and Deca","floor":50,"turns":16}],"event_choices":[{"event_name":"Big Fish","player_choice":"Donut","floor":3,"damage_taken":0},{"event_name":"Liars Game","player_choice":"disagreed","floor":5,"damage_taken":0},{"event_name":"Living Wall","player_choice":"Grow","floor":8,"damage_taken":0},{"event_name":"World of Goop","player_choice":"Left","floor":14,"damage_taken":0},{"event_name":"Beggar","player_choice":"Gave Gold","floor":19,"damage_taken":0},{"event_name":"Vampires","player_choice":"Ignored","floor":20,"damage_taken":0},{"event_name":"Forgotten Altar","player_choice":"Shed Blood","floor":21,"damage_taken":0},{"event_name":"Bonfire Elementals","player_choice":"CURSE","floor":31,"damage_taken":0},{"event_name":"Wheel of Change","player_choice":"Damage","floor":37,"damage_taken":0},{"event_name":"Match and Keep!","player_choice":"1 cards matched","floor":39,"damage_taken":0},{"event_name":"Mysterious Sphere","player_choice":"Fight","floor":41,"damage_taken":0},{"event_name":"Fountain of Cleansing","player_choice":"Removed Curse","floor":45,"damage_taken":0}],"boss_relics":[{"not_picked":["Ectoplasm","Pandora\u0027s Box"],"picked":"Cursed Key"},{"not_picked":["Runic Dome","Velvet Choker"],"picked":"White Beast Statue"}],"potions_floor_spawned":[6,11,13,24,27,30,35,38,41,44,46,47,48],"seed_played":"5694152748447914947","ascension_level":0,"is_trial":false}