{"gold_per_floor":[214,289,299,66,66,94,94,112,112,139,153,153,180,180,180,283,283,295,295,210,60,76,76,103,103,157,175,175,193,224,240,240,342,342,352,352,1351,717,736,765,58,93,93,93,110,110,0,12,12,12],"floor_reached":51,"playtime":2479,"items_purged":["Normality","Normality"],"score":1128,"play_id":"5af56cc1-1693-449a-afac-734095d702c5","local_time":"20190201220715","is_ascension_mode":true,"campfire_choices":[{"floor":7,"key":"REST"},{"floor":12,"key":"REST"},{"floor":15,"key":"REST"},{"data":"Corpse Explosion","floor":23,"key":"SMITH"},{"floor":28,"key":"REST"},{"data":"Malaise","floor":32,"key":"SMITH"},{"data":"Noxious Fumes","floor":44,"key":"SMITH"},{"data":"Sucker Punch","floor":49,"key":"SMITH"}],"neow_cost":"NONE","seed_source_timestamp":30298303226700,"circlet_count":0,"master_deck":["Defend_G","Defend_G","Defend_G","Defend_G","Strike_G","Strike_G","Strike_G","Survivor","Neutralize","Poisoned Stab","Bane","Noxious Fumes+1","Well Laid Plans","Dagger Spray","Sucker Punch+1","Corpse Explosion+1","Malaise+1","Terror","Venomology","Envenom","Caltrops+1","Bane","Dodge and Roll+1","PiercingWail","Noxious Fumes+1","Panacea","Parasite","Slice+1"],"relics":["Ring of the Snake","Orichalcum","Lantern","Gremlin Horn","Pocketwatch","Odd Mushroom","Busted Crown","Happy Flower","Du-Vu Doll","Centennial Puzzle","Blood Vial","Philosopher\u0027s Stone","Kunai","Lee\u0027s Waffle","Paper Crane","Pen Nib","ClockworkSouvenir","Bottled Flame","FossilizedHelix","Red Mask"],"potions_floor_usage":[11,22,29,30,30,30,33,33,35,39,40,42,42,45,50,50,50,50],"damage_taken":[{"damage":3,"enemies":"Jaw Worm","floor":1,"turns":5},{"damage":10,"enemies":"Small Slimes","floor":3,"turns":6},{"damage":16,"enemies":"3 Sentries","floor":6,"turns":6},{"damage":0,"enemies":"Cultist","floor":8,"turns":3},{"damage":31,"enemies":"Lagavulin","floor":10,"turns":6},{"damage":6,"enemies":"3 Louse","floor":11,"turns":3},{"damage":17,"enemies":"The Mushroom Lair","floor":13,"turns":4},{"damage":45,"enemies":"Slime Boss","floor":16,"turns":8},{"damage":7,"enemies":"3 Byrds","floor":18,"turns":3},{"damage":0,"enemies":"Shell Parasite","floor":22,"turns":5},{"damage":9,"enemies":"Book of Stabbing","floor":24,"turns":6},{"damage":0,"enemies":"Cultist and Chosen","floor":27,"turns":4},{"damage":0,"enemies":"Snake Plant","floor":29,"turns":5},{"damage":7,"enemies":"Gremlin Leader","floor":30,"turns":4},{"damage":10,"enemies":"Centurion and Healer","floor":31,"turns":6},{"damage":40,"enemies":"Automaton","floor":33,"turns":11},{"damage":10,"enemies":"Orb Walker","floor":35,"turns":5},{"damage":1,"enemies":"3 Shapes","floor":39,"turns":3},{"damage":27,"enemies":"Nemesis","floor":40,"turns":7},{"damage":23,"enemies":"Reptomancer","floor":42,"turns":5},{"damage":19,"enemies":"Writhing Mass","floor":45,"turns":5},{"damage":1,"enemies":"Spire Growth","floor":48,"turns":6},{"damage":27,"enemies":"Time Eater","floor":50,"turns":13}],"seed_played":"-9120719538225837418","potions_obtained":[{"floor":6,"key":"FairyPotion"},{"floor":8,"key":"Weak Potion"},{"floor":16,"key":"AttackPotion"},{"floor":18,"key":"Explosive Potion"},{"floor":27,"key":"SkillPotion"},{"floor":33,"key":"SkillPotion"},{"floor":40,"key":"Regen Potion"},{"floor":42,"key":"Block Potion"}],"is_trial":false,"path_per_floor":["M","?","M","$","?","E","R","M","T","E","M","R","?","?","R","B",null,"M","?","?","$","M","R","E","?","T","M","R","M","E","M","R","B",null,"M","?","?","$","M","E","$","E","T","R","M","?","?","M","R","B",null],"character_chosen":"THE_SILENT","items_purchased":["Noxious Fumes","Orichalcum","Malaise","Kunai","Lee\u0027s Waffle","PowerPotion","Bane","PiercingWail","Noxious Fumes","Pen Nib","ClockworkSouvenir","SpeedPotion","Panacea"],"campfire_rested":4,"item_purchase_floors":[4,4,21,38,38,38,38,41,41,41,41,41,41],"current_hp_per_floor":[60,49,39,39,39,23,44,44,44,13,7,28,11,11,32,7,54,47,47,47,47,47,47,38,38,38,38,59,59,52,44,44,6,54,46,46,46,77,76,50,50,44,44,44,27,67,67,66,66,40],"gold":12,"neow_bonus":"HUNDRED_GOLD","is_prod":false,"is_daily":false,"chose_seed":false,"campfire_upgraded":4,"win_rate":0,"timestamp":1549051635,"path_taken":["M","?","M","$","?","E","R","M","T","E","?","R","?","?","R","BOSS","M","?","?","$","M","R","E","?","T","?","R","M","E","M","R","BOSS","M","?","?","$","M","E","$","E","T","R","M","?","?","M","R","BOSS"],"build_version":"2019-01-23","purchased_purges":2,"victory":true,"max_hp_per_floor":[70,70,70,70,70,70,70,70,70,70,70,70,70,70,70,70,70,70,70,70,70,70,70,70,70,70,70,70,70,70,70,70,70,70,70,70,70,77,77,77,77,77,77,77,77,67,67,67,67,67],"card_choices":[{"not_picked":["Infinite Blades","Cloak And Dagger"],"picked":"Poisoned Stab","floor":1},{"not_picked":["Bouncing Flask","Underhanded Strike"],"picked":"Bane","floor":3},{"not_picked":["Underhanded Strike","Malaise"],"picked":"Well Laid Plans","floor":6},{"not_picked":["Outmaneuver","Reflex","Slice"],"picked":"SKIP","floor":8},{"not_picked":["Choke","Infinite Blades","Reflex"],"picked":"SKIP","floor":10},{"not_picked":["Acrobatics","Underhanded Strike","Backflip"],"picked":"SKIP","floor":11},{"not_picked":["Acrobatics","Dodge and Roll"],"picked":"Dagger Spray","floor":13},{"not_picked":["Phantasmal Killer","Night Terror"],"picked":"Corpse Explosion","floor":16},{"not_picked":["Flying Knee+1"],"picked":"SKIP","floor":18},{"not_picked":[],"picked":"Terror","floor":22},{"not_picked":[],"picked":"Venomology","floor":24},{"not_picked":["Escape Plan"],"picked":"SKIP","floor":27},{"not_picked":["Prepared"],"picked":"SKIP","floor":29},{"not_picked":["Skewer+1"],"picked":"SKIP","floor":30},{"not_picked":["Caltrops"],"picked":"SKIP","floor":31},{"not_picked":[],"picked":"Envenom","floor":33},{"not_picked":[],"picked":"Caltrops+1","floor":35},{"not_picked":[],"picked":"Dodge and Roll+1","floor":39},{"not_picked":["Eviscerate"],"picked":"SKIP","floor":40},{"not_picked":["Quick Slash"],"picked":"SKIP","floor":42},{"not_picked":["Quick Slash"],"picked":"SKIP","floor":42},{"not_picked":["Bouncing Flask"],"picked":"SKIP","floor":45},{"not_picked":[],"picked":"Slice+1","floor":48}],"player_experience":548405,"relics_obtained":[{"floor":6,"key":"Lantern"},{"floor":9,"key":"Gremlin Horn"},{"floor":10,"key":"Pocketwatch"},{"floor":13,"key":"Odd Mushroom"},{"floor":24,"key":"Du-Vu Doll"},{"floor":26,"key":"Centennial Puzzle"},{"floor":30,"key":"Blood Vial"},{"floor":40,"key":"Paper Crane"},{"floor":42,"key":"Bottled Flame"},{"floor":43,"key":"FossilizedHelix"}],"event_choices":[{"damage_healed":0,"gold_gain":75,"player_choice":"Gather Gold","damage_taken":11,"max_hp_gain":0,"max_hp_loss":0,"event_name":"World of Goop","floor":2,"gold_loss":0},{"damage_healed":0,"gold_gain":0,"player_choice":"Upgraded","damage_taken":0,"max_hp_gain":0,"max_hp_loss":0,"event_name":"Upgrade Shrine","floor":5,"gold_loss":0,"cards_upgraded":["Noxious Fumes"]},{"damage_healed":0,"gold_gain":0,"player_choice":"Fought Mushrooms","damage_taken":0,"max_hp_gain":0,"max_hp_loss":0,"event_name":"Mushrooms","floor":13,"gold_loss":0},{"damage_healed":0,"gold_gain":0,"cards_transformed":["Strike_G"],"player_choice":"Transformed","damage_taken":0,"max_hp_gain":0,"max_hp_loss":0,"event_name":"Transmorgrifier","floor":14,"gold_loss":0,"cards_obtained":["Sucker Punch"]},{"damage_healed":0,"gold_gain":0,"player_choice":"Ignored","damage_taken":0,"max_hp_gain":0,"max_hp_loss":0,"event_name":"Ghosts","floor":19,"gold_loss":0},{"damage_healed":0,"gold_gain":0,"player_choice":"Obtained Relic","damage_taken":0,"relics_obtained":["Happy Flower"],"max_hp_gain":0,"max_hp_loss":0,"event_name":"Addict","floor":20,"gold_loss":85},{"cards_removed":["Strike_G"],"damage_healed":0,"gold_gain":0,"player_choice":"Purged","damage_taken":0,"max_hp_gain":0,"max_hp_loss":0,"event_name":"Purifier","floor":25,"gold_loss":0},{"cards_removed":["Defend_G"],"damage_healed":0,"gold_gain":0,"player_choice":"Removed Skill","damage_taken":0,"max_hp_gain":0,"max_hp_loss":0,"event_name":"Falling","floor":36,"gold_loss":0},{"damage_healed":0,"gold_gain":999,"player_choice":"Gold","damage_taken":0,"max_hp_gain":0,"max_hp_loss":0,"event_name":"MindBloom","floor":37,"gold_loss":0,"cards_obtained":["Normality","Normality"]},{"damage_healed":67,"gold_gain":0,"player_choice":"Heal","damage_taken":0,"max_hp_gain":0,"max_hp_loss":10,"event_name":"The Moai Head","floor":46,"gold_loss":0},{"damage_healed":0,"gold_gain":0,"player_choice":"Paid","damage_taken":0,"relics_obtained":["Red Mask"],"max_hp_gain":0,"max_hp_loss":0,"event_name":"Tomb of Lord Red Mask","floor":47,"gold_loss":110}],"is_beta":false,"boss_relics":[{"not_picked":["Lizard Tail","WristBlade"],"picked":"Busted Crown"},{"not_picked":["Ring of the Serpent","Runic Pyramid"],"picked":"Philosopher\u0027s Stone"}],"items_purged_floors":[38,41],"is_endless":false,"potions_floor_spawned":[6,8,16,18,27,33,40,42],"ascension_level":9}