{"gold_per_floor":[216,235,235,7,0,36,36,36,59,78,78,118,131,49,49,168,168,191,230,230,255,255,255,290,315,315,356,44,68,68,89,89,210,273,291,309,29,47,66,66,100,0,0,21,37,37,50,65,65,65],"floor_reached":50,"playtime":3938,"items_purged":["Defend_G","Strike_G"],"score":576,"play_id":"d771ddc4-b2bc-43d2-9e68-448144769506","local_time":"20190201134055","is_ascension_mode":true,"campfire_choices":[{"data":"Noxious Fumes","floor":7,"key":"SMITH"},{"data":"Dagger Spray","floor":11,"key":"SMITH"},{"floor":15,"key":"REST"},{"floor":23,"key":"REST"},{"floor":32,"key":"REST"},{"data":"Noxious Fumes","floor":40,"key":"SMITH"},{"floor":46,"key":"REST"},{"floor":49,"key":"RECALL"}],"neow_cost":"NONE","seed_source_timestamp":741042971756000,"circlet_count":0,"master_deck":["Defend_G","Defend_G+1","Defend_G+1","Defend_G","Strike_G","Strike_G","Strike_G","Survivor","Neutralize","Deadly Poison","Deadly Poison","Noxious Fumes+1","Dodge and Roll","Dagger Spray+1","Backstab+1","Flying Knee","Noxious Fumes+1","Tools of the Trade","Acrobatics+1","Poisoned Stab","Adrenaline","Catalyst","PiercingWail","Noxious Fumes","PiercingWail+1","Well Laid Plans","Malaise","Quick Slash+1","Backstab"],"relics":["Ring of the Snake","Golden Idol","Bag of Preparation","War Paint","Centennial Puzzle","Anchor","Busted Crown","Red Mask","Matryoshka","Regal Pillow","Tough Bandages","Vajra","Nloth\u0027s Gift","Tiny House","Bottled Tornado","Bottled Flame","PreservedInsect"],"potions_floor_usage":[16,19,27,34,38,38,41,47,50,50],"damage_taken":[{"damage":0,"enemies":"Small Slimes","floor":1,"turns":3},{"damage":1,"enemies":"2 Louse","floor":2,"turns":3},{"damage":21,"enemies":"Lagavulin","floor":6,"turns":5},{"damage":7,"enemies":"Cultist","floor":10,"turns":4},{"damage":18,"enemies":"Gremlin Nob","floor":12,"turns":5},{"damage":0,"enemies":"3 Louse","floor":13,"turns":3},{"damage":8,"enemies":"Slime Boss","floor":16,"turns":8},{"damage":5,"enemies":"3 Byrds","floor":18,"turns":4},{"damage":14,"enemies":"Masked Bandits","floor":19,"turns":4},{"damage":8,"enemies":"Shell Parasite","floor":21,"turns":5},{"damage":20,"enemies":"Slavers","floor":24,"turns":6},{"damage":15,"enemies":"Snecko","floor":25,"turns":5},{"damage":5,"enemies":"Book of Stabbing","floor":27,"turns":6},{"damage":0,"enemies":"Centurion and Healer","floor":29,"turns":5},{"damage":3,"enemies":"Shelled Parasite and Fungi","floor":31,"turns":5},{"damage":23,"enemies":"Automaton","floor":33,"turns":8},{"damage":0,"enemies":"Orb Walker","floor":35,"turns":3},{"damage":0,"enemies":"3 Shapes","floor":36,"turns":5},{"damage":5,"enemies":"Jaw Worm Horde","floor":38,"turns":4},{"damage":10,"enemies":"Sphere and 2 Shapes","floor":39,"turns":5},{"damage":14,"enemies":"Giant Head","floor":41,"turns":8},{"damage":0,"enemies":"4 Shapes","floor":44,"turns":4},{"damage":19,"enemies":"Transient","floor":45,"turns":5},{"damage":18,"enemies":"Maw","floor":47,"turns":6},{"damage":0,"enemies":"3 Darklings","floor":48,"turns":4},{"damage":49,"enemies":"Time Eater","floor":50,"turns":10}],"seed_played":"5033158785161347004","potions_obtained":[{"floor":6,"key":"Swift Potion"},{"floor":18,"key":"SkillPotion"},{"floor":25,"key":"LiquidBronze"},{"floor":31,"key":"EssenceOfSteel"},{"floor":34,"key":"Fruit Juice"},{"floor":39,"key":"Poison Potion"},{"floor":44,"key":"Poison Potion"},{"floor":45,"key":"PowerPotion"},{"floor":48,"key":"GamblersBrew"}],"is_trial":false,"path_per_floor":["M","M","?","$","?","E","R","$","T","M","R","E","M","$","R","B",null,"M","?","?","M","?","R","E","M","T","E","$","M","?","M","R","B",null,"M","M","$","M","M","R","E","$","T","M","M","R","M","M","R","B"],"character_chosen":"THE_SILENT","items_purchased":["Noxious Fumes","Bag of Preparation","Noxious Fumes","Catalyst","PiercingWail","EssenceOfSteel","Noxious Fumes","Well Laid Plans","Bottled Tornado"],"campfire_rested":4,"item_purchase_floors":[4,4,14,28,28,28,28,37,37],"current_hp_per_floor":[70,69,65,65,65,44,44,44,44,37,37,19,19,19,38,30,65,60,46,46,38,38,57,37,22,22,17,17,17,17,14,48,25,75,75,75,75,70,60,60,46,46,46,46,27,64,46,46,46,0],"gold":65,"neow_bonus":"HUNDRED_GOLD","is_prod":false,"is_daily":false,"chose_seed":false,"campfire_upgraded":3,"win_rate":0,"timestamp":1549028455,"path_taken":["M","M","?","$","?","E","R","$","T","M","R","E","M","$","R","BOSS","M","?","?","M","?","R","E","?","T","E","$","M","?","M","R","BOSS","M","M","$","M","M","R","E","$","T","M","M","R","M","M","R","BOSS"],"build_version":"2019-01-23","purchased_purges":2,"victory":false,"max_hp_per_floor":[70,70,65,65,65,65,65,65,65,65,65,65,65,65,65,65,65,65,65,65,65,65,65,65,65,65,65,65,65,65,65,65,65,75,75,75,75,75,75,75,75,75,75,75,75,75,75,75,75,75],"card_choices":[{"not_picked":["Acrobatics","Dagger Spray"],"picked":"Deadly Poison","floor":1},{"not_picked":["Riddle With Holes","Predator"],"picked":"Deadly Poison","floor":2},{"not_picked":["Accuracy","Poisoned Stab"],"picked":"Dodge and Roll","floor":6},{"not_picked":["Dodge and Roll","Poisoned Stab"],"picked":"Dagger Spray","floor":10},{"not_picked":["Bane","Underhanded Strike"],"picked":"Backstab","floor":12},{"not_picked":["Slice","Tools of the Trade"],"picked":"Flying Knee","floor":13},{"not_picked":["Die Die Die","Doppelganger"],"picked":"Tools of the Trade","floor":16},{"not_picked":[],"picked":"Acrobatics+1","floor":18},{"not_picked":[],"picked":"Poisoned Stab","floor":21},{"not_picked":["Riddle With Holes"],"picked":"SKIP","floor":24},{"not_picked":["Reflex"],"picked":"SKIP","floor":25},{"not_picked":[],"picked":"Adrenaline","floor":27},{"not_picked":["All Out Attack"],"picked":"SKIP","floor":29},{"not_picked":["Setup"],"picked":"SKIP","floor":31},{"not_picked":[],"picked":"PiercingWail+1","floor":35},{"not_picked":["Slice"],"picked":"SKIP","floor":36},{"not_picked":[],"picked":"Malaise","floor":38},{"not_picked":[],"picked":"Quick Slash+1","floor":39},{"not_picked":["Acrobatics+1"],"picked":"SKIP","floor":41},{"not_picked":["Acrobatics+1"],"picked":"SKIP","floor":41},{"not_picked":[],"picked":"Backstab","floor":44},{"not_picked":["Bane"],"picked":"SKIP","floor":45},{"not_picked":["Outmaneuver"],"picked":"SKIP","floor":47},{"not_picked":["Riddle With Holes+1"],"picked":"SKIP","floor":48}],"player_experience":225881,"relics_obtained":[{"floor":6,"key":"War Paint"},{"floor":9,"key":"Centennial Puzzle"},{"floor":12,"key":"Anchor"},{"floor":19,"key":"Red Mask"},{"floor":24,"key":"Matryoshka"},{"floor":26,"key":"Regal Pillow"},{"floor":26,"key":"Tough Bandages"},{"floor":27,"key":"Vajra"},{"floor":41,"key":"Bottled Flame"},{"floor":43,"key":"PreservedInsect"}],"event_choices":[{"damage_healed":0,"gold_gain":0,"player_choice":"Lose Max HP","damage_taken":0,"relics_obtained":["Golden Idol"],"max_hp_gain":0,"max_hp_loss":5,"event_name":"Golden Idol","floor":3,"gold_loss":0},{"damage_healed":0,"gold_gain":0,"player_choice":"Left Gold","damage_taken":0,"max_hp_gain":0,"max_hp_loss":0,"event_name":"World of Goop","floor":5,"gold_loss":7},{"damage_healed":0,"gold_gain":0,"player_choice":"Fought Bandits","damage_taken":0,"max_hp_gain":0,"max_hp_loss":0,"event_name":"Masked Bandits","floor":19,"gold_loss":0},{"cards_removed":["Strike_G"],"damage_healed":0,"gold_gain":0,"player_choice":"Elegance","damage_taken":0,"max_hp_gain":0,"max_hp_loss":0,"event_name":"Back to Basics","floor":20,"gold_loss":0},{"damage_healed":0,"gold_gain":0,"player_choice":"Trade","damage_taken":0,"relics_obtained":["GremlinMask"],"max_hp_gain":0,"max_hp_loss":0,"event_name":"FaceTrader","floor":22,"gold_loss":0},{"damage_healed":0,"gold_gain":0,"player_choice":"Traded Relic","damage_taken":0,"relics_obtained":["Nloth\u0027s Gift"],"max_hp_gain":0,"max_hp_loss":0,"event_name":"N\u0027loth","floor":30,"relics_lost":["GremlinMask"],"gold_loss":0}],"is_beta":false,"boss_relics":[{"not_picked":["Lizard Tail","Black Star"],"picked":"Busted Crown"},{"not_picked":["Astrolabe","Philosopher\u0027s Stone"],"picked":"Tiny House"}],"items_purged_floors":[28,42],"is_endless":false,"potions_floor_spawned":[6,18,25,31,39,44,45,48],"killed_by":"Time Eater","ascension_level":2}