{"gold_per_floor":[119,119,129,144,144,170,170,195,195,195,214,232,261,274,274,347,347,367,382,297,297,297,297,313,313,394,394],"floor_reached":27,"playtime":626,"items_purged":[],"score":466,"play_id":"5756d0a4-5b79-4cf5-821c-430b0e31122a","local_time":"20190127224114","is_ascension_mode":true,"campfire_choices":[{"data":"Go for the Eyes","floor":7.0,"key":"SMITH"},{"data":"Streamline","floor":10.0,"key":"SMITH"},{"data":"Hologram","floor":15.0,"key":"SMITH"},{"data":"Recycle","floor":23,"key":"SMITH"},{"data":"Loop","floor":25,"key":"SMITH"}],"neow_cost":"NONE","seed_source_timestamp":9799783270810,"circlet_count":0,"master_deck":["AscendersBane","Strike_B","Strike_B","Strike_B","Strike_B","Defend_B","Defend_B","Defend_B","Defend_B","Zap+1","Dualcast","FTL","Conserve Battery","Rebound","Go for the Eyes+1","Streamline+1","Biased Cognition","Hologram+1","Cold Snap","All For One","Recycle+1","Cold Snap","Loop+1"],"special_seed":0,"relics":["Cracked Core","NeowsBlessing","Bag of Preparation","Calipers","Peace Pipe","White Beast Statue","Oddly Smooth Stone"],"potions_floor_usage":[19,27],"damage_taken":[{"damage":0.0,"enemies":"Small Slimes","floor":1.0,"turns":1.0},{"damage":0.0,"enemies":"Cultist","floor":3.0,"turns":1.0},{"damage":0.0,"enemies":"Jaw Worm","floor":4.0,"turns":1.0},{"damage":18.0,"enemies":"Lagavulin","floor":6.0,"turns":7.0},{"damage":18.0,"enemies":"3 Sentries","floor":8.0,"turns":7.0},{"damage":6.0,"enemies":"Looter","floor":11.0,"turns":2.0},{"damage":0.0,"enemies":"Large Slime","floor":12.0,"turns":3.0},{"damage":6.0,"enemies":"Gremlin Nob","floor":13.0,"turns":3.0},{"damage":0.0,"enemies":"Blue Slaver","floor":14.0,"turns":3.0},{"damage":10.0,"enemies":"Hexaghost","floor":16.0,"turns":6.0},{"damage":4.0,"enemies":"Spheric Guardian","floor":18.0,"turns":3.0},{"damage":1,"enemies":"3 Byrds","floor":19,"turns":3},{"damage":12,"enemies":"Sentry and Sphere","floor":24,"turns":5},{"damage":43,"enemies":"Slavers","floor":27,"turns":2}],"seed_played":"-7554730940685468872","potions_obtained":[{"floor":1.0,"key":"Regen Potion"},{"floor":6.0,"key":"Energy Potion"},{"floor":12.0,"key":"Energy Potion"},{"floor":14.0,"key":"FearPotion"},{"floor":18.0,"key":"LiquidBronze"},{"floor":19,"key":"GamblersBrew"},{"floor":24,"key":"Swift Potion"}],"is_trial":false,"path_per_floor":["M","?","M","M","?","E","R","E","T","R","M","M","E","M","R","B",null,"M","M","?","?","?","R","M","R","T","E"],"character_chosen":"DEFECT","items_purchased":[],"campfire_rested":0,"item_purchase_floors":[],"current_hp_per_floor":[64,64,64,64,64,46,46,43,43,43,37,37,31,31,31,21,59,55,54,54,54,54,54,42,42,42,0],"gold":394,"neow_bonus":"THREE_ENEMY_KILL","is_prod":false,"is_daily":false,"chose_seed":false,"campfire_upgraded":5,"win_rate":0,"timestamp":1548596474,"path_taken":["M","?","?","M","?","E","R","E","T","R","M","M","E","M","R","BOSS","M","M","?","?","?","R","M","R","T","E"],"build_version":"2019-01-23","purchased_purges":0,"victory":false,"max_hp_per_floor":[71,71,71,71,71,71,71,71,71,71,71,71,71,71,71,71,71,71,71,71,71,71,71,71,71,71,71],"card_choices":[{"not_picked":["Rebound","Redo"],"picked":"FTL","floor":1.0},{"not_picked":["Leap","Steam"],"picked":"Conserve Battery","floor":3.0},{"not_picked":["Beam Cell","Double Energy"],"picked":"Rebound","floor":4.0},{"not_picked":["Conserve Battery","Turbo"],"picked":"Go for the Eyes","floor":6.0},{"not_picked":["Coolheaded","Beam Cell"],"picked":"Streamline","floor":8.0},{"not_picked":["Melter","Stack"],"picked":"Biased Cognition","floor":11.0},{"not_picked":["Reprogram","Leap"],"picked":"Hologram","floor":12.0},{"not_picked":["Hello World","Fusion"],"picked":"Cold Snap","floor":13.0},{"not_picked":["Conserve Battery","Storm","Aggregate"],"picked":"SKIP","floor":14.0},{"not_picked":["Conserve Battery","Storm","Aggregate"],"picked":"SKIP","floor":14.0},{"not_picked":["Thunder Strike","Reboot"],"picked":"All For One","floor":16.0},{"not_picked":["Go for the Eyes","Steam"],"picked":"Recycle","floor":18.0},{"not_picked":["BootSequence","Barrage"],"picked":"Cold Snap","floor":19},{"not_picked":["Barrage+1","Steam Power"],"picked":"Loop","floor":24}],"player_experience":990315,"relics_obtained":[{"floor":6.0,"key":"Bag of Preparation"},{"floor":8.0,"key":"Calipers"},{"floor":13.0,"key":"Peace Pipe"}],"event_choices":[{"damage_healed":0.0,"max_hp_gain":0.0,"max_hp_loss":0.0,"gold_gain":0.0,"event_name":"Upgrade Shrine","player_choice":"Upgraded","floor":2.0,"gold_loss":0.0,"damage_taken":0.0,"cards_upgraded":["Zap"]},{"damage_healed":0.0,"max_hp_gain":0.0,"max_hp_loss":0.0,"gold_gain":0.0,"event_name":"Liars Game","player_choice":"Ignored","floor":5.0,"gold_loss":0.0,"damage_taken":0.0},{"damage_healed":0,"gold_gain":0,"player_choice":"Obtained Relic","damage_taken":0,"relics_obtained":["Oddly Smooth Stone"],"max_hp_gain":0,"max_hp_loss":0,"event_name":"Addict","floor":20,"gold_loss":85},{"damage_healed":0,"gold_gain":0,"player_choice":"Ignored","damage_taken":0,"max_hp_gain":0,"max_hp_loss":0,"event_name":"Cursed Tome","floor":21,"gold_loss":0},{"damage_healed":0,"gold_gain":0,"player_choice":"Ignored","damage_taken":0,"max_hp_gain":0,"max_hp_loss":0,"event_name":"The Mausoleum","floor":22,"gold_loss":0}],"is_beta":false,"boss_relics":[{"not_picked":["Fusion Hammer","Lizard Tail"],"picked":"White Beast Statue"}],"items_purged_floors":[],"is_endless":false,"potions_floor_spawned":[1,6,12,14,18,19,24],"killed_by":"Slavers","ascension_level":20}