{"path_per_floor":["M","$","?","M","$","R","M","R","T","R","?","M","?","M","R","B",null,"M","M","$","?","?","R","M","R","T","M","R","M","$","M","R","B",null,"M","M","?","$","?","R"],"character_chosen":"IRONCLAD","items_purchased":["Ghostly Armor","Flame Barrier","Juzu Bracelet","Entrench","Headbutt"],"gold_per_floor":[110,76,26,41,7,7,23,23,50,50,50,60,60,75,75,205,205,229,253,29,29,29,29,47,47,47,65,65,81,81,99,99,224,224,240,261,261,35,94,94,94],"floor_reached":41,"campfire_rested":3,"playtime":1814,"current_hp_per_floor":[80,80,80,80,80,80,80,80,80,80,80,80,80,78,78,60,80,56,44,44,28,28,52,43,67,67,60,60,60,60,62,62,54,80,63,61,61,61,49,73,0],"items_purged":["Injury","Flex"],"gold":94,"score":431,"play_id":"ddc2a27d-a472-4930-b952-0bf09750a1b5","local_time":"20180325232552","is_prod":false,"is_daily":false,"is_ascension_mode":false,"campfire_upgraded":6,"timestamp":1522013152,"path_taken":["M","$","?","M","$","R","M","R","T","R","?","M","?","M","R","BOSS","M","M","?","?","?","R","M","R","T","M","R","M","$","M","R","BOSS","M","M","?","$","?","R","E"],"build_version":"2018-03-22v2","purchased_purges":2,"victory":false,"master_deck":["Strike_R","Strike_R","Strike_R","Defend_R","Defend_R","Defend_R","Bash","Shrug It Off+1","Ghostly Armor+1","Flex","Flame Barrier+1","Body Slam+1","Rage","Barricade+1","Shrug It Off","Rage+1","Body Slam+1","Entrench","Headbutt"],"max_hp_per_floor":[80,80,80,80,80,80,80,80,80,80,80,80,80,80,80,80,80,80,80,80,80,80,80,80,80,80,80,80,80,80,80,80,80,80,80,80,80,80,80,80,80],"relics":["Burning Blood","Dream Catcher","Golden Idol","Cursed Key","Juzu Bracelet","Nilry\u0027s Codex","Champion Belt","Sozu","Calipers"],"card_choices":[{"not_picked":["Hemokinesis","Havoc"],"picked":"Shrug It Off","floor":1.0},{"not_picked":["Warcry","Reckless Charge"],"picked":"Flex","floor":4.0},{"not_picked":["Headbutt","Corruption"],"picked":"Flex","floor":7.0},{"not_picked":["Clash","Flame Barrier"],"picked":"Rage","floor":14.0},{"not_picked":["Offering","Juggernaut"],"picked":"Barricade","floor":16.0},{"not_picked":["Headbutt","Uppercut"],"picked":"Shrug It Off","floor":19.0},{"not_picked":["Feel No Pain","Sword Boomerang"],"picked":"Rage","floor":23.0},{"not_picked":["Iron Wave","Flex"],"picked":"Body Slam","floor":27.0}],"player_experience":148956,"potions_floor_usage":[],"damage_taken":[{"damage":2.0,"enemies":"Small Slimes","floor":1.0,"turns":5.0},{"damage":0.0,"enemies":"2 Louse","floor":4.0,"turns":3.0},{"damage":0.0,"enemies":"Cultist","floor":7.0,"turns":4.0},{"damage":6.0,"enemies":"Exordium Wildlife","floor":12.0,"turns":7.0},{"damage":8.0,"enemies":"Exordium Thugs","floor":14.0,"turns":6.0},{"damage":24.0,"enemies":"The Guardian","floor":16.0,"turns":14.0},{"damage":30.0,"enemies":"Spheric Guardian","floor":18.0,"turns":8.0},{"damage":33.0,"enemies":"3 Byrds","floor":19.0,"turns":6.0},{"damage":15.0,"enemies":"Snecko","floor":24.0,"turns":8.0},{"damage":13.0,"enemies":"Centurion and Healer","floor":27.0,"turns":11.0},{"damage":6.0,"enemies":"3 Cultists","floor":29.0,"turns":5.0},{"damage":4.0,"enemies":"Sentry and Sphere","floor":31.0,"turns":5.0},{"damage":14.0,"enemies":"Champ","floor":33.0,"turns":13.0},{"damage":23.0,"enemies":"3 Darklings","floor":35.0,"turns":7.0},{"damage":8.0,"enemies":"3 Shapes","floor":36.0,"turns":6.0},{"damage":18,"enemies":"Sphère mystérieuse","floor":39,"turns":5},{"damage":90,"enemies":"2 Orb Walkers","floor":41,"turns":8}],"event_choices":[{"event_name":"The Cleric","player_choice":"Card Removal","floor":3.0,"damage_taken":0.0},{"event_name":"Transmorgrifier","player_choice":"Transform","floor":11.0,"damage_taken":0.0},{"event_name":"Golden Idol","player_choice":"Take Wound","floor":13.0,"damage_taken":0.0},{"event_name":"Cursed Tome","player_choice":"Obtained Book","floor":21.0,"damage_taken":0.0},{"event_name":"Drug Dealer","player_choice":"Ignored","floor":22.0,"damage_taken":0.0},{"event_name":"Fountain of Cleansing","player_choice":"Removed Curse","floor":37.0,"damage_taken":0.0},{"event_name":"Mysterious Sphere","player_choice":"Fight","floor":39,"damage_taken":0}],"boss_relics":[],"potions_floor_spawned":[1,14,16,29,33,35,36],"seed_played":"928062723216135854","killed_by":"2 Orb Walkers","ascension_level":0,"is_trial":false}