{"gold_per_floor":[119,130,147,97,108,139,139,172,197,197,40,40,40,54,54,158,158,171,189,209,209,209,209,7,19,31,43,55,67,96,127,139,151],"floor_reached":33,"playtime":1391,"items_purged":[],"score":395,"play_id":"fd081c61-ed78-4408-ae7c-64b481be9d94","local_time":"20180925191935","is_ascension_mode":true,"campfire_choices":[{"data":"Predator","floor":7,"key":"SMITH"},{"floor":10,"key":"REST"},{"data":"Noxious Fumes","floor":13,"key":"SMITH"},{"data":"Leg Sweep","floor":15,"key":"SMITH"},{"data":"Blade Dance","floor":23,"key":"SMITH"},{"data":"Malaise","floor":25,"key":"SMITH"},{"data":"Infinite Blades","floor":27,"key":"SMITH"},{"floor":32,"key":"REST"}],"neow_cost":"NONE","seed_source_timestamp":19493042447200,"circlet_count":0,"master_deck":["Defend_G+1","Defend_G+1","Defend_G+1","Defend_G+1","Defend_G+1","Strike_G+1","Strike_G+1","Strike_G+1","Strike_G+1","Survivor","Neutralize","AscendersBane","Malaise+1","Backstab","Predator+1","Quick Slash","Slice","Leg Sweep+1","Noxious Fumes+1","PiercingWail","Backflip","Unload","Infinite Blades+1","Blade Dance+1","Sucker Punch","Escape Plan+1","Terror+1"],"relics":["Ring of the Snake","Orichalcum","Dream Catcher","Oddly Smooth Stone","WristBlade","MawBank","Bronze Scales","Nloth\u0027s Gift"],"potions_floor_usage":[6,19,19,33],"damage_taken":[{"damage":0,"enemies":"2 Louse","floor":1,"turns":4},{"damage":0,"enemies":"Small Slimes","floor":2,"turns":3},{"damage":0,"enemies":"Cultist","floor":3,"turns":2},{"damage":1,"enemies":"Blue Slaver","floor":5,"turns":4},{"damage":17,"enemies":"Gremlin Nob","floor":6,"turns":4},{"damage":16,"enemies":"Lagavulin","floor":8,"turns":7},{"damage":1,"enemies":"Gremlin Gang","floor":14,"turns":5},{"damage":18,"enemies":"Hexaghost","floor":16,"turns":11},{"damage":1,"enemies":"Shell Parasite","floor":18,"turns":6},{"damage":4,"enemies":"2 Thieves","floor":19,"turns":3},{"damage":7,"enemies":"Snecko","floor":20,"turns":5},{"damage":6,"enemies":"Sentry and Sphere","floor":30,"turns":5},{"damage":9,"enemies":"Snake Plant","floor":31,"turns":4},{"damage":61,"enemies":"Collector","floor":33,"turns":11}],"seed_played":"-1253623560423037093","potions_obtained":[{"floor":1,"key":"Strength Potion"},{"floor":3,"key":"SteroidPotion"},{"floor":16,"key":"Fire Potion"},{"floor":30,"key":"Ancient Potion"},{"floor":31,"key":"SpeedPotion"}],"is_trial":false,"path_per_floor":["M","M","M","?","M","E","R","E","T","R","$","?","R","M","R","B",null,"M","M","M","$","?","R","$","R","T","R","$","?","M","M","R"],"character_chosen":"THE_SILENT","items_purchased":["Oddly Smooth Stone","Sucker Punch","MawBank"],"campfire_rested":2,"item_purchase_floors":[11,24,24],"current_hp_per_floor":[63,63,63,63,62,45,45,29,29,50,50,70,70,69,69,51,65,64,60,53,53,53,53,53,53,53,53,53,53,47,38,59,0],"gold":151,"neow_bonus":"ONE_RANDOM_RARE_CARD","is_prod":false,"is_daily":false,"chose_seed":false,"campfire_upgraded":6,"win_rate":0,"timestamp":1537895975,"path_taken":["M","M","M","?","M","E","R","E","T","R","$","?","R","M","R","BOSS","M","M","?","?","?","R","$","R","T","R","$","?","M","M","R","BOSS"],"build_version":"2018-09-20","purchased_purges":0,"victory":false,"max_hp_per_floor":[70,70,70,70,70,70,70,70,70,70,70,70,70,70,70,70,70,70,70,70,70,70,70,70,70,70,70,70,70,70,70,70,70],"card_choices":[{"not_picked":["Bane","Sucker Punch"],"picked":"Backstab","floor":1},{"not_picked":["Dagger Throw","Masterful Stab"],"picked":"Predator","floor":2},{"not_picked":["Outmaneuver","Caltrops"],"picked":"Quick Slash","floor":3},{"not_picked":["Predator","Riddle With Holes"],"picked":"Slice","floor":5},{"not_picked":["A Thousand Cuts","Deadly Poison"],"picked":"Leg Sweep","floor":6},{"not_picked":["Riddle With Holes","Bouncing Flask"],"picked":"Noxious Fumes","floor":8},{"not_picked":["Dagger Throw","Outmaneuver"],"picked":"PiercingWail","floor":10},{"not_picked":["Concentrate","PiercingWail"],"picked":"Backflip","floor":14},{"not_picked":["A Thousand Cuts","Storm of Steel"],"picked":"Unload","floor":16},{"not_picked":["Dodge and Roll","Deadly Poison+1"],"picked":"Infinite Blades","floor":18},{"not_picked":["Deadly Poison+1","Deflect+1"],"picked":"Blade Dance","floor":19},{"not_picked":["Tactician+1","Deadly Poison","Setup+1"],"picked":"SKIP","floor":20},{"not_picked":["Backflip+1","Poisoned Stab"],"picked":"Escape Plan+1","floor":30},{"not_picked":["PiercingWail","Phantasmal Killer","Escape Plan"],"picked":"SKIP","floor":31},{"not_picked":["Dagger Throw+1","Reflex"],"picked":"Terror+1","floor":32}],"player_experience":686875,"relics_obtained":[{"floor":6,"key":"Orichalcum"},{"floor":8,"key":"Whetstone"},{"floor":9,"key":"Dream Catcher"},{"floor":26,"key":"Bronze Scales"}],"event_choices":[{"event_name":"The Cleric","player_choice":"Card Removal","floor":4,"damage_taken":0},{"event_name":"Big Fish","player_choice":"Banana","floor":12,"damage_taken":0},{"event_name":"Back to Basics","player_choice":"Simplicity","floor":22,"damage_taken":0},{"event_name":"N\u0027loth","player_choice":"Traded a Whetstone","floor":29,"damage_taken":0}],"is_beta":false,"boss_relics":[{"not_picked":["Runic Dome","Black Star"],"picked":"WristBlade"}],"items_purged_floors":[],"is_endless":false,"potions_floor_spawned":[1,3,5,16,30,31],"killed_by":"Collector","ascension_level":11}