{"gold_per_floor":[118,136,86,102,277,277,293,293,316,316,330,330,330,341,341,440,440,460,385,385,14,34,34,49,63,63,63],"floor_reached":27,"playtime":1303,"items_purged":[],"score":205,"play_id":"48663135-d746-440a-a2a1-3292217d4c14","local_time":"20181230181912","is_ascension_mode":false,"campfire_choices":[{"data":"Doom and Gloom","floor":6,"key":"SMITH"},{"floor":10,"key":"RECALL"},{"data":"Zap","floor":13,"key":"SMITH"},{"data":"Chill","floor":15,"key":"SMITH"},{"data":"Genetic Algorithm","floor":23,"key":"SMITH"}],"neow_cost":"NONE","seed_source_timestamp":856487594335444,"circlet_count":0,"master_deck":["Strike_B","Defend_B","Defend_B+1","Zap+1","Dualcast","Doom and Gloom+1","BootSequence+1","Ball Lightning","Aggregate","Chill+1","Creative AI","Capacitor+1","Barrage+1","BootSequence+1","Tempest","Defragment","Genetic Algorithm+1","Barrage","Coolheaded+1","Lockon","Self Repair"],"relics":["Cracked Core","NeowsBlessing","Astrolabe","Mercury Hourglass","Toolbox","Question Card"],"potions_floor_usage":[16,22,24,27],"damage_taken":[{"damage":0,"enemies":"Jaw Worm","floor":1,"turns":1},{"damage":0,"enemies":"Small Slimes","floor":2,"turns":1},{"damage":0,"enemies":"Cultist","floor":4,"turns":1},{"damage":2,"enemies":"Blue Slaver","floor":7,"turns":3},{"damage":0,"enemies":"Looter","floor":11,"turns":2},{"damage":0,"enemies":"Gremlin Gang","floor":14,"turns":2},{"damage":12,"enemies":"Slime Boss","floor":16,"turns":7},{"damage":15,"enemies":"Shell Parasite","floor":18,"turns":4},{"damage":2,"enemies":"Chosen","floor":22,"turns":4},{"damage":9,"enemies":"Snecko","floor":24,"turns":4},{"damage":14,"enemies":"Cultist and Chosen","floor":25,"turns":5},{"damage":38,"enemies":"Gremlin Leader","floor":27,"turns":5}],"seed_played":"4755932901567594237","potions_obtained":[{"floor":1,"key":"Dexterity Potion"},{"floor":2,"key":"FocusPotion"},{"floor":7,"key":"Poison Potion"},{"floor":18,"key":"Strength Potion"},{"floor":25,"key":"Block Potion"}],"is_trial":false,"path_per_floor":["M","M","?","M","?","R","M","?","T","R","M","?","R","M","R","B",null,"M","?","T","$","M","R","M","M","T","E"],"character_chosen":"DEFECT","items_purchased":["Defragment","Toolbox","Genetic Algorithm","Barrage"],"campfire_rested":0,"item_purchase_floors":[21,21,21,21],"current_hp_per_floor":[75,75,75,75,75,75,73,66,66,66,66,51,51,51,51,39,75,60,60,60,60,58,58,49,35,35,0],"gold":63,"neow_bonus":"THREE_ENEMY_KILL","is_prod":false,"is_daily":false,"chose_seed":false,"campfire_upgraded":4,"win_rate":0,"timestamp":1546147152,"path_taken":["M","M","?","M","?","R","M","?","T","R","M","?","R","M","R","BOSS","M","?","?","$","M","R","M","?","T","E"],"build_version":"2018-12-20","purchased_purges":0,"victory":false,"max_hp_per_floor":[75,75,75,75,75,75,75,75,75,75,75,75,75,75,75,75,75,75,75,75,75,75,75,75,75,75,75],"card_choices":[{"not_picked":["Capacitor","Storm"],"picked":"Doom and Gloom","floor":1},{"not_picked":["Chill","Cold Snap"],"picked":"BootSequence","floor":2},{"not_picked":["Compile Driver","Static Discharge"],"picked":"Ball Lightning","floor":4},{"not_picked":["Blizzard","Rip and Tear","Capacitor"],"picked":"SKIP","floor":7},{"not_picked":["Heatsinks","BootSequence"],"picked":"Aggregate","floor":11},{"not_picked":["Stack","Go for the Eyes"],"picked":"Chill","floor":14},{"not_picked":["Reboot","Meteor Strike"],"picked":"Creative AI","floor":16},{"not_picked":["Recycle","Streamline"],"picked":"Tempest","floor":18},{"not_picked":["Ball Lightning","Scrape"],"picked":"Coolheaded+1","floor":22},{"not_picked":["Undo","Turbo+1"],"picked":"Lockon","floor":24},{"not_picked":["Hologram","Gash"],"picked":"Self Repair","floor":25}],"player_experience":542480,"relics_obtained":[{"floor":20,"key":"Mercury Hourglass"},{"floor":26,"key":"Question Card"}],"event_choices":[{"cards_removed":["Defend_B"],"damage_healed":0,"gold_gain":0,"player_choice":"Card Removal","damage_taken":0,"max_hp_gain":0,"max_hp_loss":0,"event_name":"The Cleric","floor":3,"gold_loss":50},{"damage_healed":0,"gold_gain":175,"player_choice":"AGREE","damage_taken":0,"max_hp_gain":0,"max_hp_loss":0,"event_name":"Liars Game","floor":5,"gold_loss":0,"cards_obtained":["Doubt"]},{"cards_removed":["Doubt"],"damage_healed":0,"gold_gain":0,"player_choice":"Card Removal","damage_taken":7,"max_hp_gain":0,"max_hp_loss":0,"event_name":"Golden Wing","floor":8,"gold_loss":0},{"damage_healed":0,"gold_gain":0,"player_choice":"Entered Light","damage_taken":15,"max_hp_gain":0,"max_hp_loss":0,"event_name":"Shining Light","floor":12,"gold_loss":0,"cards_upgraded":["BootSequence","Defend_B"]},{"cards_removed":["Strike_B"],"damage_healed":0,"gold_gain":0,"player_choice":"Gave Gold","damage_taken":0,"max_hp_gain":0,"max_hp_loss":0,"event_name":"Beggar","floor":19,"gold_loss":75}],"is_beta":false,"boss_relics":[{"not_picked":["Orrery","Cursed Key"],"picked":"Astrolabe"}],"items_purged_floors":[],"is_endless":false,"potions_floor_spawned":[1,2,7,18,25],"killed_by":"Gremlin Leader","ascension_level":0}