{"gold_per_floor":[115,133,133,20,31,64,64,82,108,108,108,122,139,150,150,150],"floor_reached":16,"playtime":1117,"items_purged":["Sunder"],"score":104,"play_id":"6d427537-524d-471e-9c0c-f5c4508ec779","local_time":"20181021001524","is_ascension_mode":false,"campfire_choices":[{"data":"Creative AI","floor":10,"key":"SMITH"},{"floor":15,"key":"REST"}],"neow_cost":"CURSE","seed_source_timestamp":801170107527646,"circlet_count":0,"master_deck":["Strike_B","Strike_B","Strike_B","Defend_B","Defend_B","Defend_B","Defend_B","Zap","Dualcast","Storm","Glacier","Creative AI+1","Cold Snap","Barrage","FTL","Beam Cell","Redo","Coolheaded","Lockon","Redo"],"relics":["Cracked Core","Thread and Needle","Dream Catcher","Oddly Smooth Stone"],"potions_floor_usage":[6,8,12],"damage_taken":[{"damage":5,"enemies":"Small Slimes","floor":1,"turns":3},{"damage":2,"enemies":"Cultist","floor":2,"turns":3},{"damage":2,"enemies":"2 Louse","floor":5,"turns":2},{"damage":9,"enemies":"Lagavulin","floor":6,"turns":6},{"damage":11,"enemies":"Exordium Thugs","floor":8,"turns":4},{"damage":0,"enemies":"Looter","floor":12,"turns":3},{"damage":14,"enemies":"Gremlin Gang","floor":13,"turns":5},{"damage":8,"enemies":"Blue Slaver","floor":14,"turns":6},{"damage":51,"enemies":"Slime Boss","floor":16,"turns":6}],"seed_played":"6446374112529801694","potions_obtained":[{"floor":1,"key":"SteroidPotion"},{"floor":5,"key":"PowerPotion"},{"floor":8,"key":"SpeedPotion"},{"floor":14,"key":"SteroidPotion"}],"is_trial":false,"path_per_floor":["M","M","?","$","M","E","?","M","T","R","?","M","M","M","R"],"character_chosen":"DEFECT","items_purchased":["Glacier"],"campfire_rested":1,"item_purchase_floors":[4],"current_hp_per_floor":[70,68,68,68,66,57,57,46,46,46,46,46,32,24,46,0],"gold":150,"neow_bonus":"ONE_RARE_RELIC","is_prod":false,"is_daily":false,"chose_seed":false,"campfire_upgraded":1,"win_rate":0.0,"timestamp":1540034124,"path_taken":["M","M","?","?","M","E","?","M","T","R","?","?","M","M","R","BOSS"],"build_version":"2018-10-18","purchased_purges":1,"victory":false,"max_hp_per_floor":[75,75,75,75,75,75,75,75,75,75,75,75,75,75,75,75],"card_choices":[{"not_picked":["Coolheaded","Aggregate"],"picked":"Storm","floor":1},{"not_picked":["Redo","Barrage"],"picked":"Sunder","floor":2},{"not_picked":["Streamline","Beam Cell"],"picked":"Creative AI","floor":5},{"not_picked":["Turbo","BootSequence"],"picked":"Cold Snap","floor":6},{"not_picked":["Beam Cell","Ball Lightning"],"picked":"FTL","floor":8},{"not_picked":["Stack","All For One"],"picked":"Redo","floor":12},{"not_picked":["Barrage","Ball Lightning"],"picked":"Coolheaded","floor":13},{"not_picked":["Gash","Ball Lightning"],"picked":"Lockon","floor":14},{"not_picked":["Stack","Turbo"],"picked":"Redo","floor":15}],"player_experience":147972,"relics_obtained":[{"floor":6,"key":"Dream Catcher"},{"floor":9,"key":"Oddly Smooth Stone"}],"event_choices":[{"cards_removed":["Injury"],"damage_healed":0,"gold_gain":0,"player_choice":"Removed Curses","damage_taken":0,"max_hp_gain":0,"max_hp_loss":0,"event_name":"Fountain of Cleansing","floor":3,"gold_loss":0},{"damage_healed":0,"gold_gain":0,"player_choice":"1 cards matched","damage_taken":0,"max_hp_gain":0,"max_hp_loss":0,"event_name":"Match and Keep!","floor":7,"gold_loss":0,"cards_obtained":["Barrage"]},{"damage_healed":0,"gold_gain":0,"cards_transformed":["Strike_B"],"player_choice":"Change","damage_taken":0,"max_hp_gain":0,"max_hp_loss":0,"event_name":"Living Wall","floor":11,"gold_loss":0,"cards_obtained":["Beam Cell"]}],"is_beta":false,"boss_relics":[],"items_purged_floors":[4],"is_endless":false,"potions_floor_spawned":[1,5,8,14],"killed_by":"Slime Boss","ascension_level":0}