{"path_per_floor":["M","$","M","?","M","R","M","M","T","M","E","?","R","E","R"],"character_chosen":"IRONCLAD","items_purchased":[],"gold_per_floor":[119,44,57,7,20,20,36,49,49,63,94,121,121,152,152,152],"floor_reached":16,"campfire_rested":0,"playtime":703,"current_hp_per_floor":[78,78,79,79,80,80,80,80,80,80,74,79,79,61,61,0],"items_purged":["Regret"],"gold":152,"score":112,"play_id":"c8a0a632-07ff-48b7-a2ef-17678813152b","local_time":"20180331064233","is_prod":false,"is_daily":false,"is_ascension_mode":false,"campfire_upgraded":3,"timestamp":1522471353,"path_taken":["M","$","M","?","M","R","M","M","T","M","E","?","R","E","R","BOSS"],"build_version":"2018-03-29v2","purchased_purges":1,"victory":false,"master_deck":["Strike_R","Strike_R","Strike_R","Strike_R","Defend_R","Defend_R","Defend_R","Defend_R","Bash","Sword Boomerang","Flame Barrier+1","Havoc","Body Slam+1","Shrug It Off","Shrug It Off","Whirlwind+1","Entrench+1"],"max_hp_per_floor":[80,80,80,80,80,80,80,80,80,80,80,80,80,80,80,80],"relics":["Burning Blood","Charon\u0027s Ashes","Ornamental Fan","Molten Egg 2","Odd Mushroom","Vajra"],"card_choices":[{"not_picked":["Headbutt","Anger"],"picked":"Sword Boomerang","floor":1},{"not_picked":["Cleave","Sentinel"],"picked":"Flame Barrier","floor":3},{"not_picked":["Headbutt","Sentinel"],"picked":"Havoc","floor":5},{"not_picked":["Warcry","Double Tap"],"picked":"Body Slam","floor":7},{"not_picked":["Carnage","Body Slam"],"picked":"Shrug It Off","floor":8},{"not_picked":["Fire Breathing","Perfected Strike"],"picked":"Shrug It Off","floor":10},{"not_picked":["Dual Wield","Disarm"],"picked":"Whirlwind","floor":11},{"not_picked":["Wild Strike","Iron Wave"],"picked":"Entrench","floor":12}],"player_experience":247973,"potions_floor_usage":[10,14],"damage_taken":[{"damage":8,"enemies":"2 Louse","floor":1,"turns":4},{"damage":5,"enemies":"Small Slimes","floor":3,"turns":4},{"damage":1,"enemies":"Cultist","floor":5,"turns":5},{"damage":0,"enemies":"Looter","floor":7,"turns":3},{"damage":1,"enemies":"Exordium Wildlife","floor":8,"turns":5},{"damage":0,"enemies":"Red Slaver","floor":10,"turns":4},{"damage":12,"enemies":"3 Sentries","floor":11,"turns":7},{"damage":1,"enemies":"The Mushroom Lair","floor":12,"turns":3},{"damage":24,"enemies":"Gremlin Nob","floor":14,"turns":6},{"damage":67,"enemies":"Hexaghost","floor":16,"turns":11}],"event_choices":[{"event_name":"The Cleric","player_choice":"Card Removal","floor":4,"damage_taken":0},{"event_name":"Mushrooms","player_choice":"Fought Mushrooms","floor":12,"damage_taken":0}],"boss_relics":[],"potions_floor_spawned":[7,8,11],"seed_played":"-3601360596388355463","killed_by":"Hexaghost","ascension_level":0,"is_trial":false}