{"gold_per_floor":[109,109,184,194,194,227,227,227,251,283,302,329,329,56,56,129,129,143,93,65,77,77,77,108,108,108,127,127,153,153,187,187,260,260,276,294,309,324,324,324,336,353,379,379,391,391,391,26,26,26,26],"floor_reached":52,"playtime":5277,"items_purged":["Strike_G","Strike_G+1"],"score":1931,"play_id":"12f55392-b940-4d36-9cad-5ff94f356fc1","local_time":"20181119185341","is_ascension_mode":true,"campfire_choices":[{"data":"Skewer","floor":7.0,"key":"SMITH"},{"floor":13.0,"key":"DIG"},{"floor":15.0,"key":"DIG"},{"floor":23.0,"key":"DIG"},{"floor":25.0,"key":"DIG"},{"data":"Wraith Form v2","floor":28.0,"key":"SMITH"},{"data":"Noxious Fumes","floor":30.0,"key":"SMITH"},{"floor":32,"key":"DIG"},{"floor":40,"key":"DIG"},{"floor":44,"key":"DIG"},{"floor":46,"key":"DIG"},{"floor":49,"key":"DIG"}],"neow_cost":"NONE","seed_source_timestamp":0,"circlet_count":0,"master_deck":["AscendersBane","Defend_G+1","Defend_G+1","Defend_G+1","Defend_G+1","Defend_G+1","Strike_G+1","Strike_G+1","Strike_G+1","Survivor+1","Neutralize+1","Skewer+1","Dagger Spray+1","Cloak And Dagger+1","Well Laid Plans+1","PiercingWail+1","Cloak And Dagger+1","Noxious Fumes+1","Wraith Form v2+1","Escape Plan+1","Distraction+1","Footwork+1","Dodge and Roll+1","Dodge and Roll+1","Envenom+1","Dodge and Roll+1","Deflect+1","Dodge and Roll+1","Footwork+1","Corpse Explosion","Dramatic Entrance"],"special_seed":0,"relics":["Ring of the Snake","NeowsBlessing","Ninja Scroll","Regal Pillow","Question Card","Shovel","Bag of Preparation","Anchor","Torii","Coffee Dripper","Whetstone","Snake Skull","Ancient Tea Set","Bottled Tornado","Bronze Scales","Tough Bandages","Pear","Fusion Hammer","Peace Pipe","Art of War","Dead Branch","Mercury Hourglass","Mark of the Bloom","Blue Candle"],"potions_floor_usage":[33,33,50,50,50,51],"damage_taken":[{"damage":0.0,"enemies":"2 Louse","floor":1.0,"turns":1.0},{"damage":0.0,"enemies":"Jaw Worm","floor":4.0,"turns":1.0},{"damage":0.0,"enemies":"3 Sentries","floor":6.0,"turns":1.0},{"damage":2.0,"enemies":"Gremlin Nob","floor":10.0,"turns":3.0},{"damage":0.0,"enemies":"Cultist","floor":11.0,"turns":2.0},{"damage":9.0,"enemies":"3 Sentries","floor":12.0,"turns":5.0},{"damage":13.0,"enemies":"The Guardian","floor":16.0,"turns":14.0},{"damage":16.0,"enemies":"Spheric Guardian","floor":18.0,"turns":5.0},{"damage":2.0,"enemies":"2 Thieves","floor":20.0,"turns":4.0},{"damage":7.0,"enemies":"Snake Plant","floor":21.0,"turns":5.0},{"damage":17.0,"enemies":"Slavers","floor":24.0,"turns":8.0},{"damage":0.0,"enemies":"Centurion and Healer","floor":27.0,"turns":6.0},{"damage":4.0,"enemies":"Book of Stabbing","floor":29.0,"turns":6.0},{"damage":0,"enemies":"Gremlin Leader","floor":31,"turns":7},{"damage":15,"enemies":"Automaton","floor":33,"turns":12},{"damage":0,"enemies":"3 Shapes","floor":35,"turns":5},{"damage":7,"enemies":"Orb Walker","floor":36,"turns":4},{"damage":1,"enemies":"3 Darklings","floor":37,"turns":5},{"damage":21,"enemies":"Sphere and 2 Shapes","floor":38,"turns":5},{"damage":4,"enemies":"Spire Growth","floor":41,"turns":5},{"damage":2,"enemies":"Writhing Mass","floor":42,"turns":9},{"damage":0,"enemies":"4 Shapes","floor":45,"turns":5},{"damage":18,"enemies":"Donu and Deca","floor":50,"turns":6},{"damage":40,"enemies":"Awakened One","floor":51,"turns":13}],"seed_played":"-5916666987296605054","potions_obtained":[{"floor":1.0,"key":"PowerPotion"},{"floor":4.0,"key":"Explosive Potion"},{"floor":16.0,"key":"Energy Potion"},{"floor":24.0,"key":"SpeedPotion"},{"floor":29.0,"key":"Block Potion"},{"floor":31,"key":"SpeedPotion"},{"floor":33,"key":"SpeedPotion"},{"floor":36,"key":"Energy Potion"},{"floor":42,"key":"EntropicBrew"}],"is_trial":false,"path_per_floor":["M","?","?","M","?","E","R","?","T","E","M","E","R","$","R","B",null,"M","?","M","M","$","R","E","R","T","M","R","E","R","E","R","B",null,"M","M","M","M","?","R","M","M","T","R","M","R","?","$","R","B","B",null],"character_chosen":"THE_SILENT","items_purchased":["Anchor","Noxious Fumes","Corpse Explosion","Dramatic Entrance"],"campfire_rested":0,"item_purchase_floors":[14,14,48,48],"current_hp_per_floor":[59,64,53,53,53,53,53,32,32,30,30,21,21,21,21,8,55,39,39,37,30,30,30,13,13,13,13,13,9,9,9,19,4,62,62,55,54,33,66,66,62,60,60,60,60,60,60,60,60,42,2],"gold":26,"neow_bonus":"THREE_ENEMY_KILL","is_prod":false,"is_daily":false,"chose_seed":false,"campfire_upgraded":3,"win_rate":0,"timestamp":1542650021,"path_taken":["M","?","?","M","?","E","R","?","T","E","M","E","R","$","R","BOSS","M","?","M","M","?","R","E","R","T","?","R","E","R","E","R","BOSS","M","?","M","M","?","R","M","M","T","R","M","R","?","$","R","BOSS","BOSS"],"build_version":"2018-11-15","purchased_purges":2,"victory":true,"max_hp_per_floor":[66,71,71,71,71,71,71,71,71,71,71,71,71,71,71,71,71,71,71,71,71,71,71,71,71,71,71,71,71,71,71,81,81,81,81,81,81,81,66,66,66,66,66,66,66,66,66,66,66,66,66],"card_choices":[{"not_picked":["Calculated Gamble","Bouncing Flask"],"picked":"Skewer","floor":1.0},{"not_picked":["Sucker Punch","Heel Hook"],"picked":"Dagger Spray","floor":4.0},{"not_picked":["Quick Slash","Underhanded Strike"],"picked":"Cloak And Dagger","floor":6.0},{"not_picked":["Deflect","Tools of the Trade"],"picked":"Well Laid Plans","floor":10.0},{"not_picked":["Deadly Poison","Accuracy","Acrobatics"],"picked":"PiercingWail","floor":11.0},{"not_picked":["Bane","Blur","Riddle With Holes"],"picked":"Cloak And Dagger","floor":12.0},{"not_picked":["Bullet Time","Doppelganger","Adrenaline"],"picked":"Wraith Form v2","floor":16.0},{"not_picked":["Masterful Stab","Slice","Choke","Outmaneuver+1"],"picked":"SKIP","floor":18.0},{"not_picked":["Distraction","Reflex","Cloak And Dagger"],"picked":"Escape Plan","floor":20.0},{"not_picked":["Reflex","Quick Slash","Concentrate+1"],"picked":"Distraction+1","floor":21.0},{"not_picked":["Caltrops","Deadly Poison","Finisher"],"picked":"Footwork","floor":24.0},{"not_picked":["Tools of the Trade","Underhanded Strike","Blade Dance"],"picked":"Dodge and Roll","floor":27.0},{"not_picked":["Poisoned Stab","Outmaneuver","Bouncing Flask"],"picked":"Dodge and Roll+1","floor":29.0},{"not_picked":["Tactician","Blade Dance","Dagger Throw+1","Outmaneuver"],"picked":"SKIP","floor":31},{"not_picked":["Phantasmal Killer","Tools of the Trade","After Image"],"picked":"Envenom","floor":33},{"not_picked":["Slice","Outmaneuver","Deadly Poison","Underhanded Strike"],"picked":"SKIP","floor":35},{"not_picked":["Dagger Throw","Crippling Poison","Deadly Poison"],"picked":"Dodge and Roll","floor":36},{"not_picked":["Flying Knee","Grand Finale","Dagger Throw"],"picked":"Deflect","floor":37},{"not_picked":["Prepared+1","Underhanded Strike","Backflip","Distraction"],"picked":"SKIP","floor":38},{"not_picked":["Outmaneuver","Dagger Spray","Acrobatics","Setup"],"picked":"SKIP","floor":41},{"not_picked":["Sucker Punch","Underhanded Strike+1","Blade Dance"],"picked":"Dodge and Roll","floor":42},{"not_picked":["Outmaneuver","Backstab","Backflip"],"picked":"Footwork","floor":45}],"player_experience":1799420,"relics_obtained":[{"floor":6.0,"key":"Ninja Scroll"},{"floor":9.0,"key":"Regal Pillow"},{"floor":10.0,"key":"Question Card"},{"floor":12.0,"key":"Shovel"},{"floor":13.0,"key":"Bag of Preparation"},{"floor":15.0,"key":"Torii"},{"floor":23.0,"key":"Whetstone"},{"floor":24.0,"key":"Snake Skull"},{"floor":25.0,"key":"Ancient Tea Set"},{"floor":26.0,"key":"Bottled Tornado"},{"floor":29.0,"key":"Bronze Scales"},{"floor":31,"key":"Tough Bandages"},{"floor":32,"key":"Pear"},{"floor":40,"key":"Peace Pipe"},{"floor":43,"key":"Art of War"},{"floor":44,"key":"Dead Branch"},{"floor":46,"key":"Mercury Hourglass"},{"floor":49,"key":"Blue Candle"}],"event_choices":[{"damage_healed":0.0,"max_hp_gain":5.0,"max_hp_loss":0.0,"gold_gain":0.0,"event_name":"Big Fish","player_choice":"Donut","floor":2.0,"gold_loss":0.0,"damage_taken":0.0},{"damage_healed":0.0,"max_hp_gain":0.0,"max_hp_loss":0.0,"gold_gain":75.0,"event_name":"World of Goop","player_choice":"Gather Gold","floor":3.0,"gold_loss":0.0,"damage_taken":11.0},{"damage_healed":0.0,"max_hp_gain":0.0,"max_hp_loss":0.0,"gold_gain":0.0,"event_name":"Liars Game","player_choice":"Ignored","floor":5.0,"gold_loss":0.0,"damage_taken":0.0},{"damage_healed":0.0,"max_hp_gain":0.0,"max_hp_loss":0.0,"gold_gain":0.0,"event_name":"Shining Light","player_choice":"Entered Light","floor":8.0,"gold_loss":0.0,"damage_taken":21.0,"cards_upgraded":["Neutralize","Defend_G"]},{"damage_healed":0.0,"max_hp_gain":0.0,"max_hp_loss":0.0,"gold_gain":0.0,"event_name":"Designer","player_choice":"Upgraded Two","floor":19.0,"gold_loss":50.0,"damage_taken":0.0,"cards_upgraded":["Survivor","Defend_G"]},{"damage_healed":66,"gold_gain":0,"player_choice":"Heal","damage_taken":0,"max_hp_gain":0,"max_hp_loss":15,"event_name":"The Moai Head","floor":39,"gold_loss":0},{"damage_healed":0,"gold_gain":0,"player_choice":"Upgrade","damage_taken":0,"relics_obtained":["Mark of the Bloom"],"max_hp_gain":0,"max_hp_loss":0,"event_name":"MindBloom","floor":47,"gold_loss":0,"cards_upgraded":["Defend_G","Defend_G","Defend_G","Strike_G","Strike_G","Dagger Spray","Cloak And Dagger","Well Laid Plans","PiercingWail","Cloak And Dagger","Escape Plan","Footwork","Dodge and Roll","Envenom","Dodge and Roll","Deflect","Dodge and Roll","Footwork"]}],"is_beta":false,"boss_relics":[{"not_picked":["Runic Pyramid","HoveringKite"],"picked":"Coffee Dripper"},{"not_picked":["Velvet Choker","Black Star"],"picked":"Fusion Hammer"}],"items_purged_floors":[14,48],"is_endless":false,"potions_floor_spawned":[1,4,16,24,29,31,33,36,42],"ascension_level":20}