{"gold_per_floor":[12,28,28,44,61,89,89,99,124,124,124,299,317,14,14,118,118,133,144,59,75,88,88,102,102],"floor_reached":25,"playtime":1512,"items_purged":["Regret"],"score":207,"play_id":"4d1c280e-9812-4e8e-a55b-9768b385bdcc","local_time":"20190104205103","is_ascension_mode":false,"campfire_choices":[{"floor":7,"key":"REST"},{"data":"White Noise","floor":15,"key":"SMITH"},{"floor":23,"key":"REST"}],"neow_cost":"NO_GOLD","seed_source_timestamp":351459421010131,"circlet_count":0,"master_deck":["Strike_B","Strike_B","Strike_B","Defend_B","Defend_B","Defend_B","Defend_B","Zap","Dualcast","Rainbow","Ball Lightning","Tempest","Melter","Sunder","Melter","Conserve Battery","White Noise+1","Doubt","Heatsinks","Electrodynamics","Impatience","Coolheaded","Core Surge","Scrape","Fusion+1","Melter","Genetic Algorithm+1","Static Discharge"],"relics":["Cracked Core","Centennial Puzzle","Bag of Marbles","PreservedInsect","Inserter","Anchor"],"potions_floor_usage":[5,6,19,21,22],"damage_taken":[{"damage":0,"enemies":"Small Slimes","floor":1,"turns":3},{"damage":0,"enemies":"2 Louse","floor":2,"turns":2},{"damage":1,"enemies":"Jaw Worm","floor":4,"turns":3},{"damage":10,"enemies":"2 Fungi Beasts","floor":5,"turns":3},{"damage":13,"enemies":"Gremlin Nob","floor":6,"turns":3},{"damage":6,"enemies":"3 Louse","floor":8,"turns":2},{"damage":6,"enemies":"Lots of Slimes","floor":13,"turns":2},{"damage":30,"enemies":"Slime Boss","floor":16,"turns":8},{"damage":8,"enemies":"3 Byrds","floor":18,"turns":3},{"damage":5,"enemies":"Chosen","floor":19,"turns":4},{"damage":4,"enemies":"Shelled Parasite and Fungi","floor":21,"turns":5},{"damage":12,"enemies":"Snake Plant","floor":22,"turns":4},{"damage":18,"enemies":"Cultist and Chosen","floor":24,"turns":5},{"damage":38,"enemies":"3 Cultists","floor":25,"turns":4}],"seed_played":"255746940951192794","potions_obtained":[{"floor":2,"key":"LiquidBronze"},{"floor":4,"key":"Weak Potion"},{"floor":6,"key":"Strength Potion"},{"floor":18,"key":"EntropicBrew"},{"floor":19,"key":"SteroidPotion"}],"is_trial":false,"path_per_floor":["M","M","?","M","M","E","R","M","T","?","?","?","M","$","R","B",null,"M","M","?","M","M","R","M","M"],"character_chosen":"DEFECT","items_purchased":["Electrodynamics","Impatience","Coolheaded"],"campfire_rested":2,"item_purchase_floors":[14,14,14],"current_hp_per_floor":[75,75,72,71,61,48,70,64,64,64,64,64,58,58,58,28,75,67,62,62,58,46,68,50,12],"gold":102,"neow_bonus":"THREE_RARE_CARDS","is_prod":false,"is_daily":false,"chose_seed":false,"campfire_upgraded":1,"win_rate":0,"timestamp":1546588263,"path_taken":["M","M","?","M","M","E","R","M","T","?","?","?","M","$","R","BOSS","M","M","?","M","M","R","M","M"],"build_version":"2019-01-03v3","purchased_purges":1,"victory":false,"max_hp_per_floor":[75,75,75,75,75,75,75,75,75,75,75,75,75,75,75,75,75,75,75,75,75,75,75,75,75],"card_choices":[{"not_picked":["Fission","Meteor Strike"],"picked":"Rainbow","floor":0},{"not_picked":["Leap","Gash"],"picked":"Ball Lightning","floor":1},{"not_picked":["Barrage","FTL"],"picked":"Tempest","floor":2},{"not_picked":["Ball Lightning","Hyperbeam"],"picked":"Melter","floor":4},{"not_picked":["Coolheaded","Hologram"],"picked":"Sunder","floor":5},{"not_picked":["Barrage","Scrape"],"picked":"Melter","floor":6},{"not_picked":["Doom and Gloom","Stack"],"picked":"Conserve Battery","floor":8},{"not_picked":["Gash","Scrape"],"picked":"Heatsinks","floor":13},{"not_picked":["Reboot","All For One"],"picked":"Core Surge","floor":16},{"not_picked":["Go for the Eyes","Streamline"],"picked":"Scrape","floor":18},{"not_picked":["Reinforced Body","Skim"],"picked":"Fusion+1","floor":19},{"not_picked":["Streamline+1","Steam"],"picked":"Melter","floor":21},{"not_picked":["Go for the Eyes+1","Leap"],"picked":"Genetic Algorithm+1","floor":22},{"not_picked":["Rebound+1","Biased Cognition"],"picked":"Static Discharge","floor":24}],"player_experience":547565,"relics_obtained":[{"floor":6,"key":"Bag of Marbles"}],"event_choices":[{"damage_healed":0,"gold_gain":0,"player_choice":"Success","damage_taken":3,"relics_obtained":["Centennial Puzzle"],"max_hp_gain":0,"max_hp_loss":0,"event_name":"Scrap Ooze","floor":3,"gold_loss":0},{"damage_healed":0,"gold_gain":0,"player_choice":"Box","damage_taken":0,"relics_obtained":["PreservedInsect"],"max_hp_gain":0,"max_hp_loss":0,"event_name":"Big Fish","floor":10,"gold_loss":0,"cards_obtained":["Regret"]},{"damage_healed":0,"gold_gain":0,"cards_transformed":["Strike_B"],"player_choice":"Change","damage_taken":0,"max_hp_gain":0,"max_hp_loss":0,"event_name":"Living Wall","floor":11,"gold_loss":0,"cards_obtained":["White Noise"]},{"damage_healed":0,"gold_gain":175,"player_choice":"AGREE","damage_taken":0,"max_hp_gain":0,"max_hp_loss":0,"event_name":"Liars Game","floor":12,"gold_loss":0,"cards_obtained":["Doubt"]},{"damage_healed":0,"gold_gain":0,"player_choice":"Obtained Relic","damage_taken":0,"relics_obtained":["Anchor"],"max_hp_gain":0,"max_hp_loss":0,"event_name":"Addict","floor":20,"gold_loss":85}],"is_beta":false,"boss_relics":[{"not_picked":["Philosopher\u0027s Stone","Velvet Choker"],"picked":"Inserter"}],"items_purged_floors":[14],"is_endless":false,"potions_floor_spawned":[2,4,6,18,19],"killed_by":"3 Cultists","ascension_level":0}