{"gold_per_floor":[111,122,134,153,163,163,175,28,28,62,62,82,82,82,82,187,187,197,75,174,184,204,204,215,234,261,281,281,32,32,49,49,147,147,159,177,177,177,224,224,76,91,170,182,202,4,20,38,38,38],"floor_reached":50,"playtime":2104,"items_purged":["Strike_B"],"score":726,"play_id":"e43f0ee6-4995-4154-995c-f98acbc2ceed","local_time":"20181004161757","is_ascension_mode":true,"campfire_choices":[{"floor":6.0,"key":"REST"},{"data":"Buffer","floor":11.0,"key":"SMITH"},{"data":"Beam Cell","floor":13.0,"key":"SMITH"},{"floor":15.0,"key":"REST"},{"data":"Defragment","floor":23.0,"key":"SMITH"},{"floor":28,"key":"REST"},{"data":"Defragment","floor":30,"key":"SMITH"},{"floor":32,"key":"REST"},{"floor":40,"key":"REST"},{"floor":49,"key":"REST"}],"neow_cost":"NONE","seed_source_timestamp":20670793259894,"circlet_count":0,"master_deck":["Strike_B","Strike_B","Defend_B","Defend_B","Defend_B","Defend_B","Zap","Dualcast","AscendersBane","Conserve Battery","Lockon","Buffer+1","Go for the Eyes","Beam Cell+1","Rip and Tear","Chaos","Defragment+1","Sunder","Leap","Electrodynamics","Redo+1","Defragment+1","Coolheaded","FTL+1","Ball Lightning","Redo","Stack","Sweeping Beam+1","Rainbow","Capacitor","Lockon+1","Conserve Battery+1","Go for the Eyes+1","Coolheaded+1","Darkness+1","Redo+1"],"special_seed":0,"relics":["Cracked Core","Dead Branch","Matryoshka","Thread and Needle","Nuclear Battery","Oddly Smooth Stone","Potion Belt","Molten Egg 2","Sozu","Unceasing Top","Bag of Preparation","PreservedInsect","Dodecahedron","Runic Capacitor"],"potions_floor_usage":[24,27,33,39],"damage_taken":[{"damage":5.0,"enemies":"Cultist","floor":1.0,"turns":5.0},{"damage":2.0,"enemies":"Jaw Worm","floor":2.0,"turns":3.0},{"damage":13.0,"enemies":"Small Slimes","floor":3.0,"turns":3.0},{"damage":10.0,"enemies":"3 Louse","floor":4.0,"turns":4.0},{"damage":2.0,"enemies":"Exordium Wildlife","floor":5.0,"turns":3.0},{"damage":0.0,"enemies":"Blue Slaver","floor":7.0,"turns":2.0},{"damage":18.0,"enemies":"Gremlin Nob","floor":10.0,"turns":4.0},{"damage":0.0,"enemies":"Looter","floor":12.0,"turns":3.0},{"damage":31.0,"enemies":"Hexaghost","floor":16.0,"turns":11.0},{"damage":0.0,"enemies":"Shell Parasite","floor":18.0,"turns":4.0},{"damage":16.0,"enemies":"3 Byrds","floor":21.0,"turns":4.0},{"damage":12.0,"enemies":"Shelled Parasite and Fungi","floor":22.0,"turns":6.0},{"damage":10,"enemies":"Centurion and Healer","floor":24,"turns":5},{"damage":0,"enemies":"3 Cultists","floor":25,"turns":4},{"damage":4,"enemies":"Shelled Parasite and Fungi","floor":27,"turns":6},{"damage":5,"enemies":"Snecko","floor":31,"turns":5},{"damage":35,"enemies":"Champ","floor":33,"turns":9},{"damage":7,"enemies":"Orb Walker","floor":35,"turns":4},{"damage":2,"enemies":"3 Shapes","floor":36,"turns":2},{"damage":22,"enemies":"Mysterious Sphere","floor":39,"turns":3},{"damage":0,"enemies":"Spire Growth","floor":42,"turns":4},{"damage":12,"enemies":"4 Shapes","floor":44,"turns":4},{"damage":8,"enemies":"Transient","floor":45,"turns":5},{"damage":4,"enemies":"Spire Growth","floor":47,"turns":5},{"damage":0,"enemies":"Reptomancer","floor":48,"turns":6},{"damage":65,"enemies":"Time Eater","floor":50,"turns":13}],"seed_played":"2524808336647349766","potions_obtained":[{"floor":4.0,"key":"SteroidPotion"},{"floor":12.0,"key":"Swift Potion"},{"floor":16.0,"key":"Explosive Potion"},{"floor":18.0,"key":"PowerPotion"},{"floor":21.0,"key":"Strength Potion"},{"floor":25,"key":"Explosive Potion"},{"floor":27,"key":"PowerPotion"},{"floor":31,"key":"Strength Potion"}],"is_trial":false,"path_per_floor":["M","M","M","M","M","R","M","$","T","E","R","M","R","?","R","B",null,"M","$","?","M","M","R","M","M","T","M","R","$","R","M","R","B",null,"M","M","?","?","?","R","$","M","T","M","M","$","M","M","R"],"character_chosen":"DEFECT","items_purchased":["Defragment","Defragment","Coolheaded","Molten Egg 2","Bag of Preparation","Runic Capacitor"],"campfire_rested":6,"item_purchase_floors":[8,19,19,29,41,46],"current_hp_per_floor":[63,61,48,38,36,58,58,58,58,40,40,40,40,37,59,28,63,63,63,63,54,42,42,32,32,32,28,50,50,50,45,67,32,64,57,55,55,55,33,55,55,55,55,50,42,42,38,38,60,0],"gold":38,"neow_bonus":"THREE_CARDS","is_prod":false,"is_daily":false,"chose_seed":false,"campfire_upgraded":4,"win_rate":0,"timestamp":1538662677,"path_taken":["M","?","M","M","M","R","M","$","T","E","R","M","R","?","R","BOSS","M","$","?","M","M","R","M","M","T","?","R","$","R","M","R","BOSS","M","M","?","?","?","R","$","?","T","?","M","$","M","M","R","BOSS"],"build_version":"2018-09-27","purchased_purges":1,"victory":false,"max_hp_per_floor":[75,75,75,75,75,75,75,75,75,75,75,75,75,75,75,75,75,75,75,75,75,75,75,75,75,75,75,75,75,75,75,75,75,75,75,75,75,75,75,75,75,75,75,75,75,75,75,75,75,75],"card_choices":[{"not_picked":["Steam","Loop"],"picked":"Conserve Battery","floor":0.0},{"not_picked":["Gash","Stack"],"picked":"Lockon","floor":1.0},{"not_picked":["Conserve Battery","Cold Snap"],"picked":"Buffer","floor":2.0},{"not_picked":["Aggregate","Darkness"],"picked":"Go for the Eyes","floor":3.0},{"not_picked":["Cold Snap","Heatsinks"],"picked":"Beam Cell","floor":4.0},{"not_picked":["Doom and Gloom","Conserve Battery"],"picked":"Rip and Tear","floor":5.0},{"not_picked":["Compile Driver","Aggregate"],"picked":"Chaos","floor":7.0},{"not_picked":["Melter","Thunder Strike"],"picked":"Sunder","floor":10.0},{"not_picked":["Barrage","Streamline"],"picked":"Leap","floor":12.0},{"not_picked":["Creative AI","Thunder Strike"],"picked":"Electrodynamics","floor":16.0},{"not_picked":["Rip and Tear+1","Melter"],"picked":"Redo+1","floor":18.0},{"not_picked":["Double Energy","Fusion"],"picked":"FTL+1","floor":21.0},{"not_picked":["Steam","Compile Driver"],"picked":"Ball Lightning","floor":22.0},{"not_picked":["Hologram","Rebound"],"picked":"Redo","floor":24},{"not_picked":["Aggregate","All For One"],"picked":"Stack","floor":25},{"not_picked":["Sweeping Beam","Stack","Rebound+1"],"picked":"SKIP","floor":27},{"not_picked":["Melter+1","Skim"],"picked":"Sweeping Beam+1","floor":31},{"not_picked":["Buffer","Creative AI"],"picked":"Rainbow","floor":33},{"not_picked":["Doom and Gloom+1","Compile Driver+1"],"picked":"Capacitor","floor":35},{"not_picked":["Compile Driver+1","Steam"],"picked":"Lockon+1","floor":36},{"not_picked":["Steam","Streamline+1"],"picked":"Conserve Battery+1","floor":39},{"not_picked":["Turbo+1","Force Field"],"picked":"Go for the Eyes+1","floor":42},{"not_picked":["Conserve Battery+1","Steam+1"],"picked":"Coolheaded+1","floor":44},{"not_picked":["Compile Driver+1","Rebound+1","Streamline+1"],"picked":"SKIP","floor":45},{"not_picked":["Storm","Scrape+1"],"picked":"Darkness+1","floor":47},{"not_picked":["Creative AI","Conserve Battery+1"],"picked":"Redo+1","floor":48}],"player_experience":823839,"relics_obtained":[{"floor":9.0,"key":"Dead Branch"},{"floor":10.0,"key":"Matryoshka"},{"floor":26,"key":"Oddly Smooth Stone"},{"floor":26,"key":"Potion Belt"},{"floor":39,"key":"Unceasing Top"},{"floor":43,"key":"PreservedInsect"},{"floor":43,"key":"Dodecahedron"}],"event_choices":[{"event_name":"Scrap Ooze","player_choice":"success","floor":14.0,"damage_taken":3.0},{"event_name":"Nest","player_choice":"Stole From Cult","floor":20.0,"damage_taken":0.0},{"event_name":"Falling","player_choice":"Removed Attack","floor":37,"damage_taken":0},{"event_name":"SecretPortal","player_choice":"Rejected Portal.","floor":38,"damage_taken":0},{"event_name":"Mysterious Sphere","player_choice":"Fight","floor":39,"damage_taken":0}],"is_beta":false,"boss_relics":[{"not_picked":["Coffee Dripper","Astrolabe"],"picked":"Nuclear Battery"},{"not_picked":["Orrery","FrozenCore"],"picked":"Sozu"}],"items_purged_floors":[8],"is_endless":false,"potions_floor_spawned":[4,12,16,18,21,25,27,31,42,44,47],"killed_by":"Time Eater","ascension_level":11}