{"path_per_floor":["M","T","?","$","M","E","R","T","T","T","M","$","?","M","R","B",null,"M","?","M","M","?"],"character_chosen":"THE_SILENT","items_purchased":["Phantasmal Killer","Happy Flower"],"gold_per_floor":[147,170,170,95,112,143,143,193,216,216,236,86,86,103,103,203,203,219,219,185,200,200],"floor_reached":23,"campfire_rested":0,"playtime":6273,"current_hp_per_floor":[66,66,63,63,63,53,53,53,53,60,61,61,61,63,63,16,77,28,28,27,24,16],"items_purged":[],"gold":200,"score":215,"play_id":"d3be148a-8cbc-4e52-b80a-7ccd6bffe396","local_time":"20180320205418","is_prod":false,"is_daily":false,"is_ascension_mode":false,"campfire_upgraded":2,"timestamp":1521575658,"path_taken":["M","?","?","?","?","E","R","?","T","?","M","?","?","M","R","BOSS","M","?","M","M","?","E"],"build_version":"2018-03-15v3","purchased_purges":0,"victory":false,"master_deck":["Defend_G","Defend_G","Defend_G","Defend_G","Defend_G","Survivor","Neutralize+1","Poisoned Stab","Phantasmal Killer+1","Poisoned Stab","Burst","Deflect","Backflip","Burst","Deflect","Bite","Bite","Bite","Bite","Bite","Leg Sweep+1","Deflect"],"max_hp_per_floor":[70,70,70,70,70,70,70,70,70,77,77,77,77,77,77,77,77,77,53,53,53,58],"relics":["Ring of the Snake","Tiny Chest","Dream Catcher","Anchor","Snake Skull","Juzu Bracelet","Blood Vial","Strawberry","Happy Flower","Black Star"],"card_choices":[{"not_picked":["Expertise","Distraction"],"picked":"Poisoned Stab"},{"not_picked":["Slice","Prepared"],"picked":"Poisoned Stab"},{"not_picked":["Acrobatics","Backflip"],"picked":"Burst"},{"not_picked":["Finisher","Cloak And Dagger"],"picked":"Deflect"},{"not_picked":["Escape Plan","Underhanded Strike"],"picked":"Backflip"},{"not_picked":["Night Terror","Wraith Form"],"picked":"Burst"},{"not_picked":["Outmaneuver","Dagger Spray"],"picked":"Deflect"},{"not_picked":["Infinite Blades","Backflip"],"picked":"Leg Sweep"},{"not_picked":["Reflex","Acrobatics"],"picked":"Deflect"}],"player_experience":229573,"potions_floor_usage":[16,16,18,23],"damage_taken":[{"damage":4,"enemies":"Cultist","floor":1,"turns":5},{"damage":0,"enemies":"Jaw Worm","floor":5,"turns":2},{"damage":10,"enemies":"3 Sentries","floor":6,"turns":11},{"damage":1,"enemies":"2 Louse","floor":11,"turns":3},{"damage":0,"enemies":"2 Fungi Beasts","floor":14,"turns":3},{"damage":49,"enemies":"Slime Boss","floor":16,"turns":13},{"damage":49,"enemies":"Spheric Guardian","floor":18,"turns":10},{"damage":13,"enemies":"2 Thieves","floor":20,"turns":5},{"damage":17,"enemies":"Snecko","floor":21,"turns":7},{"damage":30,"enemies":"Book of Stabbing","floor":23,"turns":5}],"event_choices":[{"event_name":"Scrap Ooze","player_choice":"success","floor":3,"damage_taken":3},{"event_name":"The Lab","player_choice":"Got Potions","floor":13,"damage_taken":0},{"event_name":"Vampires","player_choice":"Became a vampire","floor":19,"damage_taken":0},{"event_name":"Forgotten Altar","player_choice":"Shed Blood","floor":22,"damage_taken":0}],"boss_relics":[{"not_picked":["White Beast Statue","Eternal Feather"],"picked":"Black Star"}],"potions_floor_spawned":[1,6,11,18,20],"seed_played":"8406444916158759179","killed_by":"Book of Stabbing","ascension_level":0,"is_trial":false}