{"gold_per_floor":[109,109,59,77,77,102,118,118,141,65,82,82,96,109,109,209,209,227,246,246,246,262,262,276,276,302,302,315,315,72,91,91,91],"floor_reached":33,"playtime":1311,"items_purged":["Strike_R"],"score":324,"play_id":"040aae15-d74e-4f37-95dc-b9fd5e5806f7","local_time":"20181020215056","is_ascension_mode":false,"campfire_choices":[{"data":"Armaments","floor":8,"key":"SMITH"},{"data":"Whirlwind","floor":12,"key":"SMITH"},{"data":"Infernal Blade","floor":15,"key":"SMITH"},{"data":"Fire Breathing","floor":27,"key":"SMITH"},{"floor":29,"key":"REST"},{"data":"Feed","floor":32,"key":"SMITH"}],"neow_cost":"NONE","seed_source_timestamp":792308992228759,"circlet_count":0,"master_deck":["Strike_R","Strike_R","Strike_R","Strike_R","Defend_R+1","Defend_R+1","Bash","Spot Weakness","Armaments+1","Thunderclap","Whirlwind+1","Inflame","Clash","Infernal Blade+1","Feed+1","Armaments","Fire Breathing+1","Rage+1","Infernal Blade+1","Battle Trance+1","Writhe","Flex","Carnage"],"relics":["Burning Blood","NeowsBlessing","Orichalcum","Lantern","Bronze Scales","Empty Cage","Paper Frog","Bag of Preparation","Art of War","Membership Card"],"potions_floor_usage":[14,16,24,28],"damage_taken":[{"damage":0,"enemies":"2 Louse","floor":1,"turns":1},{"damage":0,"enemies":"Jaw Worm","floor":4,"turns":1},{"damage":0,"enemies":"Gremlin Nob","floor":6,"turns":1},{"damage":2,"enemies":"Cultist","floor":7,"turns":4},{"damage":4,"enemies":"Exordium Thugs","floor":11,"turns":3},{"damage":7,"enemies":"2 Fungi Beasts","floor":13,"turns":2},{"damage":7,"enemies":"3 Louse","floor":14,"turns":2},{"damage":0,"enemies":"Slime Boss","floor":16,"turns":4},{"damage":2,"enemies":"Chosen","floor":18,"turns":4},{"damage":9,"enemies":"Spheric Guardian","floor":19,"turns":3},{"damage":37,"enemies":"Shelled Parasite and Fungi","floor":22,"turns":4},{"damage":15,"enemies":"Snake Plant","floor":24,"turns":2},{"damage":12,"enemies":"Centurion and Healer","floor":28,"turns":3},{"damage":18,"enemies":"Shelled Parasite and Fungi","floor":31,"turns":4},{"damage":41,"enemies":"Champ","floor":33,"turns":9}],"seed_played":"-9145394304573554284","potions_obtained":[{"floor":1,"key":"Swift Potion"},{"floor":6,"key":"Strength Potion"},{"floor":7,"key":"Swift Potion"},{"floor":18,"key":"FairyPotion"},{"floor":24,"key":"Poison Potion"}],"is_trial":false,"path_per_floor":["M","?","?","M","?","E","M","R","T","$","M","R","M","M","R","B",null,"M","M","?","T","M","?","M","?","T","R","M","R","$","M","R"],"character_chosen":"IRONCLAD","items_purchased":["Inflame","Membership Card"],"campfire_rested":1,"item_purchase_floors":[10,30],"current_hp_per_floor":[80,80,80,80,64,70,74,74,74,74,76,76,75,74,74,80,80,80,77,77,77,49,49,44,44,44,44,38,64,64,52,52,11],"gold":91,"neow_bonus":"THREE_ENEMY_KILL","is_prod":false,"is_daily":false,"chose_seed":false,"campfire_upgraded":5,"win_rate":0.0,"timestamp":1540025456,"path_taken":["M","?","?","?","?","E","M","R","T","$","M","R","M","M","R","BOSS","M","M","?","?","M","?","M","?","T","R","M","R","$","M","R","BOSS"],"build_version":"2018-10-18","purchased_purges":1,"victory":false,"max_hp_per_floor":[80,80,80,80,80,80,80,80,80,80,80,80,80,80,80,80,80,80,80,80,80,83,83,87,87,87,87,87,87,87,87,87,87],"card_choices":[{"not_picked":["Warcry","Body Slam"],"picked":"Spot Weakness","floor":1},{"not_picked":["Flame Barrier","Combust"],"picked":"Armaments","floor":4},{"not_picked":["True Grit","Rupture"],"picked":"Thunderclap","floor":6},{"not_picked":["Uppercut","Clash"],"picked":"Whirlwind","floor":7},{"not_picked":["Hemokinesis","Wild Strike","Corruption"],"picked":"SKIP","floor":11},{"not_picked":["Perfected Strike","Heavy Blade"],"picked":"Clash","floor":13},{"not_picked":["Pommel Strike","Disarm"],"picked":"Infernal Blade","floor":14},{"not_picked":["Bludgeon","Dark Embrace"],"picked":"Feed","floor":16},{"not_picked":["Sentinel+1","Thunderclap"],"picked":"Armaments","floor":18},{"not_picked":["Body Slam+1","Metallicize"],"picked":"Fire Breathing","floor":19},{"not_picked":["Perfected Strike","Burning Pact"],"picked":"Rage+1","floor":22},{"not_picked":["Perfected Strike","Thunderclap"],"picked":"Battle Trance+1","floor":24},{"not_picked":["Second Wind","Berserk"],"picked":"Flex","floor":28},{"not_picked":["Evolve","Shrug It Off"],"picked":"Carnage","floor":31}],"player_experience":139291,"relics_obtained":[{"floor":6,"key":"Lantern"},{"floor":9,"key":"Bronze Scales"},{"floor":21,"key":"Paper Frog"},{"floor":26,"key":"Art of War"}],"event_choices":[{"damage_healed":0,"gold_gain":0,"player_choice":"Box","damage_taken":0,"relics_obtained":["Orichalcum"],"max_hp_gain":0,"max_hp_loss":0,"event_name":"Big Fish","floor":2,"gold_loss":0,"cards_obtained":["Regret"]},{"cards_removed":["Regret"],"damage_healed":0,"gold_gain":0,"player_choice":"Card Removal","damage_taken":0,"max_hp_gain":0,"max_hp_loss":0,"event_name":"The Cleric","floor":3,"gold_loss":50},{"damage_healed":0,"gold_gain":0,"player_choice":"Entered Light","damage_taken":16,"max_hp_gain":0,"max_hp_loss":0,"event_name":"Shining Light","floor":5,"gold_loss":0,"cards_upgraded":["Defend_R","Defend_R"]},{"damage_healed":0,"gold_gain":0,"player_choice":"Ignored","damage_taken":0,"max_hp_gain":0,"max_hp_loss":0,"event_name":"Ghosts","floor":20,"gold_loss":0},{"damage_healed":0,"gold_gain":0,"player_choice":"Copied","damage_taken":0,"max_hp_gain":0,"max_hp_loss":0,"event_name":"Duplicator","floor":23,"gold_loss":0,"cards_obtained":["Infernal Blade"]},{"damage_healed":0,"gold_gain":0,"player_choice":"Opened","damage_taken":0,"relics_obtained":["Bag of Preparation"],"max_hp_gain":0,"max_hp_loss":0,"event_name":"The Mausoleum","floor":25,"gold_loss":0,"cards_obtained":["Writhe"]}],"is_beta":false,"boss_relics":[{"not_picked":["White Beast Statue","Calling Bell"],"picked":"Empty Cage"}],"items_purged_floors":[30],"is_endless":false,"potions_floor_spawned":[1,6,7,18,24],"killed_by":"Champ","ascension_level":0}