{"gold_per_floor":[115,115,132,48,48,82,82,117,164,164,183,183,210,230,230,230],"floor_reached":16,"playtime":501,"items_purged":[],"score":257,"play_id":"e853f416-ff22-443a-86e8-5a142c7ca332","local_time":"20190130054828","is_ascension_mode":true,"campfire_choices":[{"data":"All Out Attack","floor":7,"key":"SMITH"},{"floor":10,"key":"REST"},{"floor":15,"key":"REST"}],"neow_cost":"NONE","seed_source_timestamp":78174644539311,"circlet_count":0,"master_deck":["AscendersBane","Defend_G","Defend_G","Defend_G","Defend_G","Defend_G","Strike_G+1","Strike_G","Strike_G","Strike_G","Strike_G+1","Survivor","Neutralize","Flying Knee","Deflect","All Out Attack+1","Blur","Predator","PiercingWail","Parasite","Burst","All Out Attack"],"relics":["Ring of the Snake","NeowsBlessing","Happy Flower","Girya","Whetstone","Kunai"],"potions_floor_usage":[8,13],"damage_taken":[{"damage":0,"enemies":"2 Louse","floor":1,"turns":1},{"damage":0,"enemies":"Jaw Worm","floor":3,"turns":1},{"damage":0,"enemies":"Lagavulin","floor":6,"turns":1},{"damage":49,"enemies":"Gremlin Nob","floor":8,"turns":6},{"damage":0,"enemies":"Small Slimes","floor":11,"turns":2},{"damage":40,"enemies":"Lagavulin","floor":13,"turns":7},{"damage":1,"enemies":"Looter","floor":14,"turns":4},{"damage":57,"enemies":"The Guardian","floor":16,"turns":12}],"seed_played":"8510533204062042050","potions_obtained":[{"floor":1,"key":"Weak Potion"},{"floor":3,"key":"SkillPotion"}],"is_trial":false,"path_per_floor":["M","?","M","$","?","E","R","E","T","R","M","?","E","M","R","B"],"character_chosen":"THE_SILENT","items_purchased":["All Out Attack"],"campfire_rested":2,"item_purchase_floors":[4],"current_hp_per_floor":[59,64,64,64,64,64,64,15,15,36,36,53,13,12,33,0],"gold":230,"neow_bonus":"THREE_ENEMY_KILL","is_prod":false,"is_daily":false,"chose_seed":false,"campfire_upgraded":1,"win_rate":0,"timestamp":1548823708,"path_taken":["M","?","M","?","?","E","R","E","T","R","M","?","E","M","R","BOSS"],"build_version":"2019-01-23","purchased_purges":0,"victory":false,"max_hp_per_floor":[66,71,71,71,71,71,71,71,71,71,71,71,71,71,71,71],"card_choices":[{"not_picked":["Footwork","Cloak And Dagger"],"picked":"Flying Knee","floor":1},{"not_picked":["Acrobatics","Bane"],"picked":"Deflect","floor":3},{"not_picked":["Noxious Fumes","Caltrops"],"picked":"Blur","floor":6},{"not_picked":["Cloak And Dagger","Skewer"],"picked":"Predator","floor":8},{"not_picked":["Distraction","Choke"],"picked":"PiercingWail","floor":11},{"not_picked":["Sucker Punch","Dodge and Roll"],"picked":"Burst","floor":13},{"not_picked":["Underhanded Strike","Leg Sweep"],"picked":"All Out Attack","floor":14}],"player_experience":437631,"relics_obtained":[{"floor":6,"key":"Happy Flower"},{"floor":8,"key":"Girya"},{"floor":9,"key":"Whetstone"},{"floor":13,"key":"Kunai"}],"event_choices":[{"damage_healed":0,"gold_gain":0,"player_choice":"Donut","damage_taken":0,"max_hp_gain":5,"max_hp_loss":0,"event_name":"Big Fish","floor":2,"gold_loss":0},{"damage_healed":0,"gold_gain":0,"player_choice":"Ignored","damage_taken":0,"max_hp_gain":0,"max_hp_loss":0,"event_name":"Liars Game","floor":5,"gold_loss":0},{"damage_healed":17,"gold_gain":0,"player_choice":"Healed and dodged fight","damage_taken":0,"max_hp_gain":0,"max_hp_loss":0,"event_name":"Mushrooms","floor":12,"gold_loss":0,"cards_obtained":["Parasite"]}],"is_beta":false,"boss_relics":[],"items_purged_floors":[],"is_endless":false,"potions_floor_spawned":[1,3],"killed_by":"The Guardian","ascension_level":16}