{"gold_per_floor":[111,186,199,214,214,243,243,261,285,0,0,65,65,65,65,136,136,152,25,39,49,49,49,69,69,69,69],"floor_reached":27,"playtime":1305,"items_purged":["Strike_G"],"score":380,"play_id":"5277a5e4-ee46-4817-9830-fd898d0f400b","local_time":"20190129212052","is_ascension_mode":true,"campfire_choices":[{"floor":7.0,"key":"REST"},{"data":"Skewer","floor":11.0,"key":"SMITH"},{"data":"Leg Sweep","floor":13.0,"key":"SMITH"},{"floor":15.0,"key":"REST"},{"data":"PiercingWail","floor":23.0,"key":"SMITH"},{"floor":25.0,"key":"REST"}],"neow_cost":"NONE","seed_source_timestamp":423782893614234,"circlet_count":0,"master_deck":["AscendersBane","Defend_G","Defend_G+1","Defend_G","Defend_G","Defend_G","Strike_G","Strike_G","Strike_G","Strike_G","Survivor","Neutralize+1","Skewer+1","Dagger Spray","Sucker Punch","Cloak And Dagger+1","Leg Sweep+1","Malaise+1","PiercingWail+1","Escape Plan","Caltrops","Terror","Acrobatics+1","Cloak And Dagger"],"special_seed":0,"relics":["Ring of the Snake","Bag of Marbles","Blood Vial","Happy Flower","Medical Kit","War Paint","Sozu","Ornamental Fan"],"potions_floor_usage":[],"damage_taken":[{"damage":4.0,"enemies":"Jaw Worm","floor":1.0,"turns":4.0},{"damage":0.0,"enemies":"Small Slimes","floor":3.0,"turns":2.0},{"damage":0.0,"enemies":"Cultist","floor":4.0,"turns":3.0},{"damage":16.0,"enemies":"Gremlin Nob","floor":6.0,"turns":3.0},{"damage":2.0,"enemies":"Exordium Wildlife","floor":8.0,"turns":5.0},{"damage":1.0,"enemies":"3 Sentries","floor":12.0,"turns":4.0},{"damage":47.0,"enemies":"Slime Boss","floor":16.0,"turns":14.0},{"damage":11.0,"enemies":"2 Thieves","floor":18.0,"turns":4.0},{"damage":6.0,"enemies":"Chosen","floor":20.0,"turns":6.0},{"damage":9.0,"enemies":"Snake Plant","floor":21.0,"turns":5.0},{"damage":13.0,"enemies":"Shelled Parasite and Fungi","floor":24.0,"turns":6.0},{"damage":42,"enemies":"Slavers","floor":27,"turns":4}],"seed_played":"-2011347164868552888","potions_obtained":[{"floor":1.0,"key":"LiquidBronze"},{"floor":3.0,"key":"Fire Potion"},{"floor":8.0,"key":"Fire Potion"}],"is_trial":false,"path_per_floor":["M","?","M","M","?","E","R","M","T","$","R","?","R","?","R","B",null,"M","$","M","M","?","R","M","R","T","E"],"character_chosen":"THE_SILENT","items_purchased":["Medical Kit","Escape Plan","Caltrops"],"campfire_rested":3,"item_purchase_floors":[10,19,19],"current_hp_per_floor":[55,44,44,44,26,10,29,29,29,29,29,30,30,30,49,4,51,42,42,38,31,31,31,20,39,39,0],"gold":69,"neow_bonus":"RANDOM_COMMON_RELIC","is_prod":false,"is_daily":false,"chose_seed":false,"campfire_upgraded":3,"win_rate":0,"timestamp":1548793252,"path_taken":["M","?","M","M","?","E","R","M","T","?","R","?","R","?","R","BOSS","M","$","M","M","?","R","M","R","T","E"],"build_version":"2019-01-23","purchased_purges":1,"victory":false,"max_hp_per_floor":[66,66,66,66,66,66,66,66,66,66,66,66,66,66,66,66,66,66,66,66,66,66,66,66,66,66,66],"card_choices":[{"not_picked":["Deflect","Flechettes"],"picked":"Skewer","floor":1.0},{"not_picked":["Distraction","Acrobatics"],"picked":"Dagger Spray","floor":3.0},{"not_picked":["Dagger Spray","Deadly Poison"],"picked":"Sucker Punch","floor":4.0},{"not_picked":["Quick Slash","Deflect"],"picked":"Cloak And Dagger","floor":6.0},{"not_picked":["Sucker Punch","Dodge and Roll"],"picked":"Leg Sweep","floor":8.0},{"not_picked":["Venomology","Burst"],"picked":"Malaise","floor":16.0},{"not_picked":["Dagger Spray","Blade Dance+1"],"picked":"PiercingWail","floor":18.0},{"not_picked":["Sucker Punch","Poisoned Stab+1"],"picked":"Terror","floor":20.0},{"not_picked":["Calculated Gamble","Terror"],"picked":"Acrobatics+1","floor":21.0},{"not_picked":["Tactician","Masterful Stab"],"picked":"Cloak And Dagger","floor":24.0}],"player_experience":1129096,"relics_obtained":[{"floor":6.0,"key":"Blood Vial"},{"floor":9.0,"key":"Happy Flower"},{"floor":12.0,"key":"War Paint"},{"floor":26.0,"key":"Ornamental Fan"}],"event_choices":[{"damage_healed":0.0,"max_hp_gain":0.0,"max_hp_loss":0.0,"gold_gain":75.0,"event_name":"World of Goop","player_choice":"Gather Gold","floor":2.0,"gold_loss":0.0,"damage_taken":11.0},{"damage_healed":0.0,"max_hp_gain":0.0,"max_hp_loss":0.0,"gold_gain":0.0,"event_name":"Scrap Ooze","player_choice":"Fled","floor":5.0,"gold_loss":0.0,"damage_taken":18.0},{"damage_healed":0.0,"max_hp_gain":0.0,"max_hp_loss":0.0,"gold_gain":0.0,"event_name":"Dead Adventurer","player_choice":"Searched \u00272\u0027 times","floor":12.0,"gold_loss":0.0,"damage_taken":0.0},{"damage_healed":0.0,"max_hp_gain":0.0,"max_hp_loss":0.0,"gold_gain":0.0,"event_name":"Living Wall","player_choice":"Grow","floor":14.0,"gold_loss":0.0,"damage_taken":0.0,"cards_upgraded":["Neutralize"]},{"damage_healed":0.0,"max_hp_gain":0.0,"max_hp_loss":0.0,"gold_gain":0.0,"event_name":"Upgrade Shrine","player_choice":"Upgraded","floor":22.0,"gold_loss":0.0,"damage_taken":0.0,"cards_upgraded":["Malaise"]}],"is_beta":false,"boss_relics":[{"not_picked":["Pandora\u0027s Box","Eternal Feather"],"picked":"Sozu"}],"items_purged_floors":[10],"is_endless":false,"potions_floor_spawned":[1,3,8],"killed_by":"Slavers","ascension_level":16}