{"gold_per_floor":[111,36,54,65,65,90,90,116,198,198,210,180,200,216,216,318,318,332,332,332,30,31,61,75,75,75,75,75,90,90,90,90,189,189,203,10,29,29,29,56,68,107,144,156,168,180,207,79,79,79],"floor_reached":50,"playtime":4238,"items_purged":["Strike_G","Strike_G","Defend_G"],"score":541,"play_id":"811bfd2e-a75a-4a7a-ac1c-cad6a58de9b6","local_time":"20181224133557","is_ascension_mode":false,"campfire_choices":[{"data":"Calculated Gamble","floor":7,"key":"SMITH"},{"floor":10,"key":"REST"},{"data":"Noxious Fumes","floor":15,"key":"SMITH"},{"data":"Bane","floor":27,"key":"SMITH"},{"data":"Dagger Spray","floor":30,"key":"SMITH"},{"data":"Dagger Throw","floor":32,"key":"SMITH"},{"floor":41,"key":"REST"},{"floor":46,"key":"RECALL"},{"floor":49,"key":"REST"}],"neow_cost":"NONE","seed_source_timestamp":159091379671158,"circlet_count":0,"master_deck":["Defend_G+1","Defend_G","Defend_G","Defend_G+1","Survivor","Neutralize","Noxious Fumes+1","Dagger Spray+1","Deflect","Calculated Gamble+1","Blur+1","Venomology+1","Dagger Throw","Dodge and Roll+1","Deadly Poison+1","Night Terror+1","Underhanded Strike+1","Burst+1","Acrobatics+1","Outmaneuver+1","Bane+1","Backstab+1","Outmaneuver+1","PiercingWail+1","Dagger Throw+1","Envenom","Blade Dance+1","Poisoned Stab","Backflip+1","Deflect+1","Quick Slash+1","Burst+1","Catalyst+1","Mayhem","Deflect+1","Wraith Form v2","Regret","Infinite Blades","Adrenaline+1"],"relics":["Ring of the Snake","Centennial Puzzle","PreservedInsect","Dream Catcher","Toxic Egg 2","Astrolabe","Peace Pipe","Potion Belt","Boot","War Paint","MutagenicStrength","Orrery","MawBank","Bottled Tornado"],"potions_floor_usage":[6,12,14,16,16,18,18,22,22,22,23,23,24,24,29,29,29,33,33,33,33,33,33,33,37,37,40,42,47,47,50,50],"damage_taken":[{"damage":1,"enemies":"Cultist","floor":1,"turns":5},{"damage":2,"enemies":"Small Slimes","floor":3,"turns":4},{"damage":0,"enemies":"Jaw Worm","floor":4,"turns":5},{"damage":39,"enemies":"Gremlin Nob","floor":6,"turns":5},{"damage":3,"enemies":"Lots of Slimes","floor":11,"turns":4},{"damage":0,"enemies":"Looter","floor":12,"turns":4},{"damage":0,"enemies":"Large Slime","floor":13,"turns":9},{"damage":0,"enemies":"2 Fungi Beasts","floor":14,"turns":6},{"damage":2,"enemies":"The Guardian","floor":16,"turns":10},{"damage":0,"enemies":"Chosen","floor":18,"turns":5},{"damage":2,"enemies":"2 Thieves","floor":22,"turns":5},{"damage":1,"enemies":"Slavers","floor":23,"turns":2},{"damage":5,"enemies":"Chosen and Byrds","floor":24,"turns":10},{"damage":0,"enemies":"Sentry and Sphere","floor":29,"turns":3},{"damage":53,"enemies":"Collector","floor":33,"turns":8},{"damage":0,"enemies":"3 Shapes","floor":35,"turns":6},{"damage":37,"enemies":"3 Darklings","floor":37,"turns":10},{"damage":13,"enemies":"Reptomancer","floor":40,"turns":5},{"damage":22,"enemies":"Nemesis","floor":42,"turns":7},{"damage":12,"enemies":"Transient","floor":47,"turns":5},{"damage":68,"enemies":"Donu and Deca","floor":50,"turns":7}],"seed_played":"6574593141864428933","potions_obtained":[{"floor":1,"key":"Dexterity Potion"},{"floor":3,"key":"Explosive Potion"},{"floor":6,"key":"FearPotion"},{"floor":22,"key":"Dexterity Potion"},{"floor":29,"key":"Weak Potion"},{"floor":37,"key":"SpeedPotion"},{"floor":40,"key":"SkillPotion"}],"is_trial":false,"path_per_floor":["M","$","M","M","?","E","R","T","T","R","M","M","M","M","R","B",null,"M","?","?","$","M","E","M","?","T","R","?","M","R","?","R","B",null,"M","$","M","?","?","E","R","E","T","?","?","R","M","$","R","B"],"character_chosen":"THE_SILENT","items_purchased":["Potion Belt","Bane","Catalyst+1","Adrenaline+1"],"campfire_rested":3,"item_purchase_floors":[21,21,36,48],"current_hp_per_floor":[76,76,74,74,62,23,23,23,23,46,43,43,43,43,43,41,77,77,77,77,77,75,74,69,55,55,55,55,55,55,55,55,2,82,82,82,45,45,45,32,56,34,34,55,55,55,43,43,67,0],"gold":79,"neow_bonus":"TEN_PERCENT_HP_BONUS","is_prod":false,"is_daily":false,"chose_seed":false,"campfire_upgraded":5,"win_rate":0,"timestamp":1545654957,"path_taken":["M","$","?","?","?","E","R","?","T","R","M","M","?","M","R","BOSS","M","?","?","$","M","E","M","?","T","R","?","M","R","?","R","BOSS","M","$","M","?","?","E","R","E","T","?","?","R","M","$","R","BOSS"],"build_version":"2018-12-20","purchased_purges":3,"victory":false,"max_hp_per_floor":[77,77,77,77,77,77,77,77,77,77,77,77,77,77,77,77,77,77,77,77,77,77,77,77,82,82,82,82,82,82,82,82,82,82,82,82,82,82,82,82,82,82,82,82,82,82,82,82,82,82],"card_choices":[{"not_picked":["Eviscerate","All Out Attack"],"picked":"Noxious Fumes","floor":1},{"not_picked":["Calculated Gamble","Riddle With Holes"],"picked":"Dagger Spray","floor":3},{"not_picked":["Dagger Spray","Terror"],"picked":"Deflect","floor":4},{"not_picked":["Caltrops","Outmaneuver"],"picked":"Calculated Gamble","floor":6},{"not_picked":["PiercingWail+1","Prepared+1"],"picked":"Blur+1","floor":10},{"not_picked":["Flying Knee","Dagger Throw"],"picked":"Venomology+1","floor":11},{"not_picked":["Bane","Quick Slash"],"picked":"Dagger Throw","floor":12},{"not_picked":["Flechettes","Storm of Steel+1"],"picked":"Dodge and Roll+1","floor":13},{"not_picked":["Backflip+1","Dodge and Roll+1"],"picked":"Deadly Poison+1","floor":14},{"not_picked":["Venomology+1","Wraith Form v2"],"picked":"Night Terror+1","floor":16},{"not_picked":["Terror+1","Quick Slash"],"picked":"Outmaneuver+1","floor":18},{"not_picked":["Dagger Throw","Backflip+1"],"picked":"Backstab+1","floor":22},{"not_picked":["Expertise+1","Slice"],"picked":"Outmaneuver+1","floor":23},{"not_picked":["Dagger Spray","Sucker Punch"],"picked":"PiercingWail+1","floor":24},{"not_picked":["Quick Slash","Dagger Spray"],"picked":"Dagger Throw","floor":29},{"not_picked":["Doppelganger+1","Phantasmal Killer+1"],"picked":"Envenom","floor":33},{"not_picked":["Flying Knee","Skewer"],"picked":"Blade Dance+1","floor":34},{"not_picked":["Dash","Blur+1"],"picked":"Poisoned Stab","floor":34},{"not_picked":["Choke","Predator"],"picked":"Backflip+1","floor":34},{"not_picked":["Poisoned Stab","Sucker Punch"],"picked":"Deflect+1","floor":34},{"not_picked":["Outmaneuver+1","Terror+1"],"picked":"Quick Slash+1","floor":34},{"not_picked":["Flying Knee","Backflip+1"],"picked":"Burst+1","floor":35},{"not_picked":["Dagger Throw+1","Predator","Calculated Gamble+1"],"picked":"SKIP","floor":37},{"not_picked":["Impatience+1","HandOfGreed"],"picked":"Mayhem","floor":39},{"not_picked":["Well Laid Plans+1","Outmaneuver+1","Dagger Throw"],"picked":"SKIP","floor":40},{"not_picked":["Reflex+1","Masterful Stab+1"],"picked":"Deflect+1","floor":41},{"not_picked":["Skewer+1","Acrobatics+1"],"picked":"Wraith Form v2","floor":42},{"not_picked":["Dash","Slice"],"picked":"Infinite Blades","floor":47}],"player_experience":101251,"relics_obtained":[{"floor":6,"key":"PreservedInsect"},{"floor":8,"key":"Dream Catcher"},{"floor":9,"key":"Toxic Egg 2"},{"floor":23,"key":"Boot"},{"floor":26,"key":"War Paint"},{"floor":40,"key":"MawBank"},{"floor":42,"key":"Bottled Tornado"}],"event_choices":[{"damage_healed":0,"gold_gain":0,"player_choice":"Success","damage_taken":12,"relics_obtained":["Centennial Puzzle"],"max_hp_gain":0,"max_hp_loss":0,"event_name":"Scrap Ooze","floor":5,"gold_loss":0},{"damage_healed":0,"gold_gain":0,"player_choice":"Opened","damage_taken":0,"relics_obtained":["Peace Pipe"],"max_hp_gain":0,"max_hp_loss":0,"event_name":"The Mausoleum","floor":19,"gold_loss":0},{"damage_healed":0,"gold_gain":0,"player_choice":"Ignored","damage_taken":0,"max_hp_gain":0,"max_hp_loss":0,"event_name":"Ghosts","floor":20,"gold_loss":0},{"damage_healed":0,"gold_gain":0,"player_choice":"Shed Blood","damage_taken":19,"max_hp_gain":5,"max_hp_loss":0,"event_name":"Forgotten Altar","floor":25,"gold_loss":0},{"damage_healed":0,"gold_gain":0,"player_choice":"Inject Mutagens","damage_taken":0,"relics_obtained":["MutagenicStrength"],"max_hp_gain":0,"max_hp_loss":0,"event_name":"Drug Dealer","floor":28,"gold_loss":0},{"damage_healed":0,"gold_gain":0,"player_choice":"Ignored","damage_taken":0,"max_hp_gain":0,"max_hp_loss":0,"event_name":"Vampires","floor":31,"gold_loss":0},{"damage_healed":0,"gold_gain":0,"player_choice":"Ignored","damage_taken":0,"max_hp_gain":0,"max_hp_loss":0,"event_name":"Mysterious Sphere","floor":38,"gold_loss":0},{"damage_healed":0,"gold_gain":0,"player_choice":"Memory 1","damage_taken":0,"max_hp_gain":0,"max_hp_loss":0,"event_name":"SensoryStone","floor":39,"gold_loss":0},{"damage_healed":21,"gold_gain":0,"player_choice":"Writhe","damage_taken":0,"max_hp_gain":0,"max_hp_loss":0,"event_name":"Winding Halls","floor":44,"gold_loss":0,"cards_obtained":["Writhe"]},{"damage_healed":0,"gold_gain":0,"cards_transformed":["Writhe"],"player_choice":"Transformed","damage_taken":0,"max_hp_gain":0,"max_hp_loss":0,"event_name":"Transmorgrifier","floor":45,"gold_loss":0,"cards_obtained":["Regret"]}],"is_beta":false,"boss_relics":[{"not_picked":["Tiny House","HoveringKite"],"picked":"Astrolabe"},{"not_picked":["Eternal Feather","Lizard Tail"],"picked":"Orrery"}],"items_purged_floors":[2,21,36],"is_endless":false,"potions_floor_spawned":[1,3,6,22,29,37,40],"killed_by":"Donu and Deca","ascension_level":0}