{"path_per_floor":["M","?","M","?","?","R","E","$","T","R","M","?","$","M","R","B",null,"M","M","?","M","?","M","R","M","T","M","R","$","R","M","R","B",null,"M","?","$","T","?","E","M","R","T","?","M","M"],"character_chosen":"THE_SILENT","items_purchased":["Bronze Scales","Strength Potion"],"gold_per_floor":[114,114,129,129,129,129,159,84,159,159,174,174,74,89,89,189,189,204,219,169,184,184,199,199,214,214,229,229,79,79,94,94,194,194,209,309,134,159,159,189,204,204,254,0,15,30],"floor_reached":47,"campfire_rested":2,"playtime":2158,"current_hp_per_floor":[70,70,70,70,70,70,51,51,51,51,51,51,51,42,42,39,70,63,63,63,48,70,52,52,52,52,44,44,44,44,34,55,28,70,14,14,14,14,14,7,7,48,48,48,34,19],"items_purged":["Catalyst","Catalyst","Injury"],"gold":30,"score":556,"play_id":"149a3935-b593-44dc-a2f8-de86568a71b5","local_time":"20180313125927","daily_mods":["Diverse","Insanity","Binary"],"is_prod":false,"is_daily":true,"is_ascension_mode":false,"campfire_upgraded":6,"timestamp":1520942367,"path_taken":["M","?","M","?","?","R","E","$","T","R","?","?","?","M","R","BOSS","M","M","?","M","?","?","R","M","T","M","R","$","R","M","R","BOSS","M","?","$","?","?","E","M","R","T","?","M","M","M"],"build_version":"2018-03-09","purchased_purges":3,"victory":false,"master_deck":["Neutralize+1","Heel Hook","Slice","Backstab+1","Footwork","Tools of the Trade","Prepared","Infinite Blades","Corpse Explosion","Eviscerate","Eviscerate","Finisher","Burst","Doppelganger","Heel Hook","Sucker Punch","Glass Knife+1","Expertise","All Out Attack","Defend_G","Eviscerate","Quick Slash","Blade Dance","Glass Knife","Dodge and Roll","Flechettes","Storm of Steel","Expertise","Blade Dance","Masterful Stab","Distraction","Dagger Spray","Reflex","Tools of the Trade","A Thousand Cuts","Eviscerate","Cloak And Dagger","Flechettes","PiercingWail","Choke","Acrobatics","Backstab+1","Phantasmal Killer+1","Escape Plan","Survivor","Outmaneuver","Terror+1","Glass Knife","Fire Breathing","Havoc","Neutralize+1","Adrenaline"],"max_hp_per_floor":[70,70,70,70,70,70,70,70,70,70,70,70,70,70,70,70,70,70,70,70,70,70,70,70,70,70,70,70,70,70,70,70,70,70,70,70,70,70,70,70,70,70,70,70,70,70],"relics":["Ring of the Snake","Vajra","Tough Bandages","Black Star","Dead Branch","Bronze Scales","Eternal Feather","Dream Catcher","Ninja Scroll","Centennial Puzzle","Snake Skull","Red Mask"],"card_choices":[{"not_picked":["Envenom"],"picked":"Adrenaline"}],"player_experience":146732,"potions_floor_usage":[7,16,16,16,27,33,33,40,40,46],"damage_taken":[{"damage":0,"enemies":"Jaw Worm","floor":1,"turns":1},{"damage":0,"enemies":"Cultist","floor":3,"turns":2},{"damage":19,"enemies":"Lagavulin","floor":7,"turns":5},{"damage":0,"enemies":"2 Louse","floor":11,"turns":1},{"damage":9,"enemies":"2 Fungi Beasts","floor":14,"turns":2},{"damage":3,"enemies":"Hexaghost","floor":16,"turns":7},{"damage":7,"enemies":"2 Thieves","floor":18,"turns":3},{"damage":0,"enemies":"Spheric Guardian","floor":19,"turns":1},{"damage":15,"enemies":"Centurion and Healer","floor":21,"turns":6},{"damage":18,"enemies":"Chosen and Byrds","floor":23,"turns":5},{"damage":0,"enemies":"Snecko","floor":25,"turns":2},{"damage":8,"enemies":"Slaver and Parasite","floor":27,"turns":3},{"damage":10,"enemies":"Centurion and Healer","floor":31,"turns":4},{"damage":27,"enemies":"Champ","floor":33,"turns":7},{"damage":56,"enemies":"3 Darklings","floor":35,"turns":4},{"damage":7,"enemies":"2 Orb Walkers","floor":40,"turns":3},{"damage":0,"enemies":"Orb Walker","floor":41,"turns":1},{"damage":14,"enemies":"4 Shapes","floor":45,"turns":4},{"damage":15,"enemies":"Maw","floor":46,"turns":3},{"damage":19,"enemies":"Sphere and 2 Shapes","floor":47,"turns":2}],"event_choices":[{"event_name":"The Lab","player_choice":"Got Potions","floor":2,"damage_taken":0},{"event_name":"Accursed Blacksmith","player_choice":"Forge","floor":4,"damage_taken":0},{"event_name":"Wheel of Change","player_choice":"Full Heal","floor":5,"damage_taken":0},{"event_name":"Match and Keep!","player_choice":"1 cards matched","floor":12,"damage_taken":0},{"event_name":"The Joust","player_choice":"Bet on Murderer","floor":20,"damage_taken":0},{"event_name":"Wheel of Change","player_choice":"Full Heal","floor":22,"damage_taken":0},{"event_name":"Golden Shrine","player_choice":"Pray","floor":36,"damage_taken":0},{"event_name":"Mysterious Sphere","player_choice":"Ignore","floor":39,"damage_taken":0},{"event_name":"Tomb of Lord Red Mask","player_choice":"Paid","floor":44,"damage_taken":0}],"boss_relics":[{"not_picked":["The Specimen","Snecko Eye"],"picked":"Black Star"},{"not_picked":["Question Card","Cursed Key"],"picked":"Eternal Feather"}],"potions_floor_spawned":[3,14,19,25,27,31,41],"seed_played":"5990498444709922547","killed_by":"Sphere and 2 Shapes","ascension_level":0,"is_trial":false}