{"gold_per_floor":[20,20,40,40,56,56,87,97,97,131,131,144,155,170,170,249,249,259,184,184,184,208,240,240,240],"floor_reached":25,"playtime":843,"items_purged":[],"score":500,"play_id":"efda7db3-aa1f-4284-8bf3-445ee2768d89","local_time":"20190107191602","is_ascension_mode":true,"campfire_choices":[{"data":"Zap","floor":6.0,"key":"SMITH"},{"floor":15.0,"key":"REST"},{"floor":24,"key":"REST"}],"neow_cost":"NO_GOLD","seed_source_timestamp":0,"circlet_count":0,"master_deck":["AscendersBane","Strike_B","Strike_B","Defend_B","Defend_B","Defend_B","Zap+1","Dualcast","Hologram","Coolheaded","Rip and Tear","Amplify","Ball Lightning","BootSequence","Doom and Gloom","FTL","Auto Shields","Electrodynamics","Leap+1"],"special_seed":0,"relics":["Cracked Core","Peace Pipe","Pocketwatch","Mango","CultistMask","Sozu","MutagenicStrength","Strawberry","Singing Bowl"],"potions_floor_usage":[25],"damage_taken":[{"damage":4.0,"enemies":"Jaw Worm","floor":1.0,"turns":3.0},{"damage":9.0,"enemies":"Small Slimes","floor":3.0,"turns":4.0},{"damage":2.0,"enemies":"Cultist","floor":5.0,"turns":5.0},{"damage":18.0,"enemies":"Lagavulin","floor":7.0,"turns":6.0},{"damage":8.0,"enemies":"Lots of Slimes","floor":8.0,"turns":5.0},{"damage":37.0,"enemies":"3 Sentries","floor":10.0,"turns":5.0},{"damage":13.0,"enemies":"3 Louse","floor":12.0,"turns":4.0},{"damage":0.0,"enemies":"2 Fungi Beasts","floor":13.0,"turns":3.0},{"damage":0.0,"enemies":"Large Slime","floor":14.0,"turns":3.0},{"damage":32.0,"enemies":"Hexaghost","floor":16.0,"turns":9.0},{"damage":0,"enemies":"Chosen","floor":18,"turns":3},{"damage":54,"enemies":"Gremlin Leader","floor":23,"turns":6},{"damage":65,"enemies":"Book of Stabbing","floor":25,"turns":5}],"seed_played":"3659390104294503983","potions_obtained":[{"floor":5.0,"key":"EntropicBrew"},{"floor":7.0,"key":"SteroidPotion"},{"floor":13.0,"key":"SkillPotion"}],"is_trial":false,"path_per_floor":["M","?","M","?","M","R","E","M","T","E","?","M","M","M","R","B",null,"M","?","?","?","T","E","R","E"],"character_chosen":"DEFECT","items_purchased":[],"campfire_rested":2,"item_purchase_floors":[],"current_hp_per_floor":[74,79,70,70,68,68,50,42,42,19,19,6,6,6,37,5,79,79,79,79,79,86,32,65,0],"gold":240,"neow_bonus":"TWENTY_PERCENT_HP_BONUS","is_prod":false,"is_daily":false,"chose_seed":false,"campfire_upgraded":1,"win_rate":0,"timestamp":1546856162,"path_taken":["M","?","M","?","M","R","E","M","T","E","?","?","?","M","R","BOSS","M","?","?","?","?","E","R","E"],"build_version":"2019-01-03v4","purchased_purges":0,"victory":false,"max_hp_per_floor":[85,90,90,90,90,90,90,90,90,104,104,104,104,104,104,104,104,104,104,104,104,111,111,111,111],"card_choices":[{"not_picked":["Sweeping Beam","Barrage"],"picked":"Hologram","floor":1.0},{"not_picked":["Gash","Scrape"],"picked":"Coolheaded","floor":3.0},{"not_picked":["Go for the Eyes","Conserve Battery"],"picked":"Rip and Tear","floor":5.0},{"not_picked":["Static Discharge","Compile Driver"],"picked":"Amplify","floor":7.0},{"not_picked":["Steam","Gash"],"picked":"Ball Lightning","floor":8.0},{"not_picked":["Skim","Darkness"],"picked":"BootSequence","floor":10.0},{"not_picked":["Storm","Sweeping Beam"],"picked":"Doom and Gloom","floor":12.0},{"not_picked":["Steam","Barrage"],"picked":"FTL","floor":13.0},{"not_picked":["Rebound","Beam Cell"],"picked":"Auto Shields","floor":14.0},{"not_picked":["Fission","Amplify"],"picked":"Electrodynamics","floor":16.0},{"not_picked":["Coolheaded","Barrage","Chill"],"picked":"SKIP","floor":18},{"not_picked":["Turbo","Steam Power"],"picked":"Leap+1","floor":23}],"player_experience":1015329,"relics_obtained":[{"floor":7.0,"key":"Peace Pipe"},{"floor":9.0,"key":"Pocketwatch"},{"floor":10.0,"key":"Mango"},{"floor":22,"key":"Strawberry"},{"floor":23,"key":"Singing Bowl"}],"event_choices":[{"damage_healed":0.0,"max_hp_gain":5.0,"max_hp_loss":0.0,"gold_gain":0.0,"event_name":"Big Fish","player_choice":"Donut","floor":2.0,"gold_loss":0.0,"damage_taken":0.0},{"cards_removed":["Defend_B"],"damage_healed":0.0,"max_hp_gain":0.0,"max_hp_loss":0.0,"gold_gain":0.0,"event_name":"Living Wall","player_choice":"Forget","floor":4.0,"gold_loss":0.0,"damage_taken":0.0},{"damage_healed":0.0,"max_hp_gain":0.0,"max_hp_loss":0.0,"gold_gain":0.0,"event_name":"FaceTrader","player_choice":"Trade","floor":11.0,"gold_loss":0.0,"damage_taken":0.0,"relics_obtained":["CultistMask"]},{"cards_removed":["Strike_B"],"damage_healed":0,"gold_gain":0,"player_choice":"Gave Gold","damage_taken":0,"max_hp_gain":0,"max_hp_loss":0,"event_name":"Beggar","floor":19,"gold_loss":75},{"damage_healed":0,"gold_gain":0,"player_choice":"Inject Mutagens","damage_taken":0,"relics_obtained":["MutagenicStrength"],"max_hp_gain":0,"max_hp_loss":0,"event_name":"Drug Dealer","floor":20,"gold_loss":0},{"cards_removed":["Strike_B"],"damage_healed":0,"gold_gain":0,"player_choice":"Elegance","damage_taken":0,"max_hp_gain":0,"max_hp_loss":0,"event_name":"Back to Basics","floor":21,"gold_loss":0}],"is_beta":false,"boss_relics":[{"not_picked":["Empty Cage","White Beast Statue"],"picked":"Sozu"}],"items_purged_floors":[],"is_endless":false,"potions_floor_spawned":[5,7,10,13,18],"killed_by":"Book of Stabbing","ascension_level":19}