{"gold_per_floor":[119,119,137,150,4,4,4,4,4,18,32,32,32,45,45,143,143,156,169,182,107,123,123],"floor_reached":23,"playtime":1277,"items_purged":[],"score":185,"play_id":"6bb8f76f-254c-41ef-98d1-88dfaefb96e9","local_time":"20181220152721","is_ascension_mode":false,"campfire_choices":[{"data":"Ball Lightning","floor":6,"key":"SMITH"},{"data":"Double Energy","floor":13,"key":"SMITH"},{"floor":15,"key":"REST"}],"neow_cost":"NONE","seed_source_timestamp":2215704959572,"circlet_count":0,"master_deck":["Strike_B","Strike_B+1","Defend_B","Zap","Dualcast+1","Double Energy+1","Reprogram","Ball Lightning+1","Coolheaded","Reinforced Body","Biased Cognition","Melter+1","Beam Cell+1","Hologram+1","Loop","Defragment"],"relics":["Cracked Core","Juzu Bracelet","The Courier","Astrolabe"],"potions_floor_usage":[4,16,16,19,23],"damage_taken":[{"damage":1,"enemies":"Jaw Worm","floor":1,"turns":4},{"damage":0,"enemies":"Cultist","floor":3,"turns":3},{"damage":0,"enemies":"2 Louse","floor":4,"turns":1},{"damage":7,"enemies":"Blue Slaver","floor":10,"turns":2},{"damage":5,"enemies":"Exordium Thugs","floor":11,"turns":3},{"damage":0,"enemies":"Red Slaver","floor":14,"turns":4},{"damage":28,"enemies":"Hexaghost","floor":16,"turns":9},{"damage":34,"enemies":"3 Byrds","floor":18,"turns":4},{"damage":26,"enemies":"2 Thieves","floor":19,"turns":3},{"damage":19,"enemies":"Shelled Parasite and Fungi","floor":20,"turns":5},{"damage":2,"enemies":"Cultist and Chosen","floor":22,"turns":5},{"damage":10,"enemies":"Gremlin Leader","floor":23,"turns":3}],"seed_played":"-4606825568155406587","potions_obtained":[{"floor":0,"key":"GamblersBrew"},{"floor":0,"key":"SneckoOil"},{"floor":0,"key":"Swift Potion"},{"floor":3,"key":"Fire Potion"},{"floor":11,"key":"Strength Potion"},{"floor":14,"key":"FearPotion"},{"floor":16,"key":"FairyPotion"},{"floor":19,"key":"Fire Potion"}],"is_trial":false,"path_per_floor":["M","?","M","M","$","R","?","?","T","M","M","$","R","M","R","B",null,"M","M","M","?","M","E"],"character_chosen":"DEFECT","items_purchased":["Juzu Bracelet"],"campfire_rested":1,"item_purchase_floors":[5],"current_hp_per_floor":[74,74,74,74,74,74,59,59,59,52,47,47,47,47,69,41,75,41,15,7,7,5,0],"gold":123,"neow_bonus":"THREE_SMALL_POTIONS","is_prod":false,"is_daily":false,"chose_seed":false,"campfire_upgraded":2,"win_rate":0,"timestamp":1545316041,"path_taken":["M","?","?","M","$","R","?","?","T","M","M","$","R","M","R","BOSS","M","M","M","?","M","E"],"build_version":"2018-12-13","purchased_purges":0,"victory":false,"max_hp_per_floor":[75,75,75,75,75,75,75,75,75,75,75,75,75,75,75,75,75,75,75,75,75,75,75],"card_choices":[{"not_picked":["Chaos","Self Repair"],"picked":"Double Energy","floor":1},{"not_picked":["Barrage","Go for the Eyes"],"picked":"Reprogram","floor":3},{"not_picked":["Barrage","Consume"],"picked":"Ball Lightning","floor":4},{"not_picked":["Go for the Eyes","Hologram","Darkness"],"picked":"SKIP","floor":10},{"not_picked":["Steam Power","Fusion"],"picked":"Coolheaded","floor":11},{"not_picked":["Self Repair","Conserve Battery"],"picked":"Reinforced Body","floor":14},{"not_picked":["Multi-Cast","All For One"],"picked":"Biased Cognition","floor":16},{"not_picked":["Barrage","Sweeping Beam"],"picked":"Loop","floor":18},{"not_picked":["Steam","Go for the Eyes"],"picked":"Defragment","floor":19},{"not_picked":["Beam Cell","Redo","Gash"],"picked":"SKIP","floor":20},{"not_picked":["Gash","Cold Snap","Coolheaded"],"picked":"SKIP","floor":22}],"player_experience":291047,"relics_obtained":[{"floor":9,"key":"The Courier"}],"event_choices":[{"cards_removed":["Strike_B"],"damage_healed":0,"gold_gain":0,"player_choice":"Offered Basic","damage_taken":0,"max_hp_gain":0,"max_hp_loss":0,"event_name":"Bonfire Elementals","floor":2,"gold_loss":0},{"damage_healed":0,"gold_gain":0,"player_choice":"Entered Light","damage_taken":15,"max_hp_gain":0,"max_hp_loss":0,"event_name":"Shining Light","floor":7,"gold_loss":0,"cards_upgraded":["Strike_B","Dualcast"]},{"damage_healed":0,"gold_gain":0,"player_choice":"Leave","damage_taken":0,"max_hp_gain":0,"max_hp_loss":0,"event_name":"The Cleric","floor":8,"gold_loss":0},{"cards_removed":["Strike_B"],"damage_healed":0,"gold_gain":0,"player_choice":"Gave Gold","damage_taken":0,"max_hp_gain":0,"max_hp_loss":0,"event_name":"Beggar","floor":21,"gold_loss":75}],"is_beta":false,"boss_relics":[{"not_picked":["Lizard Tail","Cursed Key"],"picked":"Astrolabe"}],"items_purged_floors":[],"is_endless":false,"potions_floor_spawned":[1,3,11,14,16,19],"killed_by":"Gremlin Leader","ascension_level":0}