{"path_per_floor":["M","M","M","?","$","R","M","R","T","R","M","M","R","M","R","B",null,"M","$","M","?","M","R","?","?","T","?","R","M","R","$","R","B",null,"M","$","M","M","?","R"],"character_chosen":"IRONCLAD","items_purchased":["Inflame","Pummel","Flex","Orichalcum","Inflame","Shuriken","Twin Strike","Armaments"],"gold_per_floor":[118,133,151,151,2,2,16,16,16,16,28,38,38,51,51,147,147,166,17,33,33,52,52,52,52,352,352,352,363,363,38,38,136,136,155,58,75,87,87,87],"floor_reached":41,"campfire_rested":1,"playtime":2480,"current_hp_per_floor":[80,80,80,80,80,80,66,66,66,66,65,71,71,64,80,79,80,80,80,78,78,61,61,46,46,46,46,46,49,49,49,49,45,59,55,55,39,41,41,41],"items_purged":[],"gold":87,"score":359,"play_id":"a37226bc-08f0-4663-b394-5c2f241db827","local_time":"20180305010100","is_prod":false,"is_daily":false,"is_ascension_mode":false,"campfire_upgraded":7,"timestamp":1520208060,"path_taken":["M","M","M","?","$","R","M","R","T","R","?","M","R","M","R","BOSS","M","$","M","?","M","R","?","?","T","?","R","M","R","$","R","BOSS","M","$","M","M","?","R","M"],"build_version":"2018-03-01-PROD1","purchased_purges":0,"victory":false,"master_deck":["Defend_R","Defend_R","Defend_R","Defend_R","Bash","Sword Boomerang+1","Shrug It Off","Anger","Inflame+1","Pummel+1","Flex+1","Twin Strike+1","Pummel","Iron Wave","Twin Strike","Shrug It Off","Impervious","Normality","Heavy Blade+1","Shrug It Off","Bite","Bite","Bite","Bite","Bite","Clash+1","Inflame+1","Double Tap","Headbutt+1","Twin Strike","Battle Trance","Battle Trance"],"max_hp_per_floor":[80,80,80,80,80,80,80,80,80,80,80,80,80,80,80,80,80,80,80,80,80,80,80,85,59,59,59,59,59,59,59,59,59,59,59,59,59,59,59,59],"relics":["Burning Blood","Dream Catcher","Peace Pipe","Dodecahedron","Meat on the Bone","Ancient Tea Set","Orichalcum","Nloth\u0027s Gift","Old Coin","Shuriken","Question Card"],"card_choices":[{"not_picked":["Cleave","Thunderclap"],"picked":"Sword Boomerang"},{"not_picked":["Bloodletting","Burning Pact"],"picked":"Shrug It Off"},{"not_picked":["Entrench","Body Slam"],"picked":"Anger"},{"not_picked":["Clash","Blood for Blood"],"picked":"Twin Strike"},{"not_picked":["Clash","Feel No Pain"],"picked":"Pummel"},{"not_picked":["Impervious","Sword Boomerang"],"picked":"Iron Wave"},{"not_picked":["Shrug It Off","Heavy Blade"],"picked":"Twin Strike"},{"not_picked":["Clothesline","Seeing Red"],"picked":"Shrug It Off"},{"not_picked":["Brutality","Barricade"],"picked":"Impervious"},{"not_picked":["Clash","Carnage"],"picked":"Heavy Blade"},{"not_picked":["Corruption","Warcry"],"picked":"Shrug It Off"},{"not_picked":["True Grit","Body Slam"],"picked":"Clash"},{"not_picked":["Barricade","Brutality"],"picked":"Double Tap"},{"not_picked":["Cleave","Thunderclap","Iron Wave"],"picked":"Headbutt"},{"not_picked":["Second Wind","Sever Soul","Shockwave"],"picked":"Battle Trance"},{"not_picked":["Warcry","Rage","Reckless Charge"],"picked":"Battle Trance"}],"player_experience":24791,"potions_floor_usage":[22,33,33,37,41],"damage_taken":[{"damage":2,"enemies":"2 Louse","floor":1,"turns":3},{"damage":1,"enemies":"Cultist","floor":2,"turns":3},{"damage":1,"enemies":"Jaw Worm","floor":3,"turns":4},{"damage":20,"enemies":"Gremlin Gang","floor":7,"turns":4},{"damage":7,"enemies":"Exordium Wildlife","floor":11,"turns":4},{"damage":0,"enemies":"2 Fungi Beasts","floor":12,"turns":2},{"damage":13,"enemies":"Large Slime","floor":14,"turns":5},{"damage":7,"enemies":"Slime Boss","floor":16,"turns":8},{"damage":0,"enemies":"Chosen","floor":18,"turns":3},{"damage":8,"enemies":"Shell Parasite","floor":20,"turns":6},{"damage":23,"enemies":"Chosen and Byrds","floor":22,"turns":9},{"damage":7,"enemies":"Sentry and Sphere","floor":29,"turns":5},{"damage":39,"enemies":"Champ","floor":33,"turns":9},{"damage":10,"enemies":"Orb Walker","floor":35,"turns":3},{"damage":44,"enemies":"3 Shapes","floor":37,"turns":6},{"damage":6,"enemies":"Maw","floor":38,"turns":6},{"damage":48,"enemies":"Sphere and 2 Shapes","floor":41,"turns":3}],"event_choices":[{"event_name":"Purifier","player_choice":"One Purge","floor":4,"damage_taken":0},{"event_name":"N\u0027loth","player_choice":"Traded a Calling Bell","floor":21,"damage_taken":0},{"event_name":"Forgotten Altar","player_choice":"Shed Blood","floor":24,"damage_taken":0},{"event_name":"Vampires","player_choice":"Became a vampire","floor":25,"damage_taken":0},{"event_name":"Drug Dealer","player_choice":"Ignored","floor":27,"damage_taken":0}],"boss_relics":[{"not_picked":["Ectoplasm","Runic Dome"],"picked":"Calling Bell"},{"not_picked":["Black Blood","Cursed Key"],"picked":"Question Card"}],"potions_floor_spawned":[7,11,14,20,29,37],"seed_played":"68283316224349499","killed_by":"Sphere and 2 Shapes","ascension_level":0,"is_trial":false}