{"gold_per_floor":[112,44,44,116,132,132,146,174,174,174,18,43,43,43,43,138,138,157,157,157,168,22,22,50,30,104,114,114,127,144,243,243,341,391,401,401,401,401,418,418,444,444,444,444,344,36,51,51,51,51],"floor_reached":50,"playtime":1930,"items_purged":["Strike_G","Strike_G"],"score":862,"play_id":"59bd5037-ba3f-46b2-8844-32d97c96cca5","local_time":"20180927114148","is_ascension_mode":true,"campfire_choices":[{"data":"Blade Dance","floor":6,"key":"SMITH"},{"floor":10,"key":"REST"},{"floor":15,"key":"REST"},{"floor":23,"key":"REST"},{"data":"Footwork","floor":28,"key":"SMITH"},{"floor":32,"key":"REST"},{"data":"Accuracy","floor":40,"key":"SMITH"},{"data":"Cloak And Dagger","floor":42,"key":"SMITH"},{"data":"Blade Dance","floor":44,"key":"SMITH"},{"floor":49,"key":"REST"}],"neow_cost":"NONE","seed_source_timestamp":41910094777970,"circlet_count":0,"master_deck":["Defend_G+1","Defend_G+1","Defend_G+1","Defend_G+1","Defend_G+1","Strike_G+1","Strike_G+1","Survivor+1","Neutralize+1","AscendersBane","Sucker Punch+1","Blade Dance+1","Noxious Fumes+1","Blade Dance+1","Bane+1","Cloak And Dagger+1","Backflip+1","Venomology+1","Terror+1","Blade Dance+1","Dodge and Roll+1","Blade Dance+1","J.A.X.+1","Footwork+1","Cloak And Dagger+1","Accuracy+1","Burst+1","Deflect+1","Cloak And Dagger+1","Blind+1","Infinite Blades+1"],"relics":["Ring of the Snake","Kunai","Bottled Flame","Toxic Egg 2","Lantern","Omamori","Gambling Chip","Singing Bowl","Orrery","Mummified Hand","Shuriken","Tiny House","Tough Bandages","Vajra","Letter Opener","Mark of the Bloom"],"potions_floor_usage":[24,24,27,29,30,33,39,41,47,50,50,50],"damage_taken":[{"damage":0,"enemies":"Small Slimes","floor":1,"turns":6},{"damage":6,"enemies":"2 Louse","floor":5,"turns":3},{"damage":9,"enemies":"Jaw Worm","floor":7,"turns":3},{"damage":16,"enemies":"3 Sentries","floor":8,"turns":8},{"damage":56,"enemies":"Gremlin Nob","floor":12,"turns":6},{"damage":21,"enemies":"Hexaghost","floor":16,"turns":12},{"damage":0,"enemies":"3 Byrds","floor":18,"turns":5},{"damage":15,"enemies":"Colosseum Slavers","floor":20,"turns":4},{"damage":3,"enemies":"Spheric Guardian","floor":21,"turns":3},{"damage":13,"enemies":"Slavers","floor":24,"turns":5},{"damage":3,"enemies":"Chosen and Byrds","floor":27,"turns":3},{"damage":3,"enemies":"Centurion and Healer","floor":29,"turns":3},{"damage":3,"enemies":"Sentry and Sphere","floor":30,"turns":3},{"damage":37,"enemies":"Automaton","floor":33,"turns":7},{"damage":0,"enemies":"3 Shapes","floor":35,"turns":6},{"damage":2,"enemies":"Orb Walker","floor":39,"turns":3},{"damage":5,"enemies":"Nemesis","floor":41,"turns":5},{"damage":0,"enemies":"Spire Growth","floor":47,"turns":3},{"damage":106,"enemies":"Time Eater","floor":50,"turns":13}],"seed_played":"-5873080079022633009","potions_obtained":[{"floor":1,"key":"FairyPotion"},{"floor":5,"key":"Block Potion"},{"floor":21,"key":"SteroidPotion"},{"floor":24,"key":"Explosive Potion"},{"floor":25,"key":"AttackPotion"},{"floor":34,"key":"GhostInAJar"}],"is_trial":false,"path_per_floor":["M","$","?","T","M","R","M","E","T","R","$","E","?","T","R","B",null,"M","?","?","M","$","R","E","?","T","M","R","M","M","?","R","B",null,"M","?","?","?","M","R","E","R","T","R","$","$","M","?","R"],"character_chosen":"THE_SILENT","items_purchased":["Noxious Fumes","Lantern","Footwork","Letter Opener","Infinite Blades"],"campfire_rested":5,"item_purchase_floors":[2,11,22,46,46],"current_hp_per_floor":[63,63,63,63,57,57,48,32,32,53,53,7,7,7,28,7,56,58,58,43,42,42,64,51,51,51,50,50,47,46,46,70,33,75,75,75,75,75,75,75,72,72,72,72,72,72,74,74,74,0],"gold":51,"neow_bonus":"THREE_CARDS","is_prod":false,"is_daily":false,"chose_seed":false,"campfire_upgraded":5,"win_rate":0,"timestamp":1538041308,"path_taken":["M","$","?","?","?","R","M","E","T","R","$","E","?","?","R","BOSS","M","?","?","?","?","R","E","?","T","M","R","M","M","?","R","BOSS","M","?","?","?","?","R","E","R","T","R","?","$","M","?","R","BOSS"],"build_version":"2018-09-20","purchased_purges":2,"victory":false,"max_hp_per_floor":[70,70,70,70,70,70,70,70,70,70,70,70,70,70,70,70,72,74,74,74,76,76,76,76,76,76,78,78,78,80,80,80,80,87,87,87,87,83,85,85,87,87,87,87,87,87,89,89,89,89],"card_choices":[{"not_picked":["Prepared","Poisoned Stab"],"picked":"Sucker Punch","floor":0},{"not_picked":["Masterful Stab","Backflip"],"picked":"Blade Dance","floor":1},{"not_picked":["Footwork","Skewer"],"picked":"Blade Dance","floor":5},{"not_picked":["Outmaneuver","Distraction"],"picked":"Bane","floor":7},{"not_picked":["Noxious Fumes","Blade Dance"],"picked":"Cloak And Dagger","floor":8},{"not_picked":["Slice","Bouncing Flask+1"],"picked":"Backflip+1","floor":12},{"not_picked":["Glass Knife","Wraith Form v2"],"picked":"Venomology+1","floor":16},{"not_picked":["Eviscerate","Prepared+1"],"picked":"Terror+1","floor":17},{"not_picked":["Finisher","Slice"],"picked":"Blade Dance+1","floor":17},{"not_picked":["Setup+1","Bouncing Flask+1"],"picked":"Dodge and Roll+1","floor":17},{"not_picked":["Poisoned Stab","Flying Knee","Prepared+1"],"picked":"Singing Bowl","floor":17},{"not_picked":["Dash","Deadly Poison+1"],"picked":"Blade Dance+1","floor":17},{"not_picked":["Predator","Dagger Spray+1","Acrobatics+1"],"picked":"Singing Bowl","floor":18},{"not_picked":["Deadly Poison+1","Quick Slash","Skewer"],"picked":"Singing Bowl","floor":21},{"not_picked":["Dagger Throw","Grand Finale"],"picked":"Cloak And Dagger+1","floor":24},{"not_picked":["Dagger Throw","Deadly Poison+1","Endless Agony"],"picked":"Singing Bowl","floor":27},{"not_picked":["Sucker Punch","PiercingWail+1"],"picked":"Accuracy","floor":29},{"not_picked":["Prepared+1","Dash","Tactician+1"],"picked":"Singing Bowl","floor":30},{"not_picked":["Night Terror+1","Malaise+1"],"picked":"Burst+1","floor":33},{"not_picked":["Prepared+1","Sucker Punch","Calculated Gamble+1"],"picked":"Singing Bowl","floor":34},{"not_picked":["Flying Knee+1","Reflex+1"],"picked":"Deflect+1","floor":35},{"not_picked":["Endless Agony","Cloak And Dagger+1","Noxious Fumes"],"picked":"Singing Bowl","floor":39},{"not_picked":["Backflip+1","All Out Attack","Caltrops"],"picked":"Singing Bowl","floor":41},{"not_picked":["Bane","Skewer","Backflip+1"],"picked":"Singing Bowl","floor":47}],"player_experience":704884,"relics_obtained":[{"floor":4,"key":"Kunai"},{"floor":8,"key":"Bottled Flame"},{"floor":9,"key":"Toxic Egg 2"},{"floor":12,"key":"Omamori"},{"floor":13,"key":"Gambling Chip"},{"floor":14,"key":"Singing Bowl"},{"floor":24,"key":"Mummified Hand"},{"floor":26,"key":"Shuriken"},{"floor":41,"key":"Tough Bandages"},{"floor":43,"key":"Vajra"}],"event_choices":[{"event_name":"Living Wall","player_choice":"Grow","floor":3,"damage_taken":0},{"event_name":"Wheel of Change","player_choice":"Relic","floor":13,"damage_taken":0},{"event_name":"Drug Dealer","player_choice":"Got JAX","floor":19,"damage_taken":0},{"event_name":"Colosseum","player_choice":"Fight","floor":20,"damage_taken":0},{"event_name":"Colosseum","player_choice":"Fled From Nobs","floor":20,"damage_taken":0},{"event_name":"The Woman in Blue","player_choice":"Bought 1 Potion","floor":25,"damage_taken":0},{"event_name":"Nest","player_choice":"Stole From Cult","floor":31,"damage_taken":0},{"event_name":"Match and Keep!","player_choice":"2 cards matched","floor":36,"damage_taken":0},{"event_name":"Falling","player_choice":"Removed Attack","floor":37,"damage_taken":0},{"event_name":"Winding Halls","player_choice":"Max HP","floor":38,"damage_taken":0},{"event_name":"MindBloom","player_choice":"Upgrade","floor":48,"damage_taken":0}],"is_beta":false,"boss_relics":[{"not_picked":["Runic Pyramid","Lizard Tail"],"picked":"Orrery"},{"not_picked":["Empty Cage","Pandora\u0027s Box"],"picked":"Tiny House"}],"items_purged_floors":[22,45],"is_endless":false,"potions_floor_spawned":[1,5,20,21,24,33,47],"killed_by":"Time Eater","ascension_level":12}