{"gold_per_floor":[117,135,147,167,245,245,260,260,260,295,295,310,342,357,357,357],"floor_reached":16,"playtime":439,"items_purged":[],"score":222,"play_id":"e74a169f-ad01-4341-8777-5cb7917d067b","local_time":"20190112082959","is_ascension_mode":true,"campfire_choices":[{"data":"Streamline","floor":6.0,"key":"SMITH"},{"data":"Hologram","floor":8.0,"key":"SMITH"},{"data":"Fission","floor":15,"key":"SMITH"}],"neow_cost":"NONE","seed_source_timestamp":0,"circlet_count":0,"master_deck":["AscendersBane","Strike_B","Strike_B","Strike_B","Strike_B","Defend_B","Defend_B","Defend_B","Defend_B","Zap+1","Dualcast","Streamline+1","Rebound","BootSequence","Hologram+1","Undo","Fission+1","Decay","Ball Lightning","Cold Snap","Cold Snap"],"special_seed":0,"relics":["Cracked Core","Shovel","Bottled Lightning","Ice Cream"],"potions_floor_usage":[13],"damage_taken":[{"damage":0.0,"enemies":"Cultist","floor":1.0,"turns":3.0},{"damage":2.0,"enemies":"Jaw Worm","floor":2.0,"turns":3.0},{"damage":12.0,"enemies":"Small Slimes","floor":3.0,"turns":2.0},{"damage":4.0,"enemies":"Red Slaver","floor":4.0,"turns":2.0},{"damage":7.0,"enemies":"Exordium Wildlife","floor":7.0,"turns":3.0},{"damage":1.0,"enemies":"Gremlin Nob","floor":10.0,"turns":3.0},{"damage":6.0,"enemies":"3 Louse","floor":12.0,"turns":4.0},{"damage":10,"enemies":"Lagavulin","floor":13,"turns":5},{"damage":3,"enemies":"Looter","floor":14,"turns":2},{"damage":31,"enemies":"Slime Boss","floor":16,"turns":5}],"seed_played":"8595312096201032431","potions_obtained":[{"floor":2.0,"key":"FearPotion"},{"floor":12.0,"key":"PowerPotion"}],"is_trial":false,"path_per_floor":["M","M","M","M","?","R","M","R","T","E","?","M","E","M","R","B"],"character_chosen":"DEFECT","items_purchased":[],"campfire_rested":0,"item_purchase_floors":[],"current_hp_per_floor":[64,62,50,46,46,46,39,39,39,38,38,32,22,19,19,0],"gold":357,"neow_bonus":"UPGRADE_CARD","is_prod":false,"is_daily":false,"chose_seed":false,"campfire_upgraded":3,"win_rate":0,"timestamp":1547249399,"path_taken":["M","M","?","M","?","R","M","R","T","E","?","M","E","?","R","BOSS"],"build_version":"2019-01-10","purchased_purges":0,"victory":false,"max_hp_per_floor":[71,71,71,71,71,71,71,71,71,71,71,71,71,71,71,71],"card_choices":[{"not_picked":["Compile Driver","Self Repair"],"picked":"Streamline","floor":1.0},{"not_picked":["Reprogram","Aggregate"],"picked":"Rebound","floor":2.0},{"not_picked":["Go for the Eyes","Turbo"],"picked":"BootSequence","floor":3.0},{"not_picked":["Compile Driver","Streamline"],"picked":"Hologram","floor":4.0},{"not_picked":["Capacitor","Beam Cell"],"picked":"Undo","floor":7.0},{"not_picked":["Reprogram","Capacitor"],"picked":"Fission","floor":10.0},{"not_picked":["Melter","Steam"],"picked":"Ball Lightning","floor":12.0},{"not_picked":["Barrage","BootSequence"],"picked":"Cold Snap","floor":13},{"not_picked":["Coolheaded","Go for the Eyes"],"picked":"Cold Snap","floor":14}],"player_experience":1033727,"relics_obtained":[{"floor":9.0,"key":"Shovel"},{"floor":10.0,"key":"Bottled Lightning"},{"floor":13,"key":"Ice Cream"}],"event_choices":[{"damage_healed":0.0,"max_hp_gain":0.0,"max_hp_loss":0.0,"gold_gain":78.0,"event_name":"Golden Wing","player_choice":"Gained Gold","floor":5.0,"gold_loss":0.0,"damage_taken":0.0},{"damage_healed":0.0,"max_hp_gain":0.0,"max_hp_loss":0.0,"gold_gain":0.0,"event_name":"Wheel of Change","player_choice":"Cursed","floor":11.0,"gold_loss":0.0,"damage_taken":0.0,"cards_obtained":["Decay"]}],"is_beta":false,"boss_relics":[],"items_purged_floors":[],"is_endless":false,"potions_floor_spawned":[2,12],"killed_by":"Slime Boss","ascension_level":19}