{"gold_per_floor":[109,284,284,296,313,313,313,313,313,351,351,366,34,53,53,172,172,187,210,226,81,99,99,117,117],"floor_reached":25,"playtime":2006,"items_purged":["Doubt","Injury"],"score":205,"play_id":"bb3959f3-9363-4340-b3bd-18a3692e297d","local_time":"20181123173835","is_ascension_mode":false,"campfire_choices":[{"data":"Neutralize","floor":6,"key":"SMITH"},{"data":"Survivor","floor":8,"key":"SMITH"},{"floor":11,"key":"REST"},{"data":"Unload","floor":15,"key":"SMITH"},{"floor":23,"key":"REST"}],"neow_cost":"NONE","seed_source_timestamp":694032449677471,"circlet_count":0,"master_deck":["Defend_G","Defend_G","Defend_G","Defend_G","Defend_G","Strike_G","Strike_G","Strike_G","Strike_G","Strike_G","Survivor+1","Neutralize+1","Unload+1","Slice","Backflip","Dagger Throw","Dagger Spray","Cloak And Dagger","Quick Slash","Choke","Dagger Throw","Tools of the Trade","Slice","Poisoned Stab+1","Prepared+1","Quick Slash","Deflect","Underhanded Strike"],"relics":["Ring of the Snake","Golden Idol","Gremlin Horn","Sundial","Strawberry","White Beast Statue"],"potions_floor_usage":[10,16,16,20,22,25,25,25],"damage_taken":[{"damage":0,"enemies":"Jaw Worm","floor":1,"turns":2},{"damage":0,"enemies":"2 Louse","floor":4,"turns":2},{"damage":0,"enemies":"Small Slimes","floor":5,"turns":3},{"damage":45,"enemies":"Gremlin Nob","floor":10,"turns":5},{"damage":1,"enemies":"Blue Slaver","floor":12,"turns":3},{"damage":0,"enemies":"2 Fungi Beasts","floor":14,"turns":1},{"damage":46,"enemies":"Slime Boss","floor":16,"turns":12},{"damage":23,"enemies":"2 Thieves","floor":18,"turns":5},{"damage":21,"enemies":"Chosen","floor":19,"turns":5},{"damage":16,"enemies":"3 Cultists","floor":20,"turns":5},{"damage":14,"enemies":"Snecko","floor":22,"turns":4},{"damage":20,"enemies":"Shelled Parasite and Fungi","floor":24,"turns":4},{"damage":4,"enemies":"Gremlin Leader","floor":25,"turns":4}],"seed_played":"-2379625424515481329","potions_obtained":[{"floor":5,"key":"Regen Potion"},{"floor":10,"key":"Swift Potion"},{"floor":12,"key":"Energy Potion"},{"floor":18,"key":"Dexterity Potion"},{"floor":19,"key":"GamblersBrew"},{"floor":20,"key":"AttackPotion"},{"floor":22,"key":"Strength Potion"},{"floor":24,"key":"LiquidBronze"}],"is_trial":false,"path_per_floor":["M","?","?","M","M","R","?","R","T","E","R","M","$","M","R","B",null,"M","M","M","$","M","R","M","E"],"character_chosen":"THE_SILENT","items_purchased":["Strawberry","Quick Slash","Choke","Quick Slash"],"campfire_rested":2,"item_purchase_floors":[13,13,13,21],"current_hp_per_floor":[70,70,70,70,70,70,70,70,70,30,51,50,57,57,57,11,77,54,33,17,17,3,26,6,2],"gold":117,"neow_bonus":"ONE_RANDOM_RARE_CARD","is_prod":false,"is_daily":false,"chose_seed":false,"campfire_upgraded":3,"win_rate":0.0,"timestamp":1542947915,"path_taken":["M","?","?","M","M","R","?","R","T","E","R","M","$","M","R","BOSS","M","M","M","$","M","R","M","E"],"build_version":"2018-11-15","purchased_purges":2,"victory":false,"max_hp_per_floor":[70,70,70,70,70,70,70,70,70,70,70,70,77,77,77,77,77,77,77,77,77,77,77,77,77],"card_choices":[{"not_picked":["Underhanded Strike","Deflect"],"picked":"Slice","floor":1},{"not_picked":["Tactician","Blade Dance"],"picked":"Backflip","floor":4},{"not_picked":["Acrobatics","Tactician"],"picked":"Dagger Throw","floor":5},{"not_picked":["Outmaneuver","Slice"],"picked":"Dagger Spray","floor":10},{"not_picked":["Poisoned Stab","Underhanded Strike"],"picked":"Cloak And Dagger","floor":12},{"not_picked":["Outmaneuver","Heel Hook"],"picked":"Dagger Throw","floor":14},{"not_picked":["Unload","Grand Finale"],"picked":"Tools of the Trade","floor":16},{"not_picked":["Backstab","Masterful Stab+1"],"picked":"Slice","floor":18},{"not_picked":["Underhanded Strike","Sucker Punch"],"picked":"Poisoned Stab+1","floor":19},{"not_picked":["Distraction","Night Terror"],"picked":"Prepared+1","floor":20},{"not_picked":["Prepared","Endless Agony"],"picked":"Deflect","floor":22},{"not_picked":["Setup","Cloak And Dagger"],"picked":"Underhanded Strike","floor":24}],"player_experience":345191,"relics_obtained":[{"floor":9,"key":"Gremlin Horn"},{"floor":10,"key":"Sundial"}],"event_choices":[{"damage_healed":0,"gold_gain":175,"player_choice":"AGREE","damage_taken":0,"max_hp_gain":0,"max_hp_loss":0,"event_name":"Liars Game","floor":2,"gold_loss":0,"cards_obtained":["Doubt"]},{"damage_healed":0,"gold_gain":0,"player_choice":"Ignored","damage_taken":0,"max_hp_gain":0,"max_hp_loss":0,"event_name":"Shining Light","floor":3,"gold_loss":0},{"damage_healed":0,"gold_gain":0,"player_choice":"Take Wound","damage_taken":0,"relics_obtained":["Golden Idol"],"max_hp_gain":0,"max_hp_loss":0,"event_name":"Golden Idol","floor":7,"gold_loss":0,"cards_obtained":["Injury"]}],"is_beta":false,"boss_relics":[{"not_picked":["Runic Dome","Coffee Dripper"],"picked":"White Beast Statue"}],"items_purged_floors":[13,21],"is_endless":false,"potions_floor_spawned":[5,10,12,18,19,20,22,24],"killed_by":"Gremlin Leader","ascension_level":0}