{"gold_per_floor":[144,319,364,182,182,182,227,272,272,272,317,362,362,452,452,752,752,797,842,15,15,60,150,234,234,234,324,74,173,263,308,308,608,608,653,698,743,743,743,833,483,528,553,643,688,36,81,126,126,126],"floor_reached":51,"playtime":1572,"items_purged":["Doubt"],"score":1219,"play_id":"34700da0-a9ed-4ba6-bc6a-b91d54b36384","local_time":"20180811172923","daily_mods":["Specialized","Midas","Time Dilation"],"is_ascension_mode":false,"campfire_choices":[{"floor":6.0,"key":"REST"},{"floor":10.0,"key":"REST"},{"floor":15.0,"key":"REST"},{"floor":25,"key":"REST"},{"floor":32,"key":"REST"},{"floor":49,"key":"REST"}],"neow_cost":"","seed_source_timestamp":0,"circlet_count":0,"master_deck":["Defend_G","Defend_G","Defend_G","Defend_G","Defend_G","Survivor+1","Neutralize","Glass Knife","Glass Knife+1","Glass Knife+1","Glass Knife","Glass Knife","Dagger Spray","Backstab+1","Infinite Blades","Terror","Slice","Backflip","Glass Knife","Night Terror","Glass Knife","Malaise+1","Die Die Die+1","Adrenaline+1","Slice","Well Laid Plans+1","Footwork","Finesse","Distraction","Deflect","Cloak And Dagger","Cloak And Dagger+1","Adrenaline","Deep Breath","Heel Hook+1","Leg Sweep+1","Malaise","Backflip","Well Laid Plans+1"],"special_seed":17755,"relics":["Ring of the Snake","Orichalcum","Anchor","Astrolabe","Bottled Tornado","HandDrill","Tiny Chest","The Specimen","Red Mask","Art of War","Pear","Bottled Lightning","Ancient Tea Set","Sozu","Lantern","Whetstone","Toolbox","Oddly Smooth Stone","Matryoshka","Happy Flower","Dodecahedron","OrangePellets"],"potions_floor_usage":[23,23,27,33,33],"damage_taken":[{"damage":0.0,"enemies":"Small Slimes","floor":1.0,"turns":2.0},{"damage":0.0,"enemies":"Jaw Worm","floor":3.0,"turns":1.0},{"damage":0.0,"enemies":"Cultist","floor":7.0,"turns":1.0},{"damage":0.0,"enemies":"Exordium Thugs","floor":8.0,"turns":2.0},{"damage":0.0,"enemies":"Gremlin Gang","floor":11.0,"turns":2.0},{"damage":0.0,"enemies":"Large Slime","floor":12.0,"turns":2.0},{"damage":0.0,"enemies":"3 Sentries","floor":14.0,"turns":3.0},{"damage":0.0,"enemies":"Slime Boss","floor":16.0,"turns":5.0},{"damage":0,"enemies":"Spheric Guardian","floor":18,"turns":2},{"damage":0,"enemies":"3 Byrds","floor":19,"turns":2},{"damage":0,"enemies":"Snake Plant","floor":22,"turns":2},{"damage":0,"enemies":"Book of Stabbing","floor":23,"turns":3},{"damage":3,"floor":24,"turns":4},{"damage":0,"enemies":"Slavers","floor":27,"turns":3},{"damage":0,"enemies":"Gremlin Leader","floor":30,"turns":2},{"damage":0,"enemies":"Snecko","floor":31,"turns":2},{"damage":0,"enemies":"Champ","floor":33,"turns":7},{"damage":0,"enemies":"3 Darklings","floor":35,"turns":4},{"damage":0,"enemies":"Orb Walker","floor":36,"turns":1},{"damage":0,"enemies":"Sphere and 2 Shapes","floor":37,"turns":3},{"damage":0,"enemies":"Nemesis","floor":40,"turns":3},{"damage":14,"enemies":"Maw","floor":42,"turns":4},{"damage":0,"enemies":"Giant Head","floor":44,"turns":5},{"damage":0,"enemies":"3 Darklings","floor":45,"turns":3},{"damage":0,"enemies":"Spire Growth","floor":47,"turns":3},{"damage":0,"enemies":"Transient","floor":48,"turns":5},{"damage":0,"enemies":"Donu and Deca","floor":50,"turns":9}],"seed_played":"6518817445672204880","potions_obtained":[{"floor":1.0,"key":"FearPotion"},{"floor":7.0,"key":"Explosive Potion"},{"floor":8.0,"key":"PowerPotion"},{"floor":16.0,"key":"SpeedPotion"},{"floor":21,"key":"Fire Potion"},{"floor":21,"key":"Block Potion"},{"floor":23,"key":"Dexterity Potion"},{"floor":24,"key":"Swift Potion"},{"floor":27,"key":"GhostInAJar"},{"floor":30,"key":"GhostInAJar"},{"floor":33,"key":"GamblersBrew"}],"is_trial":false,"path_per_floor":["M","?","M","$","?","R","M","M","T","R","M","M","?","E","R","B",null,"M","M","$","?","M","E","?","R","T","E","$","?","E","M","R","B",null,"M","M","M","?","?","E","$","M","T","E","M","$","M","M","R","B"],"character_chosen":"THE_SILENT","items_purchased":["Infinite Blades","Terror","Footwork","Bottled Tornado","HandDrill","Tiny Chest","Finesse","Distraction","Bottled Lightning","Whetstone","Toolbox","Happy Flower","Dodecahedron","Backflip","OrangePellets"],"campfire_rested":6,"item_purchase_floors":[4,4,20,20,20,20,20,20,28,41,41,46,46,46,46],"current_hp_per_floor":[70,70,70,70,70,70,70,70,70,70,70,70,56,56,70,70,70,70,70,70,70,70,70,67,70,70,80,80,80,80,80,80,80,80,80,80,80,80,80,80,80,66,66,66,66,66,66,66,80,80],"gold":126,"neow_bonus":"","is_prod":false,"is_daily":true,"chose_seed":false,"campfire_upgraded":0,"win_rate":0,"timestamp":1534033763,"path_taken":["M","?","M","$","?","R","M","M","T","R","?","M","?","E","R","BOSS","M","?","?","?","M","E","?","R","T","E","$","?","E","M","R","BOSS","M","M","M","?","?","E","$","M","T","E","M","$","M","M","R","BOSS"],"build_version":"2018-08-08","purchased_purges":1,"victory":true,"max_hp_per_floor":[70,70,70,70,70,70,70,70,70,70,70,70,70,70,70,70,70,70,70,70,70,70,70,70,70,70,80,80,80,80,80,80,80,80,80,80,80,80,80,80,80,80,80,80,80,80,80,80,80,80],"card_choices":[{"not_picked":["Poisoned Stab","Outmaneuver"],"picked":"Dagger Spray","floor":1.0},{"not_picked":["Blade Dance","Dagger Spray"],"picked":"Backstab","floor":3.0},{"not_picked":["All Out Attack","Dodge and Roll"],"picked":"Slice","floor":8.0},{"not_picked":["Underhanded Strike","Poisoned Stab"],"picked":"Backflip","floor":11.0},{"not_picked":["Eviscerate","Flechettes"],"picked":"Glass Knife","floor":12.0},{"not_picked":["Calculated Gamble","Flechettes"],"picked":"Night Terror","floor":14.0},{"not_picked":["Corpse Explosion","Die Die Die"],"picked":"Glass Knife","floor":16.0},{"not_picked":["Prepared","Masterful Stab"],"picked":"Slice","floor":18},{"not_picked":["Outmaneuver","Deflect"],"picked":"Well Laid Plans+1","floor":19},{"not_picked":["Backflip","Slice"],"picked":"Deflect","floor":22},{"not_picked":["Caltrops","Choke","Bane"],"picked":"SKIP","floor":23},{"not_picked":["Sucker Punch","Dagger Spray"],"picked":"Cloak And Dagger","floor":27},{"not_picked":["Skewer","Poisoned Stab","Slice"],"picked":"SKIP","floor":30},{"not_picked":["Blade Dance","Dodge and Roll+1"],"picked":"Cloak And Dagger+1","floor":31},{"not_picked":["Die Die Die","Envenom"],"picked":"Adrenaline","floor":33},{"not_picked":["HandOfGreed","Mind Blast"],"picked":"Deep Breath","floor":39},{"not_picked":["Eviscerate+1","Underhanded Strike"],"picked":"Heel Hook+1","floor":40},{"not_picked":["Masterful Stab","Dodge and Roll"],"picked":"Leg Sweep+1","floor":44},{"not_picked":["All Out Attack","Cloak And Dagger+1"],"picked":"Malaise","floor":45},{"not_picked":["Skewer","Dodge and Roll"],"picked":"Well Laid Plans+1","floor":47}],"player_experience":797594,"relics_obtained":[{"floor":9.0,"key":"Orichalcum"},{"floor":14.0,"key":"Anchor"},{"floor":23,"key":"The Specimen"},{"floor":24,"key":"Red Mask"},{"floor":26,"key":"Art of War"},{"floor":27,"key":"Pear"},{"floor":30,"key":"Ancient Tea Set"},{"floor":40,"key":"Lantern"},{"floor":43,"key":"Oddly Smooth Stone"},{"floor":44,"key":"Matryoshka"}],"event_choices":[{"event_name":"Liars Game","player_choice":"agreed","floor":2.0,"damage_taken":0.0},{"event_name":"Purifier","player_choice":"One Purge","floor":5.0,"damage_taken":0.0},{"event_name":"Shining Light","player_choice":"Entered Light","floor":13.0,"damage_taken":0.0},{"event_name":"The Lab","player_choice":"Got Potions","floor":21,"damage_taken":0},{"event_name":"Masked Bandits","player_choice":"Fought Bandits","floor":24,"damage_taken":0},{"event_name":"Nest","player_choice":"Stole From Cult","floor":29,"damage_taken":0},{"event_name":"Wheel of Change","player_choice":"Card Removal","floor":38,"damage_taken":0},{"event_name":"SensoryStone","player_choice":"Memory 1","floor":39,"damage_taken":0}],"is_beta":true,"boss_relics":[{"not_picked":["Pandora\u0027s Box","Eternal Feather"],"picked":"Astrolabe"},{"not_picked":["White Beast Statue","Velvet Choker"],"picked":"Sozu"}],"items_purged_floors":[4],"is_endless":false,"potions_floor_spawned":[1,7,8,16,23,24,27,30,33,35,36,42,48],"ascension_level":0}