{"gold_per_floor":[111,111,61,34,34,34,53,53,53,53,74,93,112,128,128,248,248,271,285,300,20,20],"floor_reached":22,"playtime":901,"items_purged":["Defend_G"],"score":178,"play_id":"86bb78d3-8115-45b9-b5ed-004f3eab795f","local_time":"20181020160846","is_ascension_mode":false,"campfire_choices":[{"data":"Caltrops","floor":6,"key":"SMITH"},{"data":"Sucker Punch","floor":8,"key":"SMITH"},{"data":"Caltrops","floor":15,"key":"SMITH"}],"neow_cost":"CURSE","seed_source_timestamp":772188522935649,"circlet_count":0,"master_deck":["Defend_G","Defend_G","Strike_G","Strike_G+1","Survivor","Neutralize","Caltrops+1","Sucker Punch+1","Poisoned Stab","Injury","Bane","Neutralize","Underhanded Strike+1","Bane","Caltrops+1","Terror","Flying Knee","Burst","Skewer+1","Backstab+1","Envenom+1","Flying Knee+1","Poisoned Stab","Slice","Chrysalis","Backflip"],"relics":["Ring of the Snake","Golden Idol","Kunai","Astrolabe"],"potions_floor_usage":[14,14,16,20],"damage_taken":[{"damage":0,"enemies":"Small Slimes","floor":1,"turns":4},{"damage":0,"enemies":"Jaw Worm","floor":7,"turns":2},{"damage":0,"enemies":"Cultist","floor":11,"turns":2},{"damage":0,"enemies":"Exordium Wildlife","floor":12,"turns":3},{"damage":3,"enemies":"Red Slaver","floor":13,"turns":3},{"damage":0,"enemies":"Looter","floor":14,"turns":1},{"damage":13,"enemies":"Hexaghost","floor":16,"turns":5},{"damage":20,"enemies":"Spheric Guardian","floor":18,"turns":4},{"damage":7,"enemies":"Chosen","floor":19,"turns":4},{"damage":34,"enemies":"Sentry and Sphere","floor":20,"turns":5},{"damage":5,"enemies":"Cultist and Chosen","floor":22,"turns":3}],"seed_played":"-428927062262022205","potions_obtained":[{"floor":1,"key":"Strength Potion"},{"floor":11,"key":"AttackPotion"},{"floor":12,"key":"Poison Potion"},{"floor":18,"key":"SkillPotion"}],"is_trial":false,"path_per_floor":["M","?","?","$","?","R","M","R","T","?","M","M","M","M","R","B",null,"M","M","M","$"],"character_chosen":"THE_SILENT","items_purchased":["Bane","Chrysalis","Backflip"],"campfire_rested":0,"item_purchase_floors":[4,21,21],"current_hp_per_floor":[70,70,70,70,70,70,70,70,70,56,56,56,53,53,53,40,70,50,43,9,9,4],"gold":20,"neow_bonus":"TRANSFORM_TWO_CARDS","is_prod":false,"is_daily":false,"chose_seed":false,"campfire_upgraded":3,"win_rate":0.0,"timestamp":1540004926,"path_taken":["M","?","?","?","?","R","?","R","T","?","M","M","M","M","R","BOSS","M","M","M","$","M"],"build_version":"2018-10-18","purchased_purges":1,"victory":false,"max_hp_per_floor":[70,70,70,70,70,70,70,70,70,70,70,70,70,70,70,70,70,70,70,70,70,70],"card_choices":[{"not_picked":["Outmaneuver","Blade Dance"],"picked":"Poisoned Stab","floor":1},{"not_picked":["Deflect","Dodge and Roll","Acrobatics"],"picked":"SKIP","floor":7},{"not_picked":["Outmaneuver","Deflect"],"picked":"Bane","floor":11},{"not_picked":["Deadly Poison","Prepared"],"picked":"Caltrops","floor":12},{"not_picked":["Finisher","Unload"],"picked":"Terror","floor":13},{"not_picked":["Dodge and Roll","Quick Slash"],"picked":"Flying Knee","floor":14},{"not_picked":["Adrenaline","Venomology"],"picked":"Burst","floor":16},{"not_picked":["Backstab","Crippling Poison"],"picked":"Flying Knee+1","floor":18},{"not_picked":["Sucker Punch","Prepared"],"picked":"Poisoned Stab","floor":19},{"not_picked":["Setup","Eviscerate"],"picked":"Slice","floor":20}],"player_experience":127972,"relics_obtained":[{"floor":9,"key":"Kunai"}],"event_choices":[{"damage_healed":0,"gold_gain":0,"player_choice":"Take Wound","damage_taken":0,"relics_obtained":["Golden Idol"],"max_hp_gain":0,"max_hp_loss":0,"event_name":"Golden Idol","floor":2,"gold_loss":0,"cards_obtained":["Injury"]},{"cards_removed":["Normality"],"damage_healed":0,"gold_gain":0,"player_choice":"Card Removal","damage_taken":0,"max_hp_gain":0,"max_hp_loss":0,"event_name":"The Cleric","floor":3,"gold_loss":50},{"damage_healed":0,"gold_gain":0,"player_choice":"2 cards matched","damage_taken":0,"max_hp_gain":0,"max_hp_loss":0,"event_name":"Match and Keep!","floor":5,"gold_loss":0,"cards_obtained":["Neutralize","Underhanded Strike"]},{"damage_healed":0,"gold_gain":0,"player_choice":"Entered Light","damage_taken":14,"max_hp_gain":0,"max_hp_loss":0,"event_name":"Shining Light","floor":10,"gold_loss":0,"cards_upgraded":["Strike_G","Underhanded Strike"]}],"is_beta":false,"boss_relics":[{"not_picked":["Runic Dome","Snecko Eye"],"picked":"Astrolabe"}],"items_purged_floors":[21],"is_endless":false,"potions_floor_spawned":[1,11,12,18],"killed_by":"Cultist and Chosen","ascension_level":0}