{"gold_per_floor":[109,120,70,70,83,110,110,26,26,26,26,26,26,57,57,160,160,178,196,196,206,206,206,206,206,236,236,0,30,30,78,78,78],"floor_reached":33,"playtime":1594,"items_purged":[],"score":414,"play_id":"d14ca613-1aa9-4968-9201-4cc8dce505fc","local_time":"20181001002053","is_ascension_mode":true,"campfire_choices":[{"floor":7,"key":"REST"},{"data":"1","floor":10,"key":"LIFT"},{"floor":12,"key":"REST"},{"data":"Beam Cell","floor":15,"key":"SMITH"},{"data":"Scrape","floor":23,"key":"SMITH"},{"floor":25,"key":"REST"},{"data":"Barrage","floor":27,"key":"SMITH"},{"data":"2","floor":30,"key":"LIFT"},{"floor":32,"key":"REST"}],"neow_cost":"NONE","seed_source_timestamp":10163035975393,"circlet_count":0,"master_deck":["Strike_B","Strike_B","Defend_B","Defend_B","Defend_B","Defend_B","Zap+1","Dualcast","AscendersBane","Stack","Barrage+1","Conserve Battery","Scrape+1","Loop+1","Gash","Beam Cell+1","All For One","Gash+1","Coolheaded","Leap","Undo","Melter+1","Chill","Reinforced Body","Ball Lightning","Coolheaded"],"relics":["Cracked Core","Ice Cream","PreservedInsect","Girya","Darkstone Periapt","Orrery","Emotion Chip","CultistMask","Tiny Chest","Sling","Bag of Marbles","Whetstone"],"potions_floor_usage":[6,6,16,21,21],"damage_taken":[{"damage":3,"enemies":"Jaw Worm","floor":1,"turns":4},{"damage":3,"enemies":"Small Slimes","floor":2,"turns":5},{"damage":11,"enemies":"2 Louse","floor":5,"turns":3},{"damage":20,"enemies":"3 Sentries","floor":6,"turns":8},{"damage":5,"enemies":"Gremlin Nob","floor":14,"turns":3},{"damage":33,"enemies":"The Guardian","floor":16,"turns":10},{"damage":2,"enemies":"Chosen","floor":18,"turns":6},{"damage":6,"enemies":"3 Byrds","floor":19,"turns":6},{"damage":7,"enemies":"3 Cultists","floor":21,"turns":6},{"damage":14,"enemies":"Gremlin Leader","floor":29,"turns":5},{"damage":89,"enemies":"Automaton","floor":33,"turns":12}],"seed_played":"-6375259432198800404","potions_obtained":[{"floor":1,"key":"PowerPotion"},{"floor":2,"key":"Poison Potion"},{"floor":5,"key":"Fire Potion"},{"floor":14,"key":"Weak Potion"},{"floor":18,"key":"Swift Potion"},{"floor":19,"key":"Fire Potion"}],"is_trial":false,"path_per_floor":["M","M","?","?","M","E","R","$","T","R","?","R","?","E","R","B",null,"M","M","?","M","T","R","?","R","T","R","$","E","R","T","R"],"character_chosen":"DEFECT","items_purchased":["Loop","Gash","Sling","Coolheaded"],"campfire_rested":4,"item_purchase_floors":[8,8,28,28],"current_hp_per_floor":[65,62,62,44,33,20,42,42,42,42,42,64,57,52,52,19,61,59,53,53,46,46,46,46,68,68,68,68,54,54,54,75,0],"gold":78,"neow_bonus":"UPGRADE_CARD","is_prod":false,"is_daily":false,"chose_seed":false,"campfire_upgraded":3,"win_rate":0,"timestamp":1538346053,"path_taken":["M","M","?","?","?","E","R","$","T","R","?","R","?","E","R","BOSS","M","M","?","M","?","R","?","R","T","R","$","E","R","?","R","BOSS"],"build_version":"2018-09-27","purchased_purges":0,"victory":false,"max_hp_per_floor":[75,75,75,75,75,75,75,75,75,75,75,75,75,75,75,75,75,75,75,75,75,75,75,75,75,75,75,75,75,75,75,75,75],"card_choices":[{"not_picked":["Heatsinks","Storm"],"picked":"Stack","floor":1},{"not_picked":["Cold Snap","Stack"],"picked":"Barrage","floor":2},{"not_picked":["Stack","Storm"],"picked":"Conserve Battery","floor":5},{"not_picked":["Storm","Steam Power"],"picked":"Scrape","floor":6},{"not_picked":["Darkness","Heatsinks"],"picked":"Beam Cell","floor":14},{"not_picked":["Thunder Strike","Electrodynamics"],"picked":"All For One","floor":16},{"not_picked":["Rip and Tear","Chill"],"picked":"Gash","floor":17},{"not_picked":["Sweeping Beam","Heatsinks"],"picked":"Coolheaded","floor":17},{"not_picked":["Redo","Beam Cell"],"picked":"Leap","floor":17},{"not_picked":["Aggregate","Tempest"],"picked":"Undo","floor":17},{"not_picked":["Static Discharge","Lockon"],"picked":"Melter","floor":17},{"not_picked":["Fusion","Redo"],"picked":"Chill","floor":18},{"not_picked":["Force Field+1","Thunder Strike"],"picked":"Reinforced Body","floor":19},{"not_picked":["Hologram","Compile Driver+1"],"picked":"Ball Lightning","floor":21},{"not_picked":["Sweeping Beam","Heatsinks","Stack"],"picked":"SKIP","floor":29}],"player_experience":752846,"relics_obtained":[{"floor":6,"key":"PreservedInsect"},{"floor":9,"key":"Girya"},{"floor":14,"key":"Darkstone Periapt"},{"floor":22,"key":"Emotion Chip"},{"floor":26,"key":"Tiny Chest"},{"floor":29,"key":"Bag of Marbles"},{"floor":31,"key":"Whetstone"}],"event_choices":[{"event_name":"The Cleric","player_choice":"Card Removal","floor":3,"damage_taken":0},{"event_name":"Scrap Ooze","player_choice":"success","floor":4,"damage_taken":18},{"event_name":"Living Wall","player_choice":"Grow","floor":11,"damage_taken":0},{"event_name":"Golden Wing","player_choice":"Card Removal","floor":13,"damage_taken":0},{"event_name":"Cursed Tome","player_choice":"Ignored","floor":20,"damage_taken":0},{"event_name":"FaceTrader","player_choice":"Trade","floor":24,"damage_taken":0}],"is_beta":false,"boss_relics":[{"not_picked":["Snecko Eye","Busted Crown"],"picked":"Orrery"}],"items_purged_floors":[],"is_endless":false,"potions_floor_spawned":[1,2,5,14,18,19],"killed_by":"Automaton","ascension_level":11}