{"gold_per_floor":[117,130,141,155,155,155,187,187,187,199,199,279,326,32,32,109,109],"floor_reached":17,"playtime":536,"items_purged":[],"score":292,"play_id":"e6aa8812-b9c9-40da-aa5f-f0948fefe802","local_time":"20180807155213","is_ascension_mode":true,"campfire_choices":[{"data":"True Grit","floor":6,"key":"SMITH"},{"data":"HandOfGreed","floor":8,"key":"SMITH"},{"data":"Enlightenment","floor":15,"key":"SMITH"}],"neow_cost":"","seed_source_timestamp":0,"circlet_count":0,"master_deck":["Strike_R","Strike_R","Strike_R","Strike_R","Strike_R","Defend_R","Defend_R","Defend_R","Bash","AscendersBane","True Grit+1","Bandage Up","Anger","Iron Wave","HandOfGreed+1","Disarm","True Grit","Jack Of All Trades","Panacea","Enlightenment+1","Immolate"],"relics":["Burning Blood","The Courier","Question Card","Matryoshka","Toolbox","Runic Dome"],"potions_floor_usage":[12,16],"damage_taken":[{"damage":1,"enemies":"Cultist","floor":1,"turns":3},{"damage":2,"enemies":"2 Louse","floor":2,"turns":4},{"damage":16,"enemies":"Jaw Worm","floor":3,"turns":7},{"damage":11,"enemies":"Red Slaver","floor":4,"turns":3},{"damage":36,"enemies":"Lagavulin","floor":7,"turns":8},{"damage":25,"enemies":"Exordium Thugs","floor":10,"turns":6},{"damage":8,"enemies":"Gremlin Gang","floor":12,"turns":7},{"damage":29,"enemies":"Gremlin Nob","floor":13,"turns":4},{"damage":26,"enemies":"Hexaghost","floor":16,"turns":13}],"seed_played":"8508439272399115939","potions_obtained":[{"floor":4,"key":"SteroidPotion"},{"floor":10,"key":"SpeedPotion"},{"floor":13,"key":"Block Potion"},{"floor":16,"key":"Explosive Potion"}],"is_trial":true,"path_per_floor":["M","M","M","M","?","R","E","R","T","M","?","M","E","$","R","B"],"character_chosen":"IRONCLAD","items_purchased":["Toolbox","Panacea","Enlightenment"],"campfire_rested":0,"item_purchase_floors":[14,14,14],"current_hp_per_floor":[73,75,69,68,61,61,35,35,35,20,45,47,28,28,28,12,12],"gold":109,"neow_bonus":"","is_prod":false,"is_daily":false,"chose_seed":false,"campfire_upgraded":3,"win_rate":0,"timestamp":1533682333,"path_taken":["M","?","M","M","?","R","E","R","T","?","?","M","E","$","R","BOSS"],"build_version":"2018-08-07","purchased_purges":0,"victory":false,"max_hp_per_floor":[75,75,75,75,75,75,75,75,75,75,75,75,75,75,75,75,75],"card_choices":[{"not_picked":["Wild Strike","Rage"],"picked":"True Grit","floor":1},{"not_picked":["Sword Boomerang","Headbutt"],"picked":"Bandage Up","floor":2},{"not_picked":["Barricade","Iron Wave"],"picked":"Anger","floor":3},{"not_picked":["Blood for Blood","True Grit"],"picked":"Iron Wave","floor":4},{"not_picked":["Madness","Seeing Red"],"picked":"HandOfGreed","floor":7},{"not_picked":["Power Through","Feel No Pain","Flex"],"picked":"Disarm","floor":10},{"not_picked":["Headbutt","Inflame","Body Slam"],"picked":"True Grit","floor":12},{"not_picked":["Forethought","Heavy Blade","Shrug It Off"],"picked":"Jack Of All Trades","floor":13},{"not_picked":["Panache","Secret Weapon","Limit Break"],"picked":"Immolate","floor":16}],"player_experience":757422,"relics_obtained":[{"floor":7,"key":"The Courier"},{"floor":9,"key":"Question Card"},{"floor":13,"key":"Matryoshka"}],"event_choices":[{"event_name":"Golden Wing","player_choice":"Card Removal","floor":5,"damage_taken":0},{"event_name":"Big Fish","player_choice":"Banana","floor":11,"damage_taken":0}],"is_beta":true,"boss_relics":[{"not_picked":["Runic Cube","Runic Pyramid"],"picked":"Runic Dome"}],"items_purged_floors":[],"is_endless":false,"potions_floor_spawned":[4,10,13,16],"ascension_level":15}