{"gold_per_floor":[118,134,46,61,61,61,91,91,165,180,105,105,55,75,75,173,173,190,289,289,309,131,143,161,161,231,248,248,273,293,328,328,432,432,452,468,468,484,498,498,524,524,524,524,551,551,567,600,600,600,600,600,161,187,187],"floor_reached":56,"playtime":2319,"items_purged":["Strike_R","Strike_R","Strike_R"],"score":1507,"play_id":"8c4d1f80-d61c-4ce9-9f1d-ffc448146d14","local_time":"20181231012335","is_ascension_mode":false,"campfire_choices":[{"data":"Armaments","floor":6.0,"key":"SMITH"},{"data":"True Grit","floor":8.0,"key":"SMITH"},{"data":"Body Slam","floor":12.0,"key":"SMITH"},{"data":"Entrench","floor":15.0,"key":"SMITH"},{"data":"Barricade","floor":25.0,"key":"SMITH"},{"data":"Impervious","floor":28.0,"key":"SMITH"},{"data":"Evolve","floor":32.0,"key":"SMITH"},{"data":"Battle Trance","floor":40.0,"key":"SMITH"},{"floor":42.0,"key":"RECALL"},{"data":"Feel No Pain","floor":44.0,"key":"SMITH"},{"data":"Impervious","floor":46,"key":"SMITH"},{"data":"Metallicize","floor":49,"key":"SMITH"},{"data":"Second Wind","floor":52,"key":"SMITH"}],"neow_cost":"NONE","seed_source_timestamp":0,"circlet_count":0,"master_deck":["Strike_R","Defend_R","Defend_R","Defend_R","Defend_R","Bash+1","Headbutt+1","Armaments+1","Body Slam+1","Entrench+1","True Grit+1","Feel No Pain+1","Barricade+1","Metallicize+1","Impervious+1","Evolve+1","Feel No Pain+1","Impervious+1","Intimidate","Battle Trance+1","Shrug It Off+1","Second Wind+1","Fiend Fire","Secret Technique","Offering"],"special_seed":0,"relics":["Burning Blood","Bag of Marbles","Sozu","Question Card","Letter Opener","Mercury Hourglass","Runic Pyramid","The Courier","Smiling Mask","Bottled Tornado","Whetstone","Lantern","Anchor","StoneCalendar"],"potions_floor_usage":[],"damage_taken":[{"damage":0.0,"enemies":"2 Louse","floor":1.0,"turns":2.0},{"damage":0.0,"enemies":"Small Slimes","floor":2.0,"turns":5.0},{"damage":6.0,"enemies":"Jaw Worm","floor":4.0,"turns":4.0},{"damage":31.0,"enemies":"Lagavulin","floor":7.0,"turns":11.0},{"damage":0.0,"enemies":"Looter","floor":10.0,"turns":4.0},{"damage":6.0,"enemies":"Large Slime","floor":14.0,"turns":6.0},{"damage":26.0,"enemies":"The Guardian","floor":16.0,"turns":16.0},{"damage":5.0,"enemies":"Spheric Guardian","floor":18.0,"turns":5.0},{"damage":0.0,"enemies":"Chosen","floor":21.0,"turns":7.0},{"damage":0.0,"enemies":"3 Cultists","floor":23.0,"turns":7.0},{"damage":14.0,"enemies":"Centurion and Healer","floor":24.0,"turns":10.0},{"damage":6.0,"enemies":"Snake Plant","floor":27.0,"turns":6.0},{"damage":15.0,"enemies":"Book of Stabbing","floor":29.0,"turns":7.0},{"damage":0.0,"enemies":"Snecko","floor":30.0,"turns":5.0},{"damage":19.0,"enemies":"Slavers","floor":31.0,"turns":7.0},{"damage":0.0,"enemies":"Collector","floor":33.0,"turns":8.0},{"damage":2.0,"enemies":"3 Shapes","floor":35.0,"turns":6.0},{"damage":5.0,"enemies":"Orb Walker","floor":36.0,"turns":3.0},{"damage":0.0,"enemies":"3 Darklings","floor":38.0,"turns":8.0},{"damage":0.0,"enemies":"Spire Growth","floor":39.0,"turns":6.0},{"damage":0.0,"enemies":"Giant Head","floor":41.0,"turns":5.0},{"damage":0,"enemies":"Reptomancer","floor":45,"turns":6},{"damage":10,"enemies":"Writhing Mass","floor":47,"turns":5},{"damage":0,"enemies":"Giant Head","floor":48,"turns":6},{"damage":1,"enemies":"Awakened One","floor":50,"turns":7},{"damage":0,"enemies":"Shield and Spear","floor":54,"turns":4},{"damage":6,"enemies":"The Heart","floor":55,"turns":7}],"seed_played":"6374270945347678961","potions_obtained":[{"floor":14.0,"key":"Weak Potion"},{"floor":16.0,"key":"AttackPotion"}],"is_trial":false,"path_per_floor":["M","M","$","M","?","R","E","R","T","M","$","R","?","M","R","B",null,"M","?","?","M","$","M","M","R","T","M","R","E","M","E","R","B",null,"M","M","?","M","M","R","E","R","T","R","E","R","M","E","R","B",null,"R","$","E","B",null],"character_chosen":"IRONCLAD","items_purchased":["Body Slam","Entrench","Impervious","Lantern","Anchor","Secret Technique"],"campfire_rested":0,"item_purchase_floors":[3,3,22,53,53,53],"current_hp_per_floor":[80,80,80,80,80,80,55,55,55,61,61,61,61,61,61,41,80,80,80,80,80,80,80,72,72,72,72,72,63,69,56,56,62,80,80,80,80,80,80,80,80,80,80,80,80,80,76,80,80,80,80,80,80,80,80],"gold":187,"neow_bonus":"THREE_CARDS","is_prod":false,"is_daily":false,"chose_seed":false,"campfire_upgraded":12,"win_rate":0,"timestamp":1546187015,"path_taken":["M","M","$","M","?","R","E","R","T","M","$","R","?","M","R","BOSS","M","?","?","M","$","M","M","R","T","M","R","E","M","E","R","BOSS","M","M","?","M","M","R","E","R","T","R","E","R","M","E","R","BOSS","R","$","E","BOSS"],"build_version":"2018-12-20","purchased_purges":3,"victory":true,"max_hp_per_floor":[80,80,80,80,80,80,80,80,80,80,80,80,80,80,80,80,80,80,80,80,80,80,80,80,80,80,80,80,80,80,80,80,80,80,80,80,80,80,80,80,80,80,80,80,80,80,80,80,80,80,80,80,80,80,80],"card_choices":[{"not_picked":["Twin Strike","Pommel Strike"],"picked":"Headbutt","floor":1.0},{"not_picked":["Sentinel","Twin Strike"],"picked":"Armaments","floor":2.0},{"not_picked":["Perfected Strike","Thunderclap"],"picked":"True Grit","floor":4.0},{"not_picked":["Whirlwind","Warcry","Sword Boomerang"],"picked":"SKIP","floor":7.0},{"not_picked":["Combust","Exhume"],"picked":"Feel No Pain","floor":10.0},{"not_picked":["Uppercut","Clash","Wild Strike"],"picked":"SKIP","floor":14.0},{"not_picked":["Bludgeon","Immolate"],"picked":"Barricade","floor":16.0},{"not_picked":["Disarm","Sever Soul","Wild Strike"],"picked":"SKIP","floor":18.0},{"not_picked":["Flex+1","Ghostly Armor+1"],"picked":"Metallicize","floor":21.0},{"not_picked":["Hemokinesis","Thunderclap+1","Armaments"],"picked":"SKIP","floor":23.0},{"not_picked":["Sword Boomerang","Body Slam"],"picked":"Evolve","floor":24.0},{"not_picked":["Dual Wield","Heavy Blade","Whirlwind","Sword Boomerang"],"picked":"SKIP","floor":27.0},{"not_picked":["Combust","Clothesline+1","Perfected Strike","Anger+1"],"picked":"SKIP","floor":29.0},{"not_picked":["Corruption","Warcry","Spot Weakness","Fiend Fire"],"picked":"SKIP","floor":30.0},{"not_picked":["Corruption","Warcry","Spot Weakness","Fiend Fire"],"picked":"SKIP","floor":30.0},{"not_picked":["Dropkick","Iron Wave","Seeing Red"],"picked":"Feel No Pain+1","floor":31.0},{"not_picked":["Berserk","Reaper","Exhume"],"picked":"Impervious","floor":33.0},{"not_picked":["Sword Boomerang","Searing Blow","Clash+1"],"picked":"Intimidate","floor":35.0},{"not_picked":["Thunderclap","Heavy Blade","Twin Strike"],"picked":"Battle Trance","floor":36.0},{"not_picked":["Sword Boomerang","Blood for Blood","Anger+1","Flex"],"picked":"SKIP","floor":38.0},{"not_picked":["Ghostly Armor+1","Pommel Strike","Rampage+1"],"picked":"Shrug It Off+1","floor":39.0},{"not_picked":["Heavy Blade","Juggernaut","Havoc"],"picked":"Second Wind","floor":41.0},{"not_picked":["Twin Strike","Dual Wield","Heavy Blade+1","Headbutt+1"],"picked":"SKIP","floor":45},{"not_picked":["Sword Boomerang+1","Iron Wave","Anger+1","Sentinel"],"picked":"SKIP","floor":47},{"not_picked":["Sword Boomerang+1","Spot Weakness+1","Iron Wave"],"picked":"Fiend Fire","floor":48},{"not_picked":["Pommel Strike+1","Combust","Rampage"],"picked":"Offering","floor":54}],"player_experience":892036,"relics_obtained":[{"floor":7.0,"key":"Bag of Marbles"},{"floor":26.0,"key":"Question Card"},{"floor":29.0,"key":"Letter Opener"},{"floor":31.0,"key":"Mercury Hourglass"},{"floor":41.0,"key":"The Courier"},{"floor":43.0,"key":"Smiling Mask"},{"floor":45,"key":"Bottled Tornado"},{"floor":48,"key":"Whetstone"},{"floor":54,"key":"StoneCalendar"}],"event_choices":[{"damage_healed":0.0,"max_hp_gain":0.0,"max_hp_loss":0.0,"gold_gain":0.0,"event_name":"Liars Game","player_choice":"Ignored","floor":5.0,"gold_loss":0.0,"damage_taken":0.0},{"cards_removed":["Strike_R"],"damage_healed":0.0,"max_hp_gain":0.0,"max_hp_loss":0.0,"gold_gain":0.0,"event_name":"The Cleric","player_choice":"Card Removal","floor":13.0,"gold_loss":50.0,"damage_taken":0.0},{"damage_healed":0.0,"max_hp_gain":0.0,"max_hp_loss":0.0,"gold_gain":99.0,"event_name":"Nest","player_choice":"Stole From Cult","floor":19.0,"gold_loss":0.0,"damage_taken":0.0},{"damage_healed":0.0,"max_hp_gain":0.0,"max_hp_loss":0.0,"gold_gain":0.0,"event_name":"Vampires","player_choice":"Ignored","floor":20.0,"gold_loss":0.0,"damage_taken":0.0},{"damage_healed":0.0,"max_hp_gain":0.0,"max_hp_loss":0.0,"gold_gain":0.0,"event_name":"Tomb of Lord Red Mask","player_choice":"Ignored","floor":37.0,"gold_loss":0.0,"damage_taken":0.0}],"is_beta":false,"boss_relics":[{"not_picked":["Philosopher\u0027s Stone","Black Blood"],"picked":"Sozu"},{"not_picked":["Coffee Dripper","Runic Cube"],"picked":"Runic Pyramid"}],"items_purged_floors":[11,22,53],"is_endless":false,"potions_floor_spawned":[14,16,18,23,24,27,30,33,38,41,45,54],"ascension_level":0}