{"path_per_floor":["M","M","?","?","M","E","R","E","T","?","M","?","M","$","R","B",null,"M","?","M","?"],"character_chosen":"IRONCLAD","items_purchased":["Paper Frog","Shuriken","Block Potion"],"gold_per_floor":[119,129,79,154,174,207,207,536,562,737,751,751,765,140,140,241,241,258,258,273,273],"floor_reached":22,"campfire_rested":1,"playtime":781,"current_hp_per_floor":[80,76,76,65,65,42,42,10,10,10,7,7,13,13,37,22,80,83,67,69,52],"items_purged":["Doubt"],"gold":273,"score":204,"play_id":"71e9d6f9-c3c2-4421-8157-48ce51ce098f","is_prod":false,"is_daily":false,"is_ascension_mode":true,"campfire_upgraded":1,"path_taken":["M","?","?","?","?","E","R","E","T","?","?","?","M","$","R","BOSS","M","?","M","?","M"],"build_version":"2018-02-15-PROD1","purchased_purges":1,"victory":false,"master_deck":["Strike_R","Strike_R","Strike_R","Strike_R","Strike_R+1","Defend_R","Defend_R","Bash+1","Cleave+1","Clash","Feed","Headbutt+1"],"max_hp_per_floor":[80,80,80,80,80,80,80,80,80,80,80,80,80,80,80,80,80,83,83,86,91],"relics":["Burning Blood","Bag of Preparation","Old Coin","Whetstone","Paper Frog","Shuriken","Question Card","Nilry\u0027s Codex"],"card_choices":[{"not_picked":["Impervious","Battle Trance"],"picked":"Clash"},{"not_picked":["Bludgeon","Offering"],"picked":"Feed"},{"not_picked":["Hemokinesis","Wild Strike","Reckless Charge"],"picked":"Headbutt"}],"player_experience":100090,"potions_floor_usage":[6,16,20],"damage_taken":[{"damage":6,"enemies":"Cultist","floor":1,"turns":3},{"damage":10,"enemies":"Small Slimes","floor":2,"turns":3},{"damage":6,"enemies":"2 Louse","floor":5,"turns":2},{"damage":29,"enemies":"Gremlin Nob","floor":6,"turns":5},{"damage":38,"enemies":"3 Sentries","floor":8,"turns":7},{"damage":9,"enemies":"Blue Slaver","floor":11,"turns":3},{"damage":0,"enemies":"Large Slime","floor":13,"turns":4},{"damage":21,"enemies":"Hexaghost","floor":16,"turns":6},{"damage":0,"enemies":"Chosen","floor":18,"turns":3},{"damage":7,"enemies":"Shell Parasite","floor":20,"turns":3},{"damage":52,"enemies":"Sentry and Sphere","floor":22,"turns":5}],"event_choices":[{"event_name":"The Cleric","player_choice":"Card Removal","floor":3,"damage_taken":0},{"event_name":"World of Goop","player_choice":"Gather Gold","floor":4,"damage_taken":0},{"event_name":"Liars Game","player_choice":"agreed","floor":10,"damage_taken":0},{"event_name":"Match and Keep!","player_choice":"0 cards matched","floor":12,"damage_taken":0},{"event_name":"Cursed Tome","player_choice":"Obtained Book","floor":19,"damage_taken":0},{"event_name":"Forgotten Altar","player_choice":"Shed Blood","floor":21,"damage_taken":0}],"boss_relics":[{"not_picked":["Mark of Pain","Runic Dome"],"picked":"Question Card"}],"potions_floor_spawned":[1,2,13,18],"seed_played":"-7038167907465096049","killed_by":"Sentry and Sphere","ascension_level":1,"is_trial":false}