{"gold_per_floor":[110,129,30,30,30,30,58,72,72,72,89,89,107,125,125,226,226,238,258,77,97,16,34,34,67,67,0,0],"floor_reached":28,"playtime":1721,"items_purged":["Strike_B","Pain"],"score":240,"play_id":"97d3e5d6-57d1-45cb-851b-1d999231ff14","local_time":"20181117193224","is_ascension_mode":false,"campfire_choices":[{"data":"Zap","floor":6,"key":"SMITH"},{"data":"Conserve Battery","floor":10,"key":"SMITH"},{"data":"Chaos","floor":15,"key":"SMITH"},{"floor":24,"key":"REST"}],"neow_cost":"NONE","seed_source_timestamp":182725446087548,"circlet_count":0,"master_deck":["Strike_B","Strike_B","Strike_B","Defend_B","Defend_B","Defend_B","Zap+1","Dualcast","Go for the Eyes","Rebound","Conserve Battery+1","Meteor Strike","Go for the Eyes","Sweeping Beam","Echo Form","Beam Cell","Chaos+1","Machine Learning","Hologram","Go for the Eyes+1","Storm","Barrage","Self Repair","Sunder","Thunder Strike"],"relics":["Cracked Core","Bag of Marbles","Happy Flower","Bottled Lightning","WarpedTongs","Runic Pyramid","Dodecahedron","Turnip"],"potions_floor_usage":[7,7,16,16,23,23,28],"damage_taken":[{"damage":0,"enemies":"Small Slimes","floor":1,"turns":4},{"damage":0,"enemies":"Cultist","floor":2,"turns":3},{"damage":14,"enemies":"3 Sentries","floor":7,"turns":8},{"damage":0,"enemies":"Jaw Worm","floor":8,"turns":2},{"damage":0,"enemies":"Lots of Slimes","floor":11,"turns":2},{"damage":3,"enemies":"Blue Slaver","floor":13,"turns":3},{"damage":0,"enemies":"2 Fungi Beasts","floor":14,"turns":2},{"damage":39,"enemies":"The Guardian","floor":16,"turns":7},{"damage":8,"enemies":"Chosen","floor":18,"turns":3},{"damage":35,"enemies":"3 Byrds","floor":19,"turns":5},{"damage":20,"enemies":"Centurion and Healer","floor":21,"turns":6},{"damage":17,"enemies":"3 Cultists","floor":23,"turns":5},{"damage":39,"enemies":"Book of Stabbing","floor":25,"turns":5},{"damage":15,"enemies":"Shelled Parasite and Fungi","floor":28,"turns":3}],"seed_played":"1906710552270350722","potions_obtained":[{"floor":5,"key":"FairyPotion"},{"floor":5,"key":"Block Potion"},{"floor":5,"key":"Fire Potion"},{"floor":8,"key":"GamblersBrew"},{"floor":13,"key":"Regen Potion"},{"floor":16,"key":"SpeedPotion"},{"floor":19,"key":"SpeedPotion"},{"floor":23,"key":"Ancient Potion"},{"floor":25,"key":"SkillPotion"}],"is_trial":false,"path_per_floor":["M","M","$","?","?","R","E","M","T","R","M","?","M","M","R","B",null,"M","M","$","M","$","M","R","E","T","?","M"],"character_chosen":"DEFECT","items_purchased":["Conserve Battery","Storm","Self Repair"],"campfire_rested":1,"item_purchase_floors":[3,20,22],"current_hp_per_floor":[75,75,75,75,75,75,61,61,61,61,61,61,58,58,58,28,75,67,32,32,12,12,18,40,8,8,8,0],"gold":0,"neow_bonus":"RANDOM_COMMON_RELIC","is_prod":false,"is_daily":false,"chose_seed":false,"campfire_upgraded":3,"win_rate":0,"timestamp":1542436344,"path_taken":["M","M","$","?","?","R","E","?","T","R","M","?","?","M","R","BOSS","M","M","$","M","$","M","R","E","T","?","M"],"build_version":"2018-11-15","purchased_purges":2,"victory":false,"max_hp_per_floor":[75,75,75,75,75,75,75,75,75,75,75,75,75,75,75,75,75,75,75,75,75,75,75,75,75,75,75,75],"card_choices":[{"not_picked":["Leap","Blizzard"],"picked":"Go for the Eyes","floor":1},{"not_picked":["Steam","Gash"],"picked":"Rebound","floor":2},{"not_picked":["Steam Power","Multi-Cast"],"picked":"Go for the Eyes","floor":7},{"not_picked":["Streamline","Coolheaded"],"picked":"Sweeping Beam","floor":8},{"not_picked":["Go for the Eyes","Conserve Battery"],"picked":"Echo Form","floor":11},{"not_picked":["Go for the Eyes","Gash"],"picked":"Beam Cell","floor":13},{"not_picked":["Gash","Stack"],"picked":"Chaos","floor":14},{"not_picked":["Core Surge","All For One"],"picked":"Machine Learning","floor":16},{"not_picked":["Scrape","Steam"],"picked":"Hologram","floor":18},{"not_picked":["Fusion","Auto Shields+1"],"picked":"Go for the Eyes+1","floor":19},{"not_picked":["FTL","Coolheaded"],"picked":"Barrage","floor":21},{"not_picked":["Darkness+1","Blizzard+1"],"picked":"Sunder","floor":23},{"not_picked":["Aggregate+1","Steam Power+1"],"picked":"Thunder Strike","floor":25}],"player_experience":323324,"relics_obtained":[{"floor":7,"key":"Happy Flower"},{"floor":9,"key":"Bottled Lightning"},{"floor":25,"key":"Dodecahedron"},{"floor":26,"key":"Turnip"}],"event_choices":[{"damage_healed":0,"gold_gain":0,"cards_transformed":["Defend_B"],"player_choice":"Change","damage_taken":0,"max_hp_gain":0,"max_hp_loss":0,"event_name":"Living Wall","floor":4,"gold_loss":0,"cards_obtained":["Meteor Strike"]},{"damage_healed":0,"gold_gain":0,"player_choice":"Got Potions","damage_taken":0,"max_hp_gain":0,"max_hp_loss":0,"event_name":"Lab","floor":5,"gold_loss":0},{"damage_healed":0,"gold_gain":0,"player_choice":"Rummage","damage_taken":0,"relics_obtained":["WarpedTongs"],"max_hp_gain":0,"max_hp_loss":0,"event_name":"Accursed Blacksmith","floor":12,"gold_loss":0,"cards_obtained":["Pain"]},{"damage_healed":0,"gold_gain":0,"player_choice":"Paid Fearfully","damage_taken":0,"max_hp_gain":0,"max_hp_loss":0,"event_name":"Masked Bandits","floor":27,"gold_loss":67}],"is_beta":false,"boss_relics":[{"not_picked":["Cursed Key","Busted Crown"],"picked":"Runic Pyramid"}],"items_purged_floors":[3,20],"is_endless":false,"potions_floor_spawned":[8,13,16,19,23,25],"killed_by":"Shelled Parasite and Fungi","ascension_level":0}