{"path_per_floor":["M","?","?","T","M","E","?","$","T","M","M","M","?","M","R","B",null,"M","?","T","M","?","E","R","T","T","M","M","M","M","E","R","B",null,"M","?","$","M","$","E","?","M","T","E","M","M","?","M","R"],"character_chosen":"THE_SILENT","items_purchased":["Noxious Fumes","Dramatic Entrance","Lantern","Whetstone","Flash of Steel","Finisher"],"gold_per_floor":[115,115,115,115,126,154,154,12,38,56,69,79,141,161,161,264,264,283,283,283,302,227,261,261,286,335,349,369,389,408,435,435,534,534,544,544,69,86,7,32,32,42,42,71,88,104,104,124,124],"floor_reached":50,"campfire_rested":2,"playtime":6526,"current_hp_per_floor":[70,70,45,45,45,23,23,23,23,23,23,23,23,23,23,38,70,70,70,70,66,66,53,53,53,53,53,48,47,41,41,62,35,70,70,70,70,36,36,13,61,38,38,33,15,19,34,19,37],"items_purged":["Defend_G"],"gold":124,"score":722,"play_id":"a028c995-51a1-4ea0-bc6a-9c61040a03d0","local_time":"20180315201223","is_prod":false,"is_daily":false,"is_ascension_mode":false,"campfire_upgraded":2,"timestamp":1521141143,"path_taken":["M","?","?","?","M","E","?","?","T","M","M","M","?","?","R","BOSS","M","?","?","M","?","E","R","?","T","M","M","?","?","E","R","BOSS","M","?","$","M","$","E","?","M","T","E","M","M","?","?","R","BOSS"],"build_version":"2018-03-09","purchased_purges":1,"victory":false,"master_deck":["Defend_G","Strike_G","Strike_G","Strike_G","Strike_G","Strike_G","Survivor","Neutralize+1","Poisoned Stab","Blade Dance","Bane","Heel Hook","Well Laid Plans","Noxious Fumes","Dramatic Entrance+1","Sucker Punch","Distraction+1","Tools of the Trade","Bouncing Flask","Noxious Fumes","Adrenaline","Sucker Punch","Sucker Punch","Terror+1","Backflip+1","Bane","Corpse Explosion","Backstab","Prepared","Sucker Punch","Catalyst","Noxious Fumes+1","Bullet Time","Flying Knee+1","Flash of Steel","Backstab+1","Finisher","Deflect+1","Flying Knee","Flechettes","Venomology","Flying Knee+1","Poisoned Stab","Writhe","Backflip"],"max_hp_per_floor":[70,70,70,70,70,70,70,70,70,70,70,70,70,70,70,70,70,70,70,70,70,70,70,70,70,70,70,70,70,70,70,70,70,70,70,70,70,70,70,70,61,61,61,61,61,61,61,61,61],"relics":["Ring of the Snake","Paper Crane","Ginger","Bag of Preparation","Snake Skull","Orichalcum","Lizard Tail","Prayer Wheel","Bottled Flame","Ancient Tea Set","Bag of Marbles","Happy Flower","Philosopher\u0027s Stone","Lantern","Whetstone","Blood Vial","Du-Vu Doll","Meat on the Bone"],"card_choices":[{"not_picked":["Underhanded Strike","Expertise"],"picked":"Poisoned Stab"},{"not_picked":["Prepared","Slice"],"picked":"Blade Dance"},{"not_picked":["Expertise","Outmaneuver"],"picked":"Bane"},{"not_picked":["Dagger Spray","Flechettes"],"picked":"Heel Hook"},{"not_picked":["Dagger Throw","Acrobatics"],"picked":"Sucker Punch"},{"not_picked":["Prepared","Poisoned Stab"],"picked":"Distraction"},{"not_picked":["Dagger Spray","Prepared"],"picked":"Tools of the Trade"},{"not_picked":["Deadly Poison","Sucker Punch"],"picked":"Bouncing Flask"},{"not_picked":["Dodge and Roll","Distraction"],"picked":"Noxious Fumes"},{"not_picked":["Die Die Die","Tactician"],"picked":"Adrenaline"},{"not_picked":["PiercingWail","Deadly Poison"],"picked":"Sucker Punch"},{"not_picked":["Sucker Punch","PiercingWail"],"picked":"Terror"},{"not_picked":["Dodge and Roll","Underhanded Strike"],"picked":"Backflip"},{"not_picked":["Slice","All Out Attack"],"picked":"Bane"},{"not_picked":["Prepared","Underhanded Strike"],"picked":"Corpse Explosion"},{"not_picked":["Sucker Punch","Deflect"],"picked":"Backstab"},{"not_picked":["Well Laid Plans","Underhanded Strike"],"picked":"Prepared"},{"not_picked":["Flechettes","Well Laid Plans"],"picked":"Sucker Punch"},{"not_picked":["Acrobatics","Dagger Spray"],"picked":"Catalyst"},{"not_picked":["Leg Sweep","Choke"],"picked":"Noxious Fumes"},{"not_picked":["After Image","Phantasmal Killer"],"picked":"Bullet Time"},{"not_picked":["Deadly Poison","Prepared"],"picked":"Flying Knee"},{"not_picked":["Deadly Poison","Reflex"],"picked":"Backstab"},{"not_picked":["Dagger Throw","Slice"],"picked":"Deflect"},{"not_picked":["Backflip","After Image"],"picked":"Flying Knee"},{"not_picked":["Underhanded Strike","Dagger Spray"],"picked":"Flechettes"},{"not_picked":["Underhanded Strike","Dagger Spray"],"picked":"Venomology"},{"not_picked":["All Out Attack","Malaise"],"picked":"Flying Knee"},{"not_picked":["Leg Sweep","Outmaneuver"],"picked":"Poisoned Stab"},{"not_picked":["Deflect","Eviscerate"],"picked":"Backflip"}],"player_experience":60993,"potions_floor_usage":[31,33,45,46,46,50,50,50,50],"damage_taken":[{"damage":0.0,"enemies":"2 Louse","floor":1.0,"turns":3.0},{"damage":0.0,"enemies":"Cultist","floor":5.0,"turns":3.0},{"damage":22.0,"enemies":"Lagavulin","floor":6.0,"turns":8.0},{"damage":0.0,"enemies":"Small Slimes","floor":10.0,"turns":2.0},{"damage":0.0,"enemies":"Blue Slaver","floor":11.0,"turns":2.0},{"damage":0.0,"enemies":"Large Slime","floor":12.0,"turns":3.0},{"damage":0.0,"enemies":"Gremlin Nob","floor":13.0,"turns":3.0},{"damage":0.0,"enemies":"2 Fungi Beasts","floor":14.0,"turns":2.0},{"damage":0.0,"enemies":"Hexaghost","floor":16.0,"turns":7.0},{"damage":0.0,"enemies":"3 Byrds","floor":18.0,"turns":4.0},{"damage":4.0,"enemies":"Spheric Guardian","floor":21.0,"turns":3.0},{"damage":13.0,"enemies":"Slavers","floor":23.0,"turns":4.0},{"damage":0.0,"enemies":"Centurion and Healer","floor":27.0,"turns":5.0},{"damage":5,"enemies":"Snecko","floor":28,"turns":4},{"damage":1,"enemies":"Centurion and Healer","floor":29,"turns":4},{"damage":6,"enemies":"3 Cultists","floor":30,"turns":4},{"damage":0,"enemies":"Book of Stabbing","floor":31,"turns":5},{"damage":27,"enemies":"Automaton","floor":33,"turns":7},{"damage":0,"enemies":"Orb Walker","floor":35,"turns":2},{"damage":34,"enemies":"3 Shapes","floor":38,"turns":3},{"damage":23,"enemies":"Nemesis","floor":40,"turns":5},{"damage":23,"enemies":"Sphere and 2 Shapes","floor":42,"turns":3},{"damage":7,"enemies":"2 Orb Walkers","floor":44,"turns":3},{"damage":32,"enemies":"4 Shapes","floor":45,"turns":4},{"damage":10,"enemies":"Maw","floor":46,"turns":6},{"damage":29,"enemies":"Sphere and 2 Shapes","floor":48,"turns":4},{"damage":78,"enemies":"Time Eater","floor":50,"turns":8}],"event_choices":[{"event_name":"Bonfire Elementals","player_choice":"BASIC","floor":2.0,"damage_taken":0.0},{"event_name":"Scrap Ooze","player_choice":"success","floor":3.0,"damage_taken":25.0},{"event_name":"Match and Keep!","player_choice":"1 cards matched","floor":7.0,"damage_taken":0.0},{"event_name":"Dead Adventurer","player_choice":"Searched \u00273\u0027 times","floor":13.0,"damage_taken":0.0},{"event_name":"Transmorgrifier","player_choice":"Transform","floor":19.0,"damage_taken":0.0},{"event_name":"Beggar","player_choice":"Gave Gold","floor":22.0,"damage_taken":0.0},{"event_name":"Tomb of Lord Red Mask","player_choice":"Ignored","floor":36,"damage_taken":0},{"event_name":"The Moai Head","player_choice":"Heal","floor":41,"damage_taken":0},{"event_name":"Winding Halls","player_choice":"Writhe","floor":47,"damage_taken":0}],"boss_relics":[{"not_picked":["Eternal Feather","Orrery"],"picked":"Philosopher\u0027s Stone"}],"potions_floor_spawned":[6,10,11,14,18,23,28,30,33,40,44,45],"seed_played":"6006840942592442991","killed_by":"Time Eater","ascension_level":0,"is_trial":false}