{"gold_per_floor":[119,129,143,143,52,52,66,66,66,79,79,91,107,122,122,122],"floor_reached":16,"playtime":1159,"items_purged":[],"score":96,"play_id":"0b928300-3e24-490f-a132-09f94bffd81b","local_time":"20181216101113","is_ascension_mode":false,"campfire_choices":[{"data":"Madness","floor":6,"key":"SMITH"},{"data":"Doppelganger","floor":8,"key":"SMITH"},{"floor":11,"key":"REST"},{"data":"Distraction","floor":15,"key":"SMITH"}],"neow_cost":"NONE","seed_source_timestamp":663344807823650,"circlet_count":0,"master_deck":["Defend_G","Defend_G","Defend_G","Defend_G","Defend_G","Strike_G","Strike_G","Strike_G","Strike_G","Strike_G","Survivor","Neutralize","Doppelganger+1","Choke","Flying Knee","Blade Dance","PanicButton","Calculated Gamble","Bullet Time","Madness+1","Masterful Stab","Distraction+1","Distraction","Bouncing Flask","Deadly Poison"],"relics":["Ring of the Snake","Paper Crane"],"potions_floor_usage":[7,14],"damage_taken":[{"damage":7,"enemies":"Cultist","floor":1,"turns":4},{"damage":0,"enemies":"2 Louse","floor":2,"turns":2},{"damage":3,"enemies":"Small Slimes","floor":3,"turns":3},{"damage":11,"enemies":"Gremlin Gang","floor":7,"turns":5},{"damage":4,"enemies":"Large Slime","floor":10,"turns":4},{"damage":5,"enemies":"Red Slaver","floor":12,"turns":3},{"damage":18,"enemies":"Exordium Thugs","floor":13,"turns":5},{"damage":3,"enemies":"3 Louse","floor":14,"turns":3},{"damage":40,"enemies":"The Guardian","floor":16,"turns":9}],"seed_played":"8154644083734789651","potions_obtained":[{"floor":2,"key":"PowerPotion"},{"floor":10,"key":"Regen Potion"},{"floor":12,"key":"SteroidPotion"}],"is_trial":false,"path_per_floor":["M","M","M","?","$","R","M","R","T","M","R","M","M","M","R","B"],"character_chosen":"THE_SILENT","items_purchased":["Madness"],"campfire_rested":1,"item_purchase_floors":[5],"current_hp_per_floor":[63,63,60,60,60,60,49,49,49,45,66,61,43,49,49,9],"gold":122,"neow_bonus":"ONE_RANDOM_RARE_CARD","is_prod":false,"is_daily":false,"chose_seed":false,"campfire_upgraded":3,"win_rate":0.0,"timestamp":1544908273,"path_taken":["M","M","?","?","$","R","M","R","T","M","R","?","M","M","R","BOSS"],"build_version":"2018-12-13","purchased_purges":0,"victory":false,"max_hp_per_floor":[70,70,70,70,70,70,70,70,70,70,70,70,70,70,70,70],"card_choices":[{"not_picked":["Dagger Throw","Well Laid Plans"],"picked":"Choke","floor":1},{"not_picked":["PiercingWail","Endless Agony"],"picked":"Flying Knee","floor":2},{"not_picked":["PiercingWail","Dagger Throw"],"picked":"Blade Dance","floor":3},{"not_picked":["Cloak And Dagger","Eviscerate"],"picked":"Masterful Stab","floor":7},{"not_picked":["PiercingWail","Flechettes"],"picked":"Distraction","floor":10},{"not_picked":["Unload","Dagger Throw"],"picked":"Distraction","floor":12},{"not_picked":["Tactician","Flying Knee"],"picked":"Bouncing Flask","floor":13},{"not_picked":["Sucker Punch","Flechettes"],"picked":"Deadly Poison","floor":14}],"player_experience":471882,"relics_obtained":[{"floor":9,"key":"Paper Crane"}],"event_choices":[{"damage_healed":0,"gold_gain":0,"player_choice":"3 cards matched","damage_taken":0,"max_hp_gain":0,"max_hp_loss":0,"event_name":"Match and Keep!","floor":4,"gold_loss":0,"cards_obtained":["PanicButton","Calculated Gamble","Bullet Time"]}],"is_beta":false,"boss_relics":[],"items_purged_floors":[],"is_endless":false,"potions_floor_spawned":[2,10,12],"killed_by":"The Guardian","ascension_level":0}