{"gold_per_floor":[144,144,144,144,193,193,291,291,316,365,414,464,513,611,611,936,1034,1083,1132,1132,509,558,656,705,754,829,829,4,4,53,102,102,427,427,476,476,174,223,155,155,204,204,279,6,55,104,104,153,153,153],"floor_reached":51,"playtime":1430,"items_purged":[],"score":1056,"play_id":"7fe0fa27-433f-44e2-a8bc-17e91554f46c","local_time":"20180709103358","daily_mods":["Brewmaster","Cursed Run","Midas"],"is_ascension_mode":false,"campfire_choices":[{"floor":6,"key":"REST"},{"floor":8,"key":"REST"},{"floor":15,"key":"REST"},{"floor":29,"key":"DIG"},{"floor":32,"key":"DIG"},{"floor":40,"key":"DIG"},{"floor":42,"key":"DIG"},{"floor":47,"key":"DIG"},{"floor":49,"key":"DIG"}],"neow_cost":"","seed_source_timestamp":0,"circlet_count":0,"master_deck":["Defend_G","Defend_G","Defend_G","Defend_G","Strike_G","Strike_G","Strike_G","Strike_G","Strike_G","Survivor","Neutralize+1","Venomology","Venomology+1","Venomology","Venomology","Venomology+1","Dagger Spray","Regret","Injury","Dagger Spray","Blur","Injury","Backflip","Writhe","Terror+1","Riddle With Holes+1","Quick Slash","Regret","Burst","All Out Attack","Dagger Throw","Skewer","Malaise","Quick Slash","Riddle With Holes","Malaise","Riddle With Holes+1","Parasite","Riddle With Holes","Footwork","Footwork","Deadly Poison+1","Pain","Venomology+1","Backflip+1","Bane","Malaise+1","Noxious Fumes","Pain","Terror+1","Skewer","Noxious Fumes+1","Storm of Steel+1","Injury"],"special_seed":17721,"relics":["Cursed Key","Darkstone Periapt","Du-Vu Doll","White Beast Statue","Ancient Tea Set","Golden Idol","Ice Cream","Singing Bowl","Regal Pillow","Dream Catcher","Tiny House","Oddly Smooth Stone","TwistedFunnel","Whetstone","Art of War","Bottled Flame","Shovel","Toxic Egg 2","Lee\u0027s Waffle","Snake Skull","War Paint","Fusion Hammer","Pear","Sundial","Unceasing Top","The Courier","ClockworkSouvenir","Turnip","Kunai"],"potions_floor_usage":[1,1,1,5,5,5,5,5,7,7,7,7,7,11,11,11,13,13,13,13,13,14,14,14,14,16,16,16,16,16,18,18,18,18,19,19,22,22,22,23,24,24,24,24,25,30,31,31,33,33,33,33,33,33,33,33,35,38,38,41,41,41,41,41,45,45,45,45,46,46,46,48,48,48,48,50,50,50,50,50],"damage_taken":[{"damage":5,"enemies":"Small Slimes","floor":1,"turns":6},{"damage":1,"enemies":"Jaw Worm","floor":5,"turns":4},{"damage":9,"enemies":"3 Sentries","floor":7,"turns":7},{"damage":0,"enemies":"2 Louse","floor":10,"turns":1},{"damage":0,"enemies":"Large Slime","floor":11,"turns":4},{"damage":3,"enemies":"Exordium Thugs","floor":13,"turns":4},{"damage":2,"enemies":"Gremlin Nob","floor":14,"turns":3},{"damage":33,"enemies":"Hexaghost","floor":16,"turns":5},{"damage":13,"enemies":"2 Thieves","floor":18,"turns":3},{"damage":4,"enemies":"Spheric Guardian","floor":19,"turns":3},{"damage":18,"enemies":"Snake Plant","floor":22,"turns":3},{"damage":8,"enemies":"Slavers","floor":23,"turns":2},{"damage":15,"enemies":"Slaver and Parasite","floor":24,"turns":3},{"damage":0,"enemies":"Snecko","floor":25,"turns":3},{"damage":0,"enemies":"Sentry and Sphere","floor":30,"turns":2},{"damage":0,"enemies":"3 Cultists","floor":31,"turns":3},{"damage":65,"enemies":"Champ","floor":33,"turns":10},{"damage":0,"enemies":"3 Darklings","floor":35,"turns":2},{"damage":1,"enemies":"Orb Walker","floor":38,"turns":2},{"damage":14,"enemies":"Transient","floor":41,"turns":5},{"damage":2,"enemies":"Sphere and 2 Shapes","floor":45,"turns":3},{"damage":3,"enemies":"3 Darklings","floor":46,"turns":3},{"damage":1,"enemies":"4 Shapes","floor":48,"turns":3},{"damage":54,"enemies":"Awakened One","floor":50,"turns":14}],"seed_played":"2365577451791200373","potions_obtained":[{"floor":1,"key":"PowerPotion"},{"floor":11,"key":"GhostInAJar"},{"floor":14,"key":"AttackPotion"},{"floor":18,"key":"SpeedPotion"},{"floor":19,"key":"Poison Potion"},{"floor":22,"key":"Fire Potion"},{"floor":23,"key":"GamblersBrew"},{"floor":24,"key":"SteroidPotion"},{"floor":25,"key":"Swift Potion"},{"floor":30,"key":"Block Potion"},{"floor":31,"key":"Ancient Potion"},{"floor":33,"key":"Poison Potion"},{"floor":35,"key":"Fruit Juice"},{"floor":38,"key":"Fire Potion"},{"floor":41,"key":"EssenceOfSteel"},{"floor":45,"key":"Regen Potion"},{"floor":48,"key":"Block Potion"}],"is_trial":false,"path_per_floor":["M","?","?","?","M","R","E","R","T","M","M","T","M","E","R","B",null,"M","M","?","$","M","E","M","M","T","?","$","R","M","M","R","B",null,"M","?","$","M","$","R","M","R","T","$","M","M","R","M","R","B"],"character_chosen":"THE_SILENT","items_purchased":["Oddly Smooth Stone","Malaise","TwistedFunnel","Whetstone","Quick Slash","Shovel","Toxic Egg 2","Lee\u0027s Waffle","Footwork","Bane","Pear","Noxious Fumes","ClockworkSouvenir","Terror+1","Skewer"],"campfire_rested":3,"item_purchase_floors":[21,21,21,21,21,28,28,28,28,37,37,39,44,44,44],"current_hp_per_floor":[65,71,77,70,69,82,82,82,88,88,90,96,93,91,96,74,107,94,90,90,90,72,66,51,51,57,57,122,122,122,122,122,63,128,128,128,138,142,142,142,130,130,136,136,139,147,147,146,146,98],"gold":153,"neow_bonus":"","is_prod":false,"is_daily":true,"chose_seed":false,"campfire_upgraded":0,"win_rate":0,"timestamp":1531157638,"path_taken":["M","?","?","?","?","R","E","R","T","M","?","?","M","E","R","BOSS","M","M","?","$","M","E","M","?","T","?","?","R","M","M","R","BOSS","M","?","$","?","$","R","M","R","T","$","M","M","R","?","R","BOSS"],"build_version":"2018-07-05","purchased_purges":0,"victory":true,"max_hp_per_floor":[70,76,82,82,82,82,82,82,88,88,90,96,96,96,96,102,107,107,107,107,107,107,109,109,109,115,115,122,122,122,122,122,128,128,128,128,138,143,143,143,145,145,151,151,151,153,153,153,153,159],"card_choices":[{"not_picked":["Leg Sweep","Flying Knee"],"picked":"Dagger Spray","floor":1},{"not_picked":["Flechettes","Underhanded Strike"],"picked":"Dagger Spray","floor":5},{"not_picked":["Concentrate","Deflect"],"picked":"Blur","floor":7},{"not_picked":["Bane","Deflect"],"picked":"Backflip","floor":10},{"not_picked":["Outmaneuver","Flying Knee","Grand Finale"],"picked":"Singing Bowl","floor":11},{"not_picked":["Dagger Throw","Dodge and Roll"],"picked":"Terror","floor":13},{"not_picked":["Slice","Backflip"],"picked":"Riddle With Holes","floor":14},{"not_picked":["Dagger Spray","Flying Knee"],"picked":"Quick Slash","floor":15},{"not_picked":["Die Die Die","Unload"],"picked":"Burst","floor":16},{"not_picked":["Slice","Underhanded Strike"],"picked":"All Out Attack","floor":17},{"not_picked":["Distraction","Acrobatics"],"picked":"Dagger Throw","floor":18},{"not_picked":["Malaise","Infinite Blades"],"picked":"Skewer","floor":19},{"not_picked":["Deadly Poison","Bane"],"picked":"Riddle With Holes","floor":22},{"not_picked":["Deflect","Blade Dance","Crippling Poison"],"picked":"Singing Bowl","floor":23},{"not_picked":["Envenom","Flying Knee+1"],"picked":"Malaise","floor":24},{"not_picked":["Dagger Spray","Slice"],"picked":"Riddle With Holes+1","floor":25},{"not_picked":["Poisoned Stab","Sucker Punch"],"picked":"Footwork","floor":30},{"not_picked":["All Out Attack","Deflect+1"],"picked":"Deadly Poison+1","floor":31},{"not_picked":["Doppelganger+1","Grand Finale"],"picked":"Venomology+1","floor":33},{"not_picked":["Well Laid Plans+1","Predator"],"picked":"Backflip+1","floor":35},{"not_picked":["Prepared+1","PiercingWail+1"],"picked":"Malaise+1","floor":38},{"not_picked":["Poisoned Stab+1","Slice","Distraction+1"],"picked":"Singing Bowl","floor":41},{"not_picked":["Outmaneuver+1","Slice+1"],"picked":"Noxious Fumes+1","floor":45},{"not_picked":["Outmaneuver+1","Predator+1","Bane"],"picked":"Singing Bowl","floor":46},{"not_picked":["Dodge and Roll+1","Outmaneuver+1"],"picked":"Storm of Steel+1","floor":48}],"player_experience":539296,"relics_obtained":[{"floor":7,"key":"Ice Cream"},{"floor":9,"key":"Singing Bowl"},{"floor":12,"key":"Regal Pillow"},{"floor":14,"key":"Dream Catcher"},{"floor":23,"key":"Art of War"},{"floor":26,"key":"Bottled Flame"},{"floor":29,"key":"Snake Skull"},{"floor":32,"key":"War Paint"},{"floor":40,"key":"Sundial"},{"floor":42,"key":"Unceasing Top"},{"floor":43,"key":"The Courier"},{"floor":47,"key":"Turnip"},{"floor":49,"key":"Kunai"}],"event_choices":[{"event_name":"Big Fish","player_choice":"Box","floor":2,"damage_taken":0},{"event_name":"Golden Idol","player_choice":"Take Wound","floor":3,"damage_taken":0},{"event_name":"Golden Wing","player_choice":"Card Removal","floor":4,"damage_taken":0},{"event_name":"Ghosts","player_choice":"Ignored","floor":20,"damage_taken":0},{"event_name":"The Library","player_choice":"Read","floor":27,"damage_taken":0},{"event_name":"Tomb of Lord Red Mask","player_choice":"Ignored","floor":36,"damage_taken":0}],"boss_relics":[{"not_picked":["Runic Pyramid","Eternal Feather"],"picked":"Tiny House"},{"not_picked":["Lizard Tail","Snecko Eye"],"picked":"Fusion Hammer"}],"items_purged_floors":[],"is_endless":false,"potions_floor_spawned":[1,5,7,10,11,13,14,16,18,19,22,23,24,25,30,31,33,35,38,41,45,46,48],"ascension_level":0}