{"gold_per_floor":[119,129,140,150,170,170,11,11,57,57,57,87,98,125,125,200,200,214,214,231,231,247,247,272,272,272,283,283,83,83,29,29,107,107,120,134,134,134,134,134,161,161,161,193,193,205,205,305,305,305],"floor_reached":50,"playtime":2153,"items_purged":["Strike_B"],"score":1107,"play_id":"3e48ef39-c375-4598-9692-ea3f6f2954d5","local_time":"20181224175122","is_ascension_mode":true,"campfire_choices":[{"data":"Fusion","floor":6.0,"key":"SMITH"},{"data":"Beam Cell","floor":8.0,"key":"SMITH"},{"data":"Defragment","floor":15.0,"key":"SMITH"},{"data":"Hologram","floor":23.0,"key":"SMITH"},{"data":"Electrodynamics","floor":25.0,"key":"SMITH"},{"data":"Defragment","floor":30.0,"key":"SMITH"},{"data":"Reboot","floor":32.0,"key":"SMITH"},{"floor":40.0,"key":"REST"},{"data":"Dualcast","floor":42.0,"key":"SMITH"},{"data":"Skim","floor":45,"key":"SMITH"},{"floor":47,"key":"REST"},{"floor":49,"key":"RECALL"}],"neow_cost":"NONE","seed_source_timestamp":13804274393041,"circlet_count":0,"master_deck":["AscendersBane","Strike_B","Strike_B+1","Defend_B","Defend_B","Defend_B","Defend_B+1","Dualcast+1","Beam Cell+1","Conserve Battery","Fusion+1","Doom and Gloom","Electrodynamics+1","Defragment+1","Glacier","Reboot+1","Hologram+1","Compile Driver","Machine Learning","Ball Lightning+1","Defragment+1","Compile Driver","Echo Form","Force Field+1","Decay","Skim+1","Tempest"],"special_seed":0,"relics":["Cracked Core","Pen Nib","Blood Vial","Blue Candle","Cursed Key","Anchor","DataDisk","Sozu","Bag of Preparation","Meat on the Bone","Torii"],"potions_floor_usage":[],"damage_taken":[{"damage":6.0,"enemies":"Cultist","floor":1.0,"turns":3.0},{"damage":4.0,"enemies":"Small Slimes","floor":2.0,"turns":3.0},{"damage":4.0,"enemies":"2 Louse","floor":3.0,"turns":3.0},{"damage":0.0,"enemies":"Large Slime","floor":4.0,"turns":4.0},{"damage":6.0,"enemies":"Exordium Thugs","floor":5.0,"turns":3.0},{"damage":5.0,"enemies":"Red Slaver","floor":13.0,"turns":5.0},{"damage":5.0,"enemies":"Lagavulin","floor":14.0,"turns":6.0},{"damage":7.0,"enemies":"Hexaghost","floor":16.0,"turns":9.0},{"damage":0.0,"enemies":"3 Byrds","floor":18.0,"turns":2.0},{"damage":2.0,"enemies":"Shell Parasite","floor":20.0,"turns":8.0},{"damage":0.0,"enemies":"Snecko","floor":22.0,"turns":6.0},{"damage":18.0,"enemies":"Gremlin Leader","floor":24.0,"turns":6.0},{"damage":0.0,"enemies":"Snake Plant","floor":27.0,"turns":4.0},{"damage":14.0,"enemies":"Champ","floor":33.0,"turns":11.0},{"damage":26.0,"enemies":"3 Darklings","floor":35.0,"turns":4.0},{"damage":3.0,"enemies":"3 Shapes","floor":36.0,"turns":3.0},{"damage":11.0,"enemies":"Giant Head","floor":41.0,"turns":7.0},{"damage":22,"enemies":"Nemesis","floor":44,"turns":13},{"damage":10,"enemies":"Maw","floor":46,"turns":7},{"damage":1,"enemies":"Mind Bloom Boss Battle","floor":48,"turns":6},{"damage":40,"enemies":"Awakened One","floor":50,"turns":4}],"seed_played":"3288958577005766529","potions_obtained":[{"floor":1.0,"key":"Poison Potion"},{"floor":2.0,"key":"Weak Potion"},{"floor":3.0,"key":"Explosive Potion"},{"floor":5.0,"key":"Fire Potion"},{"floor":20.0,"key":"PowerPotion"},{"floor":22.0,"key":"Fruit Juice"},{"floor":27.0,"key":"Strength Potion"}],"is_trial":false,"path_per_floor":["M","M","M","M","M","R","$","R","T","?","?","?","M","E","R","B",null,"M","?","M","T","M","R","E","R","T","M","T","$","R","$","R","B",null,"M","M","?","?","?","R","E","R","T","E","R","M","R","?","R","B"],"character_chosen":"DEFECT","items_purchased":["Electrodynamics","Defragment","DataDisk","Compile Driver"],"campfire_rested":2,"item_purchase_floors":[7,29,29,31],"current_hp_per_floor":[58,54,50,50,44,44,44,44,44,23,23,23,20,17,17,12,56,58,58,58,58,65,65,49,49,49,51,51,51,51,51,51,39,67,43,42,42,42,38,60,51,51,51,31,31,35,57,58,58,20],"gold":305,"neow_bonus":"RANDOM_COMMON_RELIC","is_prod":false,"is_daily":false,"chose_seed":false,"campfire_upgraded":9,"win_rate":0,"timestamp":1545641482,"path_taken":["M","M","M","M","?","R","?","R","T","?","?","?","M","E","R","BOSS","M","?","M","?","?","R","E","R","T","M","?","?","R","$","R","BOSS","M","M","?","?","?","R","E","R","T","E","R","?","R","?","R","BOSS"],"build_version":"2018-12-20","purchased_purges":1,"victory":false,"max_hp_per_floor":[71,71,71,71,71,71,71,71,71,71,71,71,71,71,71,71,71,71,71,71,71,76,76,76,76,76,76,76,76,76,76,76,76,76,76,76,76,76,76,76,76,76,76,76,76,76,76,76,76,76],"card_choices":[{"not_picked":["Compile Driver","Fusion"],"picked":"Beam Cell","floor":1.0},{"not_picked":["Double Energy","Barrage"],"picked":"Conserve Battery","floor":2.0},{"not_picked":["Hologram","Recycle"],"picked":"Fusion","floor":3.0},{"not_picked":["Recycle","Steam Power"],"picked":"Doom and Gloom","floor":4.0},{"not_picked":["Chaos","Barrage","Gash"],"picked":"SKIP","floor":5.0},{"not_picked":["Coolheaded","Redo"],"picked":"Defragment","floor":13.0},{"not_picked":["Darkness","Reprogram"],"picked":"Glacier","floor":14.0},{"not_picked":["Multi-Cast","Electrodynamics"],"picked":"Reboot","floor":16.0},{"not_picked":["Redo","Hello World"],"picked":"Hologram","floor":18.0},{"not_picked":["Conserve Battery","Steam"],"picked":"Compile Driver","floor":20.0},{"not_picked":["Storm","Scrape","Rebound"],"picked":"SKIP","floor":22.0},{"not_picked":["Compile Driver","Leap"],"picked":"Machine Learning","floor":24.0},{"not_picked":["Turbo","Ball Lightning+1","Go for the Eyes"],"picked":"SKIP","floor":27.0},{"not_picked":["Turbo","Go for the Eyes"],"picked":"Ball Lightning+1","floor":27.0},{"not_picked":["Creative AI","Core Surge"],"picked":"Echo Form","floor":33.0},{"not_picked":["Go for the Eyes+1","Compile Driver","Redo"],"picked":"SKIP","floor":35.0},{"not_picked":["Cold Snap","Streamline","Barrage"],"picked":"SKIP","floor":36.0},{"not_picked":["Steam","Gash"],"picked":"Force Field+1","floor":41.0},{"not_picked":["Recycle","Scrape+1"],"picked":"Skim","floor":44},{"not_picked":["Chaos+1","Redo","Streamline"],"picked":"SKIP","floor":46},{"not_picked":["Gash+1","Static Discharge"],"picked":"Tempest","floor":48}],"player_experience":834183,"relics_obtained":[{"floor":9.0,"key":"Blood Vial"},{"floor":14.0,"key":"Blue Candle"},{"floor":24.0,"key":"Anchor"},{"floor":41.0,"key":"Bag of Preparation"},{"floor":44,"key":"Meat on the Bone"},{"floor":48,"key":"Torii"}],"event_choices":[{"damage_healed":0.0,"max_hp_gain":0.0,"max_hp_loss":0.0,"gold_gain":0.0,"event_name":"Shining Light","player_choice":"Entered Light","floor":10.0,"gold_loss":0.0,"damage_taken":21.0,"cards_upgraded":["Defend_B","Strike_B"]},{"cards_removed":["Strike_B"],"damage_healed":0.0,"max_hp_gain":0.0,"max_hp_loss":0.0,"gold_gain":0.0,"event_name":"Living Wall","player_choice":"Forget","floor":11.0,"gold_loss":0.0,"damage_taken":0.0},{"damage_healed":0.0,"max_hp_gain":0.0,"max_hp_loss":0.0,"gold_gain":30.0,"event_name":"Dead Adventurer","player_choice":"Searched \u00271\u0027 times","floor":12.0,"gold_loss":0.0,"damage_taken":0.0},{"damage_healed":0.0,"max_hp_gain":0.0,"max_hp_loss":0.0,"gold_gain":0.0,"event_name":"Cursed Tome","player_choice":"Ignored","floor":19.0,"gold_loss":0.0,"damage_taken":0.0},{"cards_removed":["Zap"],"damage_healed":0.0,"max_hp_gain":0.0,"max_hp_loss":0.0,"gold_gain":0.0,"event_name":"Falling","player_choice":"Removed Skill","floor":37.0,"gold_loss":0.0,"damage_taken":0.0},{"damage_healed":0.0,"max_hp_gain":0.0,"max_hp_loss":0.0,"gold_gain":0.0,"event_name":"Mysterious Sphere","player_choice":"Ignored","floor":38.0,"gold_loss":0.0,"damage_taken":0.0},{"damage_healed":0.0,"max_hp_gain":0.0,"max_hp_loss":0.0,"gold_gain":0.0,"event_name":"The Woman in Blue","player_choice":"Bought 0 Potions","floor":39.0,"gold_loss":0.0,"damage_taken":0.0},{"damage_healed":0,"gold_gain":0,"player_choice":"Fight","damage_taken":0,"max_hp_gain":0,"max_hp_loss":0,"event_name":"MindBloom","floor":48,"gold_loss":0}],"is_beta":false,"boss_relics":[{"not_picked":["Astrolabe","Tiny House"],"picked":"Cursed Key"},{"not_picked":["Fusion Hammer","Snecko Eye"],"picked":"Sozu"}],"items_purged_floors":[7],"is_endless":false,"potions_floor_spawned":[1,2,3,5,13,20,22,27,35,36,46],"killed_by":"Awakened One","ascension_level":20}