{"path_per_floor":["M","?","?","M","?","R","E","M","T","R","M","?","$","M","R","B",null,"M","$","?","M","M","R","M","R","T","?","?","M","$","M","R","B",null,"M","M","?","?","$","R","M","R","T","R","$","M","M","?","R"],"character_chosen":"IRONCLAD","items_purchased":["Offering","Feed","Fire Potion","Block Potion"],"gold_per_floor":[118,118,118,134,209,209,252,268,268,268,286,236,161,186,186,312,312,335,4,4,16,34,34,58,58,58,58,58,72,72,89,89,191,191,201,215,215,215,90,90,107,107,107,107,6,18,38,0,0],"floor_reached":50,"campfire_rested":3,"playtime":1707,"current_hp_per_floor":[34,34,58,58,47,47,29,35,35,57,52,52,52,42,64,13,74,66,66,66,65,49,49,44,44,44,44,44,52,52,44,68,32,83,67,69,69,69,69,69,54,54,54,54,54,43,51,51,51],"items_purged":["Defend_R","Strike_R","Strike_R"],"gold":0,"score":508,"play_id":"55f98ffc-b2b9-4f27-8923-770d396c119f","local_time":"20180311002037","is_prod":false,"is_daily":false,"is_ascension_mode":true,"campfire_upgraded":5,"timestamp":1520724037,"path_taken":["M","?","?","M","?","R","E","M","T","R","?","?","$","M","R","BOSS","M","$","?","?","M","R","M","R","T","?","?","M","$","M","R","BOSS","M","M","?","?","$","R","M","R","T","R","?","M","?","?","R","BOSS"],"build_version":"2018-03-09","purchased_purges":3,"victory":false,"master_deck":["Strike_R","Bash+1","Flame Barrier+1","Demon Form+1","Whirlwind+1","Offering","Flex+1","Inflame+1","Whirlwind+1"],"max_hp_per_floor":[80,74,74,74,74,74,74,74,74,74,74,74,74,74,74,74,74,74,74,74,77,77,77,77,77,77,77,77,80,80,80,80,83,83,86,86,86,86,86,86,86,86,86,86,86,86,86,86,86],"relics":["Burning Blood","Bloody Idol","Thread and Needle","Bird Faced Urn","Orrery","Ginger","Runic Cube","Peace Pipe","Red Mask"],"card_choices":[{"not_picked":["Cleave","Bloodletting"],"picked":"Flame Barrier"},{"not_picked":["Berserk","Bludgeon"],"picked":"Demon Form"},{"not_picked":["Armaments","Sever Soul"],"picked":"Whirlwind"},{"not_picked":["Sever Soul","Reckless Charge"],"picked":"Inflame"},{"not_picked":["Cleave","Disarm"],"picked":"Whirlwind"}],"player_experience":132165,"potions_floor_usage":[50],"damage_taken":[{"damage":12.0,"enemies":"Jaw Worm","floor":1.0,"turns":2.0},{"damage":6.0,"enemies":"2 Louse","floor":4.0,"turns":3.0},{"damage":24.0,"enemies":"Gremlin Nob","floor":7.0,"turns":4.0},{"damage":0.0,"enemies":"Small Slimes","floor":8.0,"turns":3.0},{"damage":11.0,"enemies":"3 Louse","floor":11.0,"turns":4.0},{"damage":16.0,"enemies":"Exordium Wildlife","floor":14.0,"turns":4.0},{"damage":57.0,"enemies":"The Guardian","floor":16.0,"turns":15.0},{"damage":14.0,"enemies":"3 Byrds","floor":18.0,"turns":3.0},{"damage":10.0,"enemies":"2 Thieves","floor":21.0,"turns":4.0},{"damage":24.0,"enemies":"Centurion and Healer","floor":22.0,"turns":5.0},{"damage":13.0,"enemies":"Cultist and Chosen","floor":24.0,"turns":5.0},{"damage":10.0,"enemies":"Snake Plant","floor":29.0,"turns":4.0},{"damage":21.0,"enemies":"Sentry and Sphere","floor":31.0,"turns":4.0},{"damage":54.0,"enemies":"Automaton","floor":33.0,"turns":8.0},{"damage":30.0,"enemies":"Orb Walker","floor":35.0,"turns":3.0},{"damage":11.0,"enemies":"3 Darklings","floor":36.0,"turns":2.0},{"damage":30.0,"enemies":"Maw","floor":41.0,"turns":7.0},{"damage":24.0,"enemies":"4 Shapes","floor":46.0,"turns":3.0},{"damage":5.0,"enemies":"3 Darklings","floor":47.0,"turns":3.0},{"damage":61,"enemies":"Time Eater","floor":50,"turns":9}],"event_choices":[{"event_name":"Golden Idol","player_choice":"Lose Max HP","floor":2.0,"damage_taken":0.0},{"event_name":"Big Fish","player_choice":"Banana","floor":3.0,"damage_taken":0.0},{"event_name":"World of Goop","player_choice":"Gather Gold","floor":5.0,"damage_taken":0.0},{"event_name":"The Cleric","player_choice":"Card Removal","floor":12.0,"damage_taken":0.0},{"event_name":"The Library","player_choice":"Read","floor":20.0,"damage_taken":0.0},{"event_name":"Forgotten Altar","player_choice":"Gave Idol","floor":27.0,"damage_taken":0.0},{"event_name":"Drug Dealer","player_choice":"Ignored","floor":28.0,"damage_taken":0.0},{"event_name":"Mysterious Sphere","player_choice":"Ignore","floor":37.0,"damage_taken":0.0},{"event_name":"Tomb of Lord Red Mask","player_choice":"Paid","floor":48.0,"damage_taken":0.0}],"boss_relics":[],"potions_floor_spawned":[1,14,18,22,31,46],"seed_played":"6735586547576846470","killed_by":"Time Eater","ascension_level":3,"is_trial":false}