{"gold_per_floor":[119,69,79,99,21,51,51,61,85,85,85,85,123,21,21,140,140,155,171,171],"floor_reached":20,"playtime":1528,"items_purged":["Strike_G"],"score":209,"play_id":"ea542142-3ed6-4784-83a1-6267056fe0b4","local_time":"20190201204302","is_ascension_mode":true,"campfire_choices":[{"data":"Skewer","floor":7,"key":"SMITH"},{"data":"Footwork","floor":10,"key":"SMITH"},{"data":"Neutralize","floor":15,"key":"SMITH"}],"neow_cost":"NONE","seed_source_timestamp":768782438373400,"circlet_count":0,"master_deck":["Defend_G","Defend_G","Defend_G","Defend_G","Defend_G","Strike_G","Strike_G","Strike_G","Survivor","Neutralize+1","Poisoned Stab","Flying Knee","Skewer+1","Footwork+1","Deadly Poison","Leg Sweep","Dagger Spray","Wraith Form v2","Pain","Doubt","Clumsy","Cloak And Dagger+1","Dodge and Roll+1"],"relics":["Ring of the Snake","Dream Catcher","Centennial Puzzle","Golden Idol","Blood Vial","Calling Bell","Bag of Preparation","Shuriken","Tingsha"],"potions_floor_usage":[6,8,13,16,16,20],"damage_taken":[{"damage":1,"enemies":"Small Slimes","floor":1,"turns":4},{"damage":0,"enemies":"2 Louse","floor":3,"turns":3},{"damage":4,"enemies":"Jaw Worm","floor":4,"turns":5},{"damage":9,"enemies":"Gremlin Nob","floor":6,"turns":4},{"damage":6,"enemies":"Exordium Wildlife","floor":8,"turns":2},{"damage":27,"enemies":"3 Sentries","floor":13,"turns":6},{"damage":26,"enemies":"Hexaghost","floor":16,"turns":9},{"damage":24,"enemies":"Chosen","floor":18,"turns":6},{"damage":3,"enemies":"3 Byrds","floor":19,"turns":4},{"damage":66,"enemies":"Cultist and Chosen","floor":20,"turns":8}],"seed_played":"-573065295557425058","potions_obtained":[{"floor":0,"key":"PowerPotion"},{"floor":0,"key":"Explosive Potion"},{"floor":0,"key":"SneckoOil"},{"floor":4,"key":"Block Potion"},{"floor":8,"key":"Fire Potion"},{"floor":13,"key":"SteroidPotion"},{"floor":16,"key":"PowerPotion"}],"is_trial":false,"path_per_floor":["M","?","M","M","$","E","R","M","T","R","?","?","E","$","R","B",null,"M","M","M"],"character_chosen":"THE_SILENT","items_purchased":["Skewer","Dagger Spray"],"campfire_rested":0,"item_purchase_floors":[5,14],"current_hp_per_floor":[69,69,69,65,65,56,56,50,50,50,50,65,38,38,38,14,65,41,40,0],"gold":171,"neow_bonus":"THREE_SMALL_POTIONS","is_prod":false,"is_daily":false,"chose_seed":false,"campfire_upgraded":3,"win_rate":0,"timestamp":1549053782,"path_taken":["M","?","M","M","$","E","R","M","T","R","?","?","E","$","R","BOSS","M","M","M"],"build_version":"2019-01-23","purchased_purges":1,"victory":false,"max_hp_per_floor":[70,70,70,70,70,70,70,70,70,70,65,65,65,65,65,65,65,65,65,65],"card_choices":[{"not_picked":["Deflect","Endless Agony"],"picked":"Poisoned Stab","floor":1},{"not_picked":["Bane","Reflex","Deflect"],"picked":"SKIP","floor":3},{"not_picked":["Cloak And Dagger","Bane"],"picked":"Flying Knee","floor":4},{"not_picked":["Bane","Bullet Time"],"picked":"Footwork","floor":6},{"not_picked":["Blade Dance","Deflect"],"picked":"Deadly Poison","floor":8},{"not_picked":["Dagger Throw","Caltrops"],"picked":"Leg Sweep","floor":13},{"not_picked":["Corpse Explosion","Glass Knife"],"picked":"Wraith Form v2","floor":16},{"not_picked":["Dagger Spray","Deflect"],"picked":"Cloak And Dagger+1","floor":18},{"not_picked":["Riddle With Holes","Dagger Throw"],"picked":"Dodge and Roll+1","floor":19}],"player_experience":233021,"relics_obtained":[{"floor":6,"key":"Dream Catcher"},{"floor":9,"key":"Centennial Puzzle"},{"floor":13,"key":"Blood Vial"},{"floor":17,"key":"Bag of Preparation"},{"floor":17,"key":"Shuriken"},{"floor":17,"key":"Tingsha"}],"event_choices":[{"cards_removed":["Strike_G"],"damage_healed":0,"gold_gain":0,"player_choice":"Card Removal","damage_taken":0,"max_hp_gain":0,"max_hp_loss":0,"event_name":"The Cleric","floor":2,"gold_loss":50},{"damage_healed":0,"gold_gain":0,"player_choice":"Lose Max HP","damage_taken":0,"relics_obtained":["Golden Idol"],"max_hp_gain":0,"max_hp_loss":5,"event_name":"Golden Idol","floor":11,"gold_loss":0},{"damage_healed":21,"gold_gain":0,"player_choice":"Banana","damage_taken":0,"max_hp_gain":0,"max_hp_loss":0,"event_name":"Big Fish","floor":12,"gold_loss":0}],"is_beta":false,"boss_relics":[{"not_picked":["Empty Cage","Velvet Choker"],"picked":"Calling Bell"}],"items_purged_floors":[14],"is_endless":false,"potions_floor_spawned":[4,8,13,16],"killed_by":"Cultist and Chosen","ascension_level":3}