{"gold_per_floor":[110,127,127,142,157,157,170,95,95,95,114,114,131,149,149,253,253,269,13,31,47,65,65],"floor_reached":23,"playtime":351,"items_purged":["Defend_R","Defend_R"],"score":239,"play_id":"2073dec2-3bc1-496c-bce5-66ceec7190d1","local_time":"20181231035709","is_ascension_mode":false,"campfire_choices":[{"data":"Flex","floor":6,"key":"SMITH"},{"data":"Flex","floor":10,"key":"SMITH"},{"floor":15,"key":"REST"}],"neow_cost":"NONE","seed_source_timestamp":287435820374083,"circlet_count":0,"master_deck":["Strike_R","Strike_R","Strike_R","Strike_R","Strike_R","Bash","Flex+1","Flex+1","Clash","Flex+1","Limit Break"],"relics":["Empty Cage","Mercury Hourglass","Philosopher\u0027s Stone"],"potions_floor_usage":[16],"damage_taken":[{"damage":6,"enemies":"Cultist","floor":1,"turns":3},{"damage":16,"enemies":"2 Louse","floor":2,"turns":3},{"damage":0,"enemies":"Small Slimes","floor":4,"turns":3},{"damage":4,"enemies":"Gremlin Gang","floor":5,"turns":4},{"damage":2,"enemies":"Blue Slaver","floor":7,"turns":2},{"damage":0,"enemies":"Large Slime","floor":11,"turns":2},{"damage":10,"enemies":"Lots of Slimes","floor":13,"turns":2},{"damage":10,"enemies":"Looter","floor":14,"turns":2},{"damage":0,"enemies":"Slime Boss","floor":16,"turns":4},{"damage":17,"enemies":"2 Thieves","floor":18,"turns":3},{"damage":12,"enemies":"Chosen","floor":20,"turns":2},{"damage":13,"enemies":"Centurion and Healer","floor":21,"turns":2},{"damage":7,"enemies":"3 Cultists","floor":22,"turns":3},{"damage":32,"enemies":"Snecko","floor":23,"turns":3}],"seed_played":"8978710868826092139","potions_obtained":[{"floor":1,"key":"Dexterity Potion"},{"floor":2,"key":"SkillPotion"},{"floor":4,"key":"GamblersBrew"},{"floor":18,"key":"Fruit Juice"}],"is_trial":false,"path_per_floor":["M","M","?","M","M","R","M","$","T","R","M","?","M","M","R","B",null,"M","$","M","M","M","M"],"character_chosen":"IRONCLAD","items_purchased":["Limit Break"],"campfire_rested":1,"item_purchase_floors":[19],"current_hp_per_floor":[74,58,58,58,54,54,52,52,52,52,52,52,42,32,56,56,80,63,63,51,38,31,0],"gold":65,"neow_bonus":"BOSS_RELIC","is_prod":false,"is_daily":false,"chose_seed":false,"campfire_upgraded":2,"win_rate":1,"timestamp":1546246629,"path_taken":["M","?","?","M","M","R","M","?","T","R","?","?","?","M","R","BOSS","M","$","M","M","M","M"],"build_version":"2018-12-20","purchased_purges":2,"victory":false,"max_hp_per_floor":[80,80,80,80,80,80,80,80,80,80,80,80,80,80,80,80,80,80,80,80,80,80,80],"card_choices":[{"not_picked":["Power Through","Battle Trance"],"picked":"Flex","floor":1},{"not_picked":["Thunderclap","Armaments"],"picked":"Flex","floor":2},{"not_picked":["Dropkick","Carnage"],"picked":"Clash","floor":4},{"not_picked":["Anger","Clothesline"],"picked":"Flex","floor":5},{"not_picked":["Rampage","Sever Soul","Clothesline"],"picked":"SKIP","floor":18}],"player_experience":132954,"relics_obtained":[{"floor":9,"key":"Mercury Hourglass"}],"event_choices":[{"damage_healed":0,"gold_gain":0,"player_choice":"0 cards matched","damage_taken":0,"max_hp_gain":0,"max_hp_loss":0,"event_name":"Match and Keep!","floor":3,"gold_loss":0,"cards_obtained":[]},{"damage_healed":0,"gold_gain":0,"player_choice":"Upgraded","damage_taken":0,"max_hp_gain":0,"max_hp_loss":0,"event_name":"Upgrade Shrine","floor":12,"gold_loss":0,"cards_upgraded":["Flex"]}],"is_beta":false,"boss_relics":[{"not_picked":["Tiny House","Eternal Feather"],"picked":"Philosopher\u0027s Stone"}],"items_purged_floors":[8,19],"is_endless":false,"potions_floor_spawned":[1,2,4,14,18,21],"killed_by":"Snecko","ascension_level":0}