{"gold_per_floor":[109,120,52,52,52,52,86,105,105,115,115,115,125,459,459,531,531,549,90,13,13,13,13,46,46,46,61,73,89,100,100,100,174,174,192,70,85,134,148,148,159,40,40,57,57,88,13,24,24,24],"floor_reached":51,"playtime":2318,"items_purged":[],"score":1250,"play_id":"0ceefb16-627c-44fe-95c3-c9ebbf107218","local_time":"20180710001524","is_ascension_mode":true,"campfire_choices":[{"data":"Sunder","floor":6,"key":"SMITH"},{"data":"Hologram","floor":12,"key":"SMITH"},{"data":"Buffer","floor":15,"key":"SMITH"},{"data":"Defragment","floor":23,"key":"SMITH"},{"data":"Defragment","floor":25,"key":"SMITH"},{"data":"Hello World","floor":32,"key":"SMITH"},{"data":"Decay","floor":40,"key":"PURGE"},{"data":"Seek","floor":45,"key":"SMITH"},{"data":"Consume","floor":49,"key":"SMITH"}],"neow_cost":"NONE","seed_source_timestamp":152618246864926,"circlet_count":0,"master_deck":["Strike_B","Strike_B","Defend_B","Defend_B","Zap","Dualcast","AscendersBane","Beam Cell+1","Machine Learning+1","Gash+1","Doom and Gloom","Coolheaded","Sunder+1","Conserve Battery","Hologram+1","Gash","Turbo","Gash","Buffer+1","Seek+1","Leap","Defragment+1","White Noise","Defragment+1","Self Repair","Redo","FTL","Cold Snap","Hello World+1","Multi-Cast","Consume","Coolheaded","Self Repair","Gash","Sweeping Beam","Glacier","Stack","Stack","Seek","Consume+1"],"relics":["Astrolabe","Peace Pipe","Turnip","Ice Cream","Old Coin","Busted Crown","DollysMirror","Oddly Smooth Stone","Mercury Hourglass","Ginger","Inserter","Calipers","Symbiotic Virus","Emotion Chip"],"potions_floor_usage":[18,24,24,29,39,44,50],"damage_taken":[{"damage":0,"enemies":"2 Louse","floor":1,"turns":2},{"damage":1,"enemies":"Cultist","floor":2,"turns":3},{"damage":6,"enemies":"Lagavulin","floor":7,"turns":4},{"damage":0,"enemies":"Small Slimes","floor":8,"turns":2},{"damage":1,"enemies":"Looter","floor":10,"turns":3},{"damage":13,"enemies":"Lots of Slimes","floor":13,"turns":3},{"damage":16,"enemies":"Gremlin Nob","floor":14,"turns":3},{"damage":4,"enemies":"Hexaghost","floor":16,"turns":8},{"damage":2,"enemies":"3 Byrds","floor":18,"turns":3},{"damage":22,"enemies":"Book of Stabbing","floor":24,"turns":5},{"damage":4,"enemies":"Shell Parasite","floor":27,"turns":5},{"damage":2,"enemies":"Snake Plant","floor":28,"turns":4},{"damage":5,"enemies":"Centurion and Healer","floor":29,"turns":5},{"damage":0,"enemies":"Snecko","floor":30,"turns":7},{"damage":18,"enemies":"Champ","floor":33,"turns":10},{"damage":7,"enemies":"3 Shapes","floor":35,"turns":7},{"damage":27,"enemies":"Orb Walker","floor":37,"turns":6},{"damage":16,"floor":38,"turns":8},{"damage":23,"enemies":"3 Darklings","floor":39,"turns":8},{"damage":0,"enemies":"Maw","floor":41,"turns":10},{"damage":27,"enemies":"Transient","floor":44,"turns":5},{"damage":1,"enemies":"Nemesis","floor":46,"turns":7},{"damage":17,"enemies":"3 Darklings","floor":48,"turns":10},{"damage":16,"enemies":"Time Eater","floor":50,"turns":14}],"seed_played":"-1944263432356128073","potions_obtained":[{"floor":2,"key":"SkillPotion"},{"floor":4,"key":"EntropicBrew"},{"floor":24,"key":"Block Potion"},{"floor":29,"key":"Regen Potion"},{"floor":41,"key":"Poison Potion"},{"floor":48,"key":"Swift Potion"}],"is_trial":false,"path_per_floor":["M","M","$","?","?","R","E","M","T","M","T","R","M","E","R","B",null,"M","$","$","?","?","R","E","R","T","M","M","M","M","?","R","B",null,"M","$","M","?","M","R","M","$","T","M","R","E","$","M","R","B"],"character_chosen":"DEFECT","items_purchased":["Sunder","Defragment","White Noise","DollysMirror","Oddly Smooth Stone","Self Repair","Coolheaded","Self Repair","Glacier","Stack","Consume"],"campfire_rested":0,"item_purchase_floors":[3,19,19,19,19,20,36,36,42,42,47],"current_hp_per_floor":[64,63,63,63,63,63,57,57,57,56,56,56,43,27,27,23,59,57,57,57,57,57,57,49,49,49,59,57,59,66,66,66,55,67,71,71,58,56,62,62,71,71,71,58,58,71,71,71,71,69],"gold":24,"neow_bonus":"BOSS_RELIC","is_prod":false,"is_daily":false,"chose_seed":false,"campfire_upgraded":8,"win_rate":0,"timestamp":1531206924,"path_taken":["M","M","$","?","?","R","E","M","T","M","?","R","M","E","R","BOSS","M","?","$","?","?","R","E","R","T","M","M","M","?","?","R","BOSS","M","$","M","?","M","R","M","$","T","M","R","E","$","M","R","BOSS"],"build_version":"2018-07-05","purchased_purges":0,"victory":true,"max_hp_per_floor":[71,71,71,71,71,71,71,71,71,71,71,71,71,71,71,71,71,71,71,71,71,71,71,71,71,71,71,71,71,71,71,71,71,71,71,71,71,71,71,71,71,71,71,71,71,71,71,71,71,71],"card_choices":[{"not_picked":["Conserve Battery","Go for the Eyes"],"picked":"Doom and Gloom","floor":1},{"not_picked":["Turbo","Compile Driver"],"picked":"Coolheaded","floor":2},{"not_picked":["Leap","Compile Driver"],"picked":"Hologram","floor":7},{"not_picked":["Compile Driver","Cold Snap"],"picked":"Gash","floor":8},{"not_picked":["Steam","Streamline"],"picked":"Turbo","floor":10},{"not_picked":["Multi-Cast","Ball Lightning"],"picked":"Gash","floor":13},{"not_picked":["Self Repair","Barrage"],"picked":"Buffer","floor":14},{"not_picked":["Creative AI","Rainbow"],"picked":"Seek","floor":16},{"not_picked":[],"picked":"Leap","floor":18},{"not_picked":["Sweeping Beam"],"picked":"SKIP","floor":24},{"not_picked":[],"picked":"Redo","floor":27},{"not_picked":[],"picked":"FTL","floor":28},{"not_picked":[],"picked":"Cold Snap","floor":29},{"not_picked":[],"picked":"Hello World","floor":30},{"not_picked":[],"picked":"Multi-Cast","floor":33},{"not_picked":[],"picked":"Consume","floor":35},{"not_picked":["Reprogram"],"picked":"SKIP","floor":37},{"not_picked":[],"picked":"Gash","floor":39},{"not_picked":[],"picked":"Sweeping Beam","floor":41},{"not_picked":[],"picked":"Stack","floor":44},{"not_picked":[],"picked":"Seek","floor":46}],"player_experience":563223,"relics_obtained":[{"floor":7,"key":"Peace Pipe"},{"floor":9,"key":"Turnip"},{"floor":11,"key":"Ice Cream"},{"floor":14,"key":"Old Coin"},{"floor":24,"key":"Mercury Hourglass"},{"floor":26,"key":"Ginger"},{"floor":38,"key":"Calipers"},{"floor":43,"key":"Symbiotic Virus"},{"floor":46,"key":"Emotion Chip"}],"event_choices":[{"event_name":"The Lab","player_choice":"Got Potions","floor":4,"damage_taken":0},{"event_name":"Transmorgrifier","player_choice":"Transform","floor":5,"damage_taken":0},{"event_name":"Drug Dealer","player_choice":"Ignored","floor":21,"damage_taken":0},{"event_name":"Addict","player_choice":"Ignored","floor":22,"damage_taken":0},{"event_name":"Forgotten Altar","player_choice":"Smashed Altar","floor":31,"damage_taken":0},{"event_name":"Mysterious Sphere","player_choice":"Fight","floor":38,"damage_taken":0}],"boss_relics":[{"not_picked":["Lizard Tail","Tiny House"],"picked":"Busted Crown"},{"not_picked":["Runic Dome","Black Star"],"picked":"Inserter"}],"items_purged_floors":[],"is_endless":false,"potions_floor_spawned":[2,10,13,14,24,28,29,30,35,41,48],"ascension_level":15}