{"path_per_floor":["M","M","$","?","M","R","E","R","T","T","M","R","?","E","R","B",null,"M","?","$","?","?","R","E","$","T","M","M","R","$","M","R","B",null,"M","M","?"],"character_chosen":"IRONCLAD","items_purchased":["Headbutt","Trip","Shrug It Off"],"gold_per_floor":[110,122,21,21,39,39,71,71,94,140,151,151,151,180,180,284,284,297,247,41,41,41,41,73,73,155,171,187,187,16,29,29,124,124,144,162,162],"floor_reached":38,"campfire_rested":3,"playtime":1833,"current_hp_per_floor":[80,66,66,50,56,56,48,80,80,80,80,80,80,69,69,62,80,72,72,72,72,72,72,44,44,44,37,25,64,64,46,80,18,80,56,31,31],"items_purged":["Strike_R","Strike_R","Strike_R"],"gold":162,"score":385,"play_id":"75e6001c-3de1-4f2e-bea6-717ae12f6d82","local_time":"20180309135933","is_prod":false,"is_daily":false,"is_ascension_mode":true,"campfire_upgraded":4,"timestamp":1520600373,"path_taken":["M","M","$","?","M","R","E","R","T","?","M","R","?","E","R","BOSS","M","?","$","?","?","R","E","$","T","?","M","R","?","M","R","BOSS","M","M","?","M"],"build_version":"2018-03-01-PROD1","purchased_purges":3,"victory":false,"master_deck":["Strike_R+1","Defend_R+1","Defend_R","Defend_R","Bash","Body Slam+1","Ghostly Armor+1","Headbutt","Barricade+1","Body Slam+1","Juggernaut+1","Seeing Red","Trip","Twin Strike","Shrug It Off","Double Tap","Anger+1","Rage+1","Fiend Fire+1"],"max_hp_per_floor":[80,80,80,80,80,80,80,80,80,80,80,80,80,80,80,80,80,80,80,80,80,80,80,80,80,80,80,80,80,80,80,80,80,80,80,80,80],"relics":["Burning Blood","Regal Pillow","Anchor","Art of War","Bag of Marbles","Omamori","Sozu","Torii","Ancient Tea Set","Tiny Chest","Astrolabe"],"card_choices":[{"not_picked":["True Grit","Entrench"],"picked":"Body Slam"},{"not_picked":["Second Wind","Power Through"],"picked":"Ghostly Armor"},{"not_picked":["Iron Wave","Thunderclap"],"picked":"Perfected Strike"},{"not_picked":["Hemokinesis","Combust"],"picked":"Barricade"},{"not_picked":["Dual Wield","Searing Blow"],"picked":"Body Slam"},{"not_picked":["Immolate","Berserk"],"picked":"Juggernaut"},{"not_picked":["Clothesline","Heavy Blade"],"picked":"Seeing Red"},{"not_picked":["Cleave","Berserk"],"picked":"Twin Strike"},{"not_picked":["Juggernaut","Feed"],"picked":"Double Tap"}],"player_experience":174101,"potions_floor_usage":[14,16,24],"damage_taken":[{"damage":2,"enemies":"2 Louse","floor":1,"turns":3},{"damage":20,"enemies":"Small Slimes","floor":2,"turns":5},{"damage":0,"enemies":"Jaw Worm","floor":5,"turns":3},{"damage":14,"enemies":"3 Sentries","floor":7,"turns":8},{"damage":0,"enemies":"2 Fungi Beasts","floor":11,"turns":3},{"damage":17,"enemies":"Gremlin Nob","floor":14,"turns":4},{"damage":13,"enemies":"Hexaghost","floor":16,"turns":8},{"damage":14,"enemies":"3 Byrds","floor":18,"turns":6},{"damage":34,"enemies":"Slavers","floor":24,"turns":6},{"damage":13,"enemies":"Spheric Guardian","floor":27,"turns":4},{"damage":18,"enemies":"Cultist and Chosen","floor":28,"turns":6},{"damage":24,"enemies":"Centurion and Healer","floor":31,"turns":4},{"damage":68,"enemies":"Collector","floor":33,"turns":17},{"damage":30,"enemies":"3 Shapes","floor":35,"turns":4},{"damage":31,"enemies":"3 Darklings","floor":36,"turns":10},{"damage":46,"enemies":"Maw","floor":38,"turns":5}],"event_choices":[{"event_name":"Shining Light","player_choice":"Entered Light","floor":4,"damage_taken":0},{"event_name":"Living Wall","player_choice":"Grow","floor":13,"damage_taken":0},{"event_name":"The Joust","player_choice":"Bet on Owner","floor":19,"damage_taken":0},{"event_name":"The Mausoleum","player_choice":"Yes","floor":21,"damage_taken":0},{"event_name":"Forgotten Altar","player_choice":"Smashed Altar","floor":22,"damage_taken":0},{"event_name":"Mysterious Sphere","player_choice":"Ignore","floor":37,"damage_taken":0}],"boss_relics":[{"not_picked":["Runic Dome","Runic Cube"],"picked":"Sozu"},{"not_picked":["Philosopher\u0027s Stone","Velvet Choker"],"picked":"Astrolabe"}],"potions_floor_spawned":[1,5,7,11,18,28,31],"seed_played":"4020075233243115471","killed_by":"Maw","ascension_level":2,"is_trial":false}