{"gold_per_floor":[116,116,194,48,63,63,93,93,93,93,111,139,39,39,39,114,114,126,126,137,57,75,75,102,102,126,156,156,156,156,171,171,244,244,258,268,282,3,3,3,32,46,346,346,381,381,381,396,396,396],"floor_reached":51,"playtime":2498,"items_purged":["Doubt","Normality","Regret"],"score":1350,"play_id":"03556a50-9a0b-414d-9c1c-35ace8e60d2d","local_time":"20180709001507","is_ascension_mode":true,"campfire_choices":[{"data":"Go for the Eyes","floor":6.0,"key":"SMITH"},{"floor":10.0,"key":"REST"},{"floor":15.0,"key":"REST"},{"data":"Defragment","floor":23.0,"key":"SMITH"},{"floor":25.0,"key":"REST"},{"data":"Defragment","floor":28.0,"key":"SMITH"},{"data":"Loop","floor":32.0,"key":"SMITH"},{"data":"Defragment","floor":40,"key":"SMITH"},{"data":"Chill","floor":44,"key":"SMITH"},{"floor":46,"key":"REST"},{"floor":49,"key":"REST"}],"neow_cost":"","seed_source_timestamp":95590152733985,"circlet_count":0,"master_deck":["Strike_B","Strike_B","Strike_B","Strike_B","Defend_B","Defend_B","Defend_B","Zap+1","Dualcast","AscendersBane","Go for the Eyes+1","Capacitor","Blizzard+1","Glacier","Sweeping Beam","BootSequence","Creative AI","Defragment+1","Defragment+1","Chill+1","Sweeping Beam","Leap","Blizzard","Coolheaded","Glacier+1","Loop+1","Seek","Leap","Loop","Coolheaded","Defragment+1","Capacitor","Defragment+1","Cold Snap+1","Writhe","Capacitor+1","Coolheaded+1"],"special_seed":0,"relics":["Cursed Key","Gremlin Horn","Juzu Bracelet","Meat on the Bone","Ornamental Fan","Odd Mushroom","Orrery","Symbiotic Virus","Ancient Tea Set","The Courier","Runic Dome","Blue Candle","Old Coin","Omamori"],"potions_floor_usage":[45],"damage_taken":[{"damage":0.0,"enemies":"Cultist","floor":1.0,"turns":3.0},{"damage":7.0,"enemies":"Jaw Worm","floor":5.0,"turns":3.0},{"damage":32.0,"enemies":"Lagavulin","floor":7.0,"turns":8.0},{"damage":0.0,"enemies":"2 Louse","floor":11.0,"turns":4.0},{"damage":5.0,"floor":12.0,"turns":4.0},{"damage":35.0,"enemies":"Slime Boss","floor":16.0,"turns":13.0},{"damage":5.0,"enemies":"Chosen","floor":18.0,"turns":8.0},{"damage":14.0,"enemies":"3 Byrds","floor":20.0,"turns":5.0},{"damage":4.0,"enemies":"Slaver and Parasite","floor":22.0,"turns":8.0},{"damage":23.0,"enemies":"Book of Stabbing","floor":24.0,"turns":12.0},{"damage":19.0,"enemies":"Gremlin Leader","floor":27.0,"turns":8.0},{"damage":10.0,"enemies":"Snake Plant","floor":31.0,"turns":9.0},{"damage":11.0,"enemies":"Champ","floor":33.0,"turns":20.0},{"damage":9.0,"enemies":"Flame Bruiser 1 Orb","floor":35.0,"turns":9.0},{"damage":19,"enemies":"3 Shapes","floor":36,"turns":6},{"damage":19,"enemies":"Sphere and 2 Shapes","floor":37,"turns":6},{"damage":0,"enemies":"Giant Head","floor":41,"turns":14},{"damage":19,"enemies":"3 Darklings","floor":42,"turns":7},{"damage":29,"enemies":"2 Orb Walkers","floor":45,"turns":8},{"damage":25,"enemies":"Spire Growth","floor":48,"turns":5},{"damage":32,"enemies":"Donu and Deca","floor":50,"turns":16}],"seed_played":"-5122557698747000774","potions_obtained":[{"floor":11.0,"key":"Block Potion"},{"floor":16.0,"key":"GamblersBrew"},{"floor":18.0,"key":"Poison Potion"},{"floor":27.0,"key":"SneckoOil"},{"floor":30.0,"key":"Fruit Juice"},{"floor":31.0,"key":"FocusPotion"}],"is_trial":false,"path_per_floor":["M","?","T","$","M","R","E","?","T","R","M","?","$","?","R","B",null,"M","?","M","$","M","R","E","R","T","E","R","?","?","M","R","B",null,"M","M","M","$","?","R","E","M","T","R","E","R","?","M","R","B"],"character_chosen":"DEFECT","items_purchased":["Capacitor","Leap","Blizzard","Defragment","Capacitor","Defragment"],"campfire_rested":5,"item_purchase_floors":[],"current_hp_per_floor":[64,57,57,57,50,50,18,7,7,28,40,47,47,26,47,24,59,54,54,40,40,36,36,25,46,46,39,39,39,39,46,46,47,69,60,41,34,34,34,34,46,39,39,39,22,44,44,31,53,33],"gold":396,"neow_bonus":"","is_prod":false,"is_daily":false,"chose_seed":false,"campfire_upgraded":6,"win_rate":0,"timestamp":1531120507,"path_taken":["M","?","?","$","M","R","E","?","T","R","M","?","$","?","R","BOSS","M","?","M","$","M","R","E","R","T","E","R","?","?","M","R","BOSS","M","M","M","$","?","R","E","M","T","R","E","R","?","M","R","BOSS"],"build_version":"2018-07-05","purchased_purges":3,"victory":true,"max_hp_per_floor":[71,71,71,71,71,71,71,71,71,71,71,71,71,71,71,71,71,71,71,71,71,71,71,71,71,71,71,71,71,71,76,76,76,76,76,76,76,76,76,76,76,76,76,76,76,76,76,76,76,76],"card_choices":[{"not_picked":["Tempest","Force Field"],"picked":"Go for the Eyes","floor":1.0},{"not_picked":["Turbo","Recycle"],"picked":"Blizzard","floor":5.0},{"not_picked":["Coolheaded","Ball Lightning"],"picked":"Glacier","floor":7.0},{"not_picked":["Compile Driver","Rebound"],"picked":"Sweeping Beam","floor":11.0},{"not_picked":["Genetic Algorithm","Steam"],"picked":"BootSequence","floor":12.0},{"not_picked":["Reboot","Electrodynamics"],"picked":"Creative AI","floor":16.0},{"not_picked":["Gash","Steam"],"picked":"Defragment","floor":17.0},{"not_picked":["Tempest","Compile Driver"],"picked":"Defragment","floor":17.0},{"not_picked":["Beam Cell","Auto Shields"],"picked":"Chill","floor":17.0},{"not_picked":["Recycle","Streamline"],"picked":"Sweeping Beam","floor":17.0},{"not_picked":["Thunder Strike","Barrage"],"picked":"Coolheaded","floor":24.0},{"not_picked":["Coolheaded","Go for the Eyes"],"picked":"Glacier+1","floor":27.0},{"not_picked":["Conserve Battery","FTL"],"picked":"Loop","floor":31.0},{"not_picked":["Creative AI","Electrodynamics"],"picked":"Seek","floor":33.0},{"not_picked":["Darkness","Undo+1"],"picked":"Leap","floor":35.0},{"not_picked":["Leap","Tempest"],"picked":"Loop","floor":36},{"not_picked":["Leap","Melter"],"picked":"Coolheaded","floor":37},{"not_picked":["Redo","Streamline"],"picked":"Cold Snap+1","floor":41},{"not_picked":["Leap","Barrage"],"picked":"Hologram","floor":42},{"not_picked":["Conserve Battery","Scrape"],"picked":"Capacitor+1","floor":45},{"not_picked":["Sweeping Beam","Conserve Battery"],"picked":"Coolheaded+1","floor":48}],"player_experience":532125,"relics_obtained":[{"floor":3.0,"key":"Gremlin Horn"},{"floor":7.0,"key":"Juzu Bracelet"},{"floor":9.0,"key":"Ornamental Fan"},{"floor":12.0,"key":"Odd Mushroom"},{"floor":24.0,"key":"Symbiotic Virus"},{"floor":26.0,"key":"Ancient Tea Set"},{"floor":27.0,"key":"The Courier"},{"floor":41,"key":"Blue Candle"},{"floor":43,"key":"Old Coin"},{"floor":45,"key":"Omamori"}],"event_choices":[{"event_name":"Golden Wing","player_choice":"Card Removal","floor":2.0,"damage_taken":0.0},{"event_name":"Scrap Ooze","player_choice":"success","floor":8.0,"damage_taken":11.0},{"event_name":"Mushrooms","player_choice":"Fought Mushrooms","floor":12.0,"damage_taken":0.0},{"event_name":"Shining Light","player_choice":"Entered Light","floor":14.0,"damage_taken":0.0},{"event_name":"The Mausoleum","player_choice":"No","floor":19.0,"damage_taken":0.0},{"event_name":"Drug Dealer","player_choice":"Ignored","floor":29.0,"damage_taken":0.0},{"event_name":"The Lab","player_choice":"Got Potions","floor":30.0,"damage_taken":0.0},{"event_name":"Upgrade Shrine","player_choice":"Upgraded","floor":39,"damage_taken":0},{"event_name":"Falling","player_choice":"Removed Skill","floor":47,"damage_taken":0}],"boss_relics":[{"not_picked":["Tiny House","Runic Pyramid"],"picked":"Orrery"},{"not_picked":["Black Star","Calling Bell"],"picked":"Runic Dome"}],"items_purged_floors":[],"is_endless":false,"potions_floor_spawned":[11,16,18,27,31,36,37,42],"ascension_level":15}