{"gold_per_floor":[110,110,121,141,158,158,168,179,202,220,220,231,231,241,241,343,343,361,140,160,180,197,197],"floor_reached":23,"playtime":1158,"items_purged":["Strike_B"],"score":191,"play_id":"9e37c340-5574-426a-aced-f96a8f6631ef","local_time":"20190131232028","is_ascension_mode":false,"campfire_choices":[{"data":"Zap","floor":6,"key":"SMITH"},{"data":"Zap","floor":11,"key":"SMITH"},{"data":"Creative AI","floor":13,"key":"SMITH"},{"data":"Defragment","floor":15,"key":"SMITH"}],"neow_cost":"NONE","seed_source_timestamp":7101065439196,"circlet_count":0,"master_deck":["Strike_B","Strike_B","Strike_B","Defend_B","Defend_B","Defend_B","Defend_B","Zap+1","Dualcast","Buffer","Creative AI+1","Zap+1","Skim","Core Surge","Go for the Eyes","Ball Lightning","Hologram","Defragment+1","Conserve Battery","Glacier","Core Surge","Meteor Strike","Conserve Battery","White Noise+1","Coolheaded"],"special_seed":0,"relics":["Cracked Core","Lantern","Busted Crown"],"potions_floor_usage":[8,12,14,16,20,23],"damage_taken":[{"damage":1.0,"enemies":"Jaw Worm","floor":1.0,"turns":3.0},{"damage":0.0,"enemies":"Cultist","floor":3.0,"turns":4.0},{"damage":2,"enemies":"Small Slimes","floor":4,"turns":5},{"damage":9,"enemies":"2 Fungi Beasts","floor":5,"turns":4},{"damage":6,"enemies":"Exordium Wildlife","floor":7,"turns":4},{"damage":12,"enemies":"3 Louse","floor":8,"turns":2},{"damage":10,"enemies":"Gremlin Gang","floor":10,"turns":4},{"damage":0,"enemies":"Lots of Slimes","floor":12,"turns":2},{"damage":0,"enemies":"3 Louse","floor":14,"turns":3},{"damage":7,"enemies":"Hexaghost","floor":16,"turns":13},{"damage":0,"enemies":"Chosen","floor":18,"turns":4},{"damage":10,"enemies":"3 Byrds","floor":20,"turns":3},{"damage":31,"enemies":"3 Cultists","floor":21,"turns":6},{"damage":2,"enemies":"Cultist and Chosen","floor":22,"turns":6},{"damage":40,"enemies":"Slavers","floor":23,"turns":3}],"seed_played":"6405693644175875948","potions_obtained":[{"floor":3.0,"key":"Strength Potion"},{"floor":7,"key":"AttackPotion"},{"floor":10,"key":"Fire Potion"},{"floor":12,"key":"EssenceOfSteel"},{"floor":18,"key":"AttackPotion"},{"floor":22,"key":"EssenceOfSteel"}],"is_trial":false,"path_per_floor":["M","?","M","M","M","R","M","M","T","M","R","M","R","M","R","B",null,"M","$","M","M","M","E"],"character_chosen":"DEFECT","items_purchased":["Meteor Strike"],"campfire_rested":0,"item_purchase_floors":[19],"current_hp_per_floor":[74,74,74,72,63,63,57,45,45,35,35,35,35,35,35,28,75,75,75,65,34,32,0],"gold":197,"neow_bonus":"ONE_RANDOM_RARE_CARD","is_prod":false,"is_daily":false,"chose_seed":false,"campfire_upgraded":4,"win_rate":0,"timestamp":1548998428,"path_taken":["M","?","M","M","?","R","M","M","T","M","R","M","R","?","R","BOSS","M","$","?","M","M","E"],"build_version":"2019-01-23","purchased_purges":1,"victory":false,"max_hp_per_floor":[75,75,75,75,75,75,75,75,75,75,75,75,75,75,75,75,75,75,75,75,75,75,75],"card_choices":[{"not_picked":["Redo","Compile Driver","Gash"],"picked":"SKIP","floor":1.0},{"not_picked":["Leap","Streamline"],"picked":"Skim","floor":3.0},{"not_picked":["Barrage","Gash"],"picked":"Core Surge","floor":4},{"not_picked":["Gash","Steam"],"picked":"Go for the Eyes","floor":5},{"not_picked":["White Noise","Barrage"],"picked":"Ball Lightning","floor":7},{"not_picked":["Heatsinks","Coolheaded"],"picked":"Hologram","floor":8},{"not_picked":["Barrage","Conserve Battery"],"picked":"Defragment","floor":10},{"not_picked":["Stack","Go for the Eyes"],"picked":"Conserve Battery","floor":12},{"not_picked":["Blizzard","Barrage"],"picked":"Glacier","floor":14},{"not_picked":["Reboot","Meteor Strike"],"picked":"Core Surge","floor":16},{"not_picked":["Streamline+1"],"picked":"SKIP","floor":18},{"not_picked":[],"picked":"Conserve Battery","floor":20},{"not_picked":[],"picked":"White Noise+1","floor":21},{"not_picked":[],"picked":"Coolheaded","floor":22}],"player_experience":684783,"relics_obtained":[{"floor":9,"key":"Lantern"}],"event_choices":[{"damage_healed":0.0,"max_hp_gain":0.0,"max_hp_loss":0.0,"gold_gain":0.0,"event_name":"Match and Keep!","player_choice":"2 cards matched","floor":2.0,"gold_loss":0.0,"damage_taken":0.0,"cards_obtained":["Creative AI","Zap"]}],"is_beta":false,"boss_relics":[{"not_picked":["Velvet Choker","Philosopher\u0027s Stone"],"picked":"Busted Crown"}],"items_purged_floors":[19],"is_endless":false,"potions_floor_spawned":[3,7,10,12,18,22],"killed_by":"Slavers","ascension_level":0}