{"path_per_floor":["M","M","$","?","M","R","M","R","T","E","R","$","R","M","R","B",null,"M","M","$","?","M","R","M","R","T","M","$","?","?","M","R","B",null,"M","?","M","M","T","R","M","$","T","?","R","?","R","M","R","B"],"character_chosen":"THE_SILENT","items_purchased":["Infinite Blades","Sucker Punch","Dash","Malaise","Dagger Spray"],"gold_per_floor":[112,122,16,16,33,33,48,48,48,81,81,6,6,19,19,114,114,130,144,0,0,13,13,25,25,52,65,14,14,14,28,28,131,131,146,146,165,182,231,231,248,148,148,194,194,194,194,214,214,214],"floor_reached":51,"campfire_rested":0,"playtime":2411,"current_hp_per_floor":[69,69,69,69,69,69,65,65,65,60,60,60,60,52,52,45,70,67,67,67,67,59,59,56,56,56,53,53,70,70,70,70,70,70,70,70,63,55,55,55,49,49,49,35,35,61,61,61,61,11],"items_purged":["Strike_G","Dagger Spray"],"gold":214,"score":697,"play_id":"1deb4c25-a448-4c20-8879-8d8d1c3505e9","local_time":"20180420105105","is_prod":false,"is_daily":false,"chose_seed":false,"is_ascension_mode":false,"campfire_upgraded":12,"timestamp":1524214265,"path_taken":["M","M","$","?","M","R","M","R","T","E","R","$","R","M","R","BOSS","M","M","$","?","M","R","?","R","T","M","$","?","?","M","R","BOSS","M","?","M","M","?","R","M","$","T","?","R","?","R","M","R","BOSS"],"build_version":"2018-04-19","seed_source_timestamp":40026706993822,"purchased_purges":2,"victory":true,"master_deck":["Defend_G","Defend_G","Defend_G","Defend_G","Defend_G","Survivor+1","Neutralize","Dagger Spray+1","Dodge and Roll","Finisher","Infinite Blades+1","Sucker Punch+1","Footwork","Envenom+1","Dash+1","A Thousand Cuts+1","Catalyst+1","Cloak And Dagger+1","Malaise+1","Backflip+1","Deflect+1","After Image","Dagger Spray+1","Bane+1","Tools of the Trade+1","Cloak And Dagger+1","Well Laid Plans","Blade Dance+1","Dodge and Roll+1","Accuracy+1"],"max_hp_per_floor":[70,70,70,70,70,70,70,70,70,70,70,70,70,70,70,70,70,70,70,70,70,70,70,70,70,70,70,70,70,70,70,70,70,70,70,70,70,70,70,70,70,70,70,70,70,61,61,61,61,61],"relics":["Ring of the Snake","Bag of Preparation","Bottled Flame","Sozu","War Paint","Astrolabe","Bag of Marbles","Tough Bandages","Torii"],"card_choices":[{"not_picked":["Acrobatics","Accuracy"],"picked":"Dagger Spray","floor":0},{"not_picked":["Underhanded Strike","Acrobatics"],"picked":"Dodge and Roll","floor":1},{"not_picked":["Distraction","Underhanded Strike"],"picked":"Finisher","floor":2},{"not_picked":["PiercingWail","Blur"],"picked":"Footwork","floor":5},{"not_picked":["Dagger Spray","Noxious Fumes"],"picked":"Envenom","floor":7},{"not_picked":["Storm of Steel","Tools of the Trade"],"picked":"A Thousand Cuts","floor":16},{"not_picked":["Prepared","Dagger Throw"],"picked":"Catalyst","floor":18},{"not_picked":["Bane","Underhanded Strike"],"picked":"Cloak And Dagger","floor":19},{"not_picked":["Acrobatics","Terror"],"picked":"Backflip","floor":22},{"not_picked":["Night Terror","Endless Agony"],"picked":"Deflect","floor":24},{"not_picked":["Storm of Steel","Corpse Explosion"],"picked":"After Image","floor":33},{"not_picked":["Deadly Poison","Flying Knee"],"picked":"Cloak And Dagger","floor":35},{"not_picked":["Setup","Dagger Throw"],"picked":"Well Laid Plans","floor":37},{"not_picked":["Slice","Caltrops"],"picked":"Blade Dance","floor":38},{"not_picked":["Dagger Throw","Flechettes"],"picked":"Dodge and Roll","floor":41},{"not_picked":["Flying Knee","Backflip"],"picked":"Accuracy","floor":44}],"player_experience":490605,"potions_floor_usage":[10,16,24,24],"damage_taken":[{"damage":1,"enemies":"Jaw Worm","floor":1,"turns":5},{"damage":0,"enemies":"2 Louse","floor":2,"turns":2},{"damage":0,"enemies":"Small Slimes","floor":5,"turns":3},{"damage":4,"enemies":"Blue Slaver","floor":7,"turns":4},{"damage":5,"enemies":"Lagavulin","floor":10,"turns":4},{"damage":8,"enemies":"Red Slaver","floor":14,"turns":4},{"damage":22,"enemies":"Hexaghost","floor":16,"turns":11},{"damage":3,"enemies":"Shell Parasite","floor":18,"turns":6},{"damage":0,"enemies":"3 Byrds","floor":19,"turns":3},{"damage":8,"enemies":"Snecko","floor":22,"turns":5},{"damage":3,"enemies":"3 Cultists","floor":24,"turns":5},{"damage":3,"enemies":"Snake Plant","floor":27,"turns":6},{"damage":0,"enemies":"Cultist and Chosen","floor":31,"turns":7},{"damage":0,"enemies":"Automaton","floor":33,"turns":10},{"damage":0,"enemies":"Orb Walker","floor":35,"turns":4},{"damage":7,"enemies":"3 Shapes","floor":37,"turns":6},{"damage":8,"enemies":"Sphere and 2 Shapes","floor":38,"turns":5},{"damage":6,"enemies":"3 Darklings","floor":41,"turns":3},{"damage":14,"enemies":"Sphère mystérieuse","floor":44,"turns":5},{"damage":0,"enemies":"Maw","floor":48,"turns":6},{"damage":50,"enemies":"Awakened One","floor":50,"turns":13}],"event_choices":[{"event_name":"The Cleric","player_choice":"Leave","floor":4,"damage_taken":0},{"event_name":"Back to Basics","player_choice":"Elegance","floor":21,"damage_taken":0},{"event_name":"The Library","player_choice":"Heal","floor":29,"damage_taken":0},{"event_name":"The Lab","player_choice":"Got Potions","floor":30,"damage_taken":0},{"event_name":"Tomb of Lord Red Mask","player_choice":"Ignored","floor":36,"damage_taken":0},{"event_name":"Mysterious Sphere","player_choice":"Fight","floor":44,"damage_taken":0},{"event_name":"The Moai Head","player_choice":"Heal","floor":46,"damage_taken":0}],"boss_relics":[{"not_picked":["Philosopher\u0027s Stone","White Beast Statue"],"picked":"Sozu"},{"not_picked":["Calling Bell","Velvet Choker"],"picked":"Astrolabe"}],"potions_floor_spawned":[2,7,10,14,16,22,31,33,38],"seed_played":"632594092293887195","ascension_level":0,"is_trial":false}