{"gold_per_floor":[115,40,40,115,135,135,135,135,135,153,168,168,46,64,64,185,185,205,0,0,19,44,44,44],"floor_reached":24,"playtime":1267,"items_purged":["Strike_B","Defend_B"],"score":186,"play_id":"1fde9d39-b57f-4abb-8ad3-0559e0975d0a","local_time":"20181205164020","is_ascension_mode":false,"campfire_choices":[{"data":"Zap","floor":6,"key":"SMITH"},{"data":"Defragment","floor":8,"key":"SMITH"},{"data":"Chill","floor":12,"key":"SMITH"},{"data":"Hello World","floor":15,"key":"SMITH"},{"floor":23,"key":"REST"}],"neow_cost":"NONE","seed_source_timestamp":781323950427298,"circlet_count":0,"master_deck":["Strike_B","Strike_B","Defend_B","Zap+1","Dualcast","Defragment+1","Injury","Genetic Algorithm","Force Field","Rebound","Chill+1","Conserve Battery","Hello World+1","Buffer","Rip and Tear","Gash","Fusion","Sweeping Beam","Streamline+1"],"relics":["Cracked Core","NeowsBlessing","Golden Idol","The Courier","Eternal Feather"],"potions_floor_usage":[18,21],"damage_taken":[{"damage":0,"enemies":"Jaw Worm","floor":1,"turns":1},{"damage":0,"enemies":"Small Slimes","floor":5,"turns":1},{"damage":0,"enemies":"Cultist","floor":10,"turns":1},{"damage":8,"enemies":"3 Louse","floor":11,"turns":3},{"damage":6,"enemies":"Looter","floor":14,"turns":3},{"damage":21,"enemies":"Slime Boss","floor":16,"turns":8},{"damage":19,"enemies":"2 Thieves","floor":18,"turns":4},{"damage":0,"enemies":"3 Byrds","floor":21,"turns":6},{"damage":19,"enemies":"Centurion and Healer","floor":22,"turns":9},{"damage":72,"enemies":"Gremlin Leader","floor":24,"turns":6}],"seed_played":"1788595262932051862","potions_obtained":[{"floor":5,"key":"Ancient Potion"},{"floor":11,"key":"GamblersBrew"},{"floor":16,"key":"Energy Potion"}],"is_trial":false,"path_per_floor":["M","$","?","?","M","R","?","R","T","M","M","R","$","M","R","B",null,"M","?","?","M","M","R","E"],"character_chosen":"DEFECT","items_purchased":["Conserve Battery"],"campfire_rested":1,"item_purchase_floors":[13],"current_hp_per_floor":[75,75,75,64,64,64,64,64,64,64,56,56,56,50,50,29,75,56,56,56,56,37,68,0],"gold":44,"neow_bonus":"THREE_ENEMY_KILL","is_prod":false,"is_daily":false,"chose_seed":false,"campfire_upgraded":4,"win_rate":0,"timestamp":1543981220,"path_taken":["M","$","?","?","M","R","?","R","T","M","?","R","$","M","R","BOSS","M","?","?","?","M","R","E"],"build_version":"2018-11-15","purchased_purges":2,"victory":false,"max_hp_per_floor":[75,75,75,75,75,75,75,75,75,75,75,75,75,75,75,75,75,75,75,75,75,75,75,75],"card_choices":[{"not_picked":["Cold Snap","Doom and Gloom"],"picked":"Defragment","floor":1},{"not_picked":["Rebound","Cold Snap"],"picked":"Genetic Algorithm","floor":5},{"not_picked":["Cold Snap","Steam"],"picked":"Rebound","floor":10},{"not_picked":["Ball Lightning","Hologram"],"picked":"Chill","floor":11},{"not_picked":["Turbo","Beam Cell"],"picked":"Hello World","floor":14},{"not_picked":["Creative AI","Hyperbeam"],"picked":"Buffer","floor":16},{"not_picked":["Barrage","Auto Shields"],"picked":"Rip and Tear","floor":18},{"not_picked":["Go for the Eyes","BootSequence"],"picked":"Sweeping Beam","floor":21},{"not_picked":["Redo","Leap+1"],"picked":"Streamline+1","floor":22}],"player_experience":358197,"relics_obtained":[{"floor":9,"key":"The Courier"}],"event_choices":[{"damage_healed":0,"gold_gain":0,"player_choice":"Take Wound","damage_taken":0,"relics_obtained":["Golden Idol"],"max_hp_gain":0,"max_hp_loss":0,"event_name":"Golden Idol","floor":3,"gold_loss":0,"cards_obtained":["Injury"]},{"damage_healed":0,"gold_gain":75,"player_choice":"Gather Gold","damage_taken":11,"max_hp_gain":0,"max_hp_loss":0,"event_name":"World of Goop","floor":4,"gold_loss":0},{"damage_healed":0,"gold_gain":0,"cards_transformed":["Defend_B"],"player_choice":"Transformed","damage_taken":0,"max_hp_gain":0,"max_hp_loss":0,"event_name":"Transmorgrifier","floor":7,"gold_loss":0,"cards_obtained":["Force Field"]},{"damage_healed":0,"gold_gain":0,"player_choice":"Paid Fearfully","damage_taken":0,"max_hp_gain":0,"max_hp_loss":0,"event_name":"Masked Bandits","floor":19,"gold_loss":205},{"damage_healed":0,"gold_gain":0,"cards_transformed":["Strike_B","Defend_B"],"player_choice":"Became Test Subject","damage_taken":0,"max_hp_gain":0,"max_hp_loss":0,"event_name":"Drug Dealer","floor":20,"gold_loss":0,"cards_obtained":["Gash","Fusion"]}],"is_beta":false,"boss_relics":[{"not_picked":["Snecko Eye","Runic Pyramid"],"picked":"Eternal Feather"}],"items_purged_floors":[2,13],"is_endless":false,"potions_floor_spawned":[5,11,16],"killed_by":"Gremlin Leader","ascension_level":0}