{"gold_per_floor":[110,35,35,35,35,35,47,222,222,257,257,257,277,288,288,385,385,402,402,402,23,23,23,32,45,71,101,101],"floor_reached":28,"playtime":913,"items_purged":["Phantasmal Killer","Doubt"],"score":329,"play_id":"fc75b802-a54c-4279-ad1a-cd31867f9406","local_time":"20181009105809","daily_mods":["Specialized","Green Cards","Night Terrors"],"is_ascension_mode":true,"campfire_choices":[{"data":"Blade Dance","floor":6,"key":"SMITH"},{"data":"Phantasmal Killer","floor":11,"key":"SMITH"},{"data":"Armaments","floor":15,"key":"SMITH"},{"floor":23,"key":"REST"}],"neow_cost":"","seed_source_timestamp":0,"circlet_count":0,"master_deck":["Strike_R+1","Strike_R+1","Strike_R+1","Strike_R+1","Strike_R+1","Defend_R+1","Defend_R+1","Defend_R+1","Defend_R+1","Bash","Phantasmal Killer","Phantasmal Killer","Phantasmal Killer+1","Blade Dance+1","Dodge and Roll","Armaments+1","Dagger Throw+1","Terror","Storm of Steel","Shrug It Off+1","Blade Dance+1","Blade Dance+1","Dodge and Roll","Envenom","Backflip+1"],"relics":["Burning Blood","Kunai","Bottled Lightning","Molten Egg 2","Mark of Pain","Nilry\u0027s Codex","DollysMirror","Dream Catcher","War Paint"],"potions_floor_usage":[18,27],"damage_taken":[{"damage":6,"enemies":"Jaw Worm","floor":1,"turns":5},{"damage":6,"enemies":"Cultist","floor":7,"turns":3},{"damage":48,"enemies":"3 Sentries","floor":10,"turns":9},{"damage":0,"enemies":"Small Slimes","floor":13,"turns":4},{"damage":6,"enemies":"Looter","floor":14,"turns":3},{"damage":42,"enemies":"The Guardian","floor":16,"turns":13},{"damage":20,"enemies":"Shell Parasite","floor":18,"turns":5},{"damage":20,"enemies":"2 Thieves","floor":24,"turns":4},{"damage":5,"enemies":"Centurion and Healer","floor":25,"turns":4},{"damage":59,"enemies":"Slavers","floor":27,"turns":7},{"damage":36,"enemies":"Snake Plant","floor":28,"turns":4}],"seed_played":"6771788918579791699","potions_obtained":[{"floor":7,"key":"SpeedPotion"},{"floor":13,"key":"EssenceOfSteel"},{"floor":16,"key":"AttackPotion"},{"floor":24,"key":"SkillPotion"},{"floor":27,"key":"GamblersBrew"}],"is_trial":true,"path_per_floor":["M","$","?","?","$","R","M","?","T","E","R","T","M","M","R","B",null,"M","?","?","$","?","R","M","M","T","E"],"character_chosen":"IRONCLAD","items_purchased":["Blade Dance","DollysMirror","Dodge and Roll"],"campfire_rested":1,"item_purchase_floors":[21,21,21],"current_hp_per_floor":[72,72,90,95,95,95,95,95,95,53,53,53,59,59,59,23,77,63,44,28,28,28,95,81,82,82,29,0],"gold":101,"neow_bonus":"","is_prod":false,"is_daily":false,"chose_seed":false,"campfire_upgraded":3,"win_rate":0,"timestamp":1539075489,"path_taken":["M","$","?","?","$","R","M","?","T","E","R","?","M","M","R","BOSS","M","?","?","$","?","R","M","M","T","E","?"],"build_version":"2018-10-04v2","purchased_purges":2,"victory":false,"max_hp_per_floor":[80,80,90,95,95,95,95,95,95,95,95,95,95,95,95,95,95,95,100,100,100,100,95,95,95,95,95,95],"card_choices":[{"not_picked":["Sucker Punch","Well Laid Plans"],"picked":"Blade Dance","floor":1},{"not_picked":["Deflect","Corruption"],"picked":"Dodge and Roll","floor":7},{"not_picked":["Corruption","Anger"],"picked":"Armaments","floor":10},{"not_picked":["Thunderclap+1","Clash+1"],"picked":"Dagger Throw+1","floor":13},{"not_picked":["Shrug It Off","Reckless Charge+1"],"picked":"Terror","floor":14},{"not_picked":["Dark Embrace","Tools of the Trade"],"picked":"Storm of Steel","floor":16},{"not_picked":["Perfected Strike+1","Rupture"],"picked":"Shrug It Off","floor":18},{"not_picked":["Poisoned Stab+1","Bane+1","Distraction"],"picked":"SKIP","floor":24},{"not_picked":["Blade Dance","Wild Strike+1"],"picked":"Envenom","floor":25},{"not_picked":["Battle Trance+1","Deadly Poison"],"picked":"Backflip+1","floor":27}],"player_experience":920201,"relics_obtained":[{"floor":9,"key":"Kunai"},{"floor":10,"key":"Bottled Lightning"},{"floor":12,"key":"Molten Egg 2"},{"floor":20,"key":"Nilry\u0027s Codex"},{"floor":26,"key":"Dream Catcher"},{"floor":27,"key":"War Paint"}],"event_choices":[{"event_name":"Bonfire Elementals","player_choice":"RARE","floor":3,"damage_taken":0},{"event_name":"Big Fish","player_choice":"Donut","floor":4,"damage_taken":0},{"event_name":"Liars Game","player_choice":"agreed","floor":8,"damage_taken":0},{"event_name":"Forgotten Altar","player_choice":"Shed Blood","floor":19,"damage_taken":0},{"event_name":"Cursed Tome","player_choice":"Obtained Book","floor":20,"damage_taken":0},{"event_name":"Back to Basics","player_choice":"Simplicity","floor":22,"damage_taken":0}],"is_beta":false,"boss_relics":[{"not_picked":["Runic Pyramid","Sozu"],"picked":"Mark of Pain"}],"items_purged_floors":[2,21],"is_endless":false,"potions_floor_spawned":[7,13,16,24,27],"killed_by":"Snake Plant","ascension_level":6}