{"gold_per_floor":[112,37,37,112,35,60,73,90,141,176,176,189,219,244,256,268],"floor_reached":16,"playtime":640,"items_purged":[],"score":261,"play_id":"90a3c0bc-6258-459b-a40d-db0c274722dc","local_time":"20190130103934","is_ascension_mode":true,"campfire_choices":[{"data":"Catalyst","floor":11,"key":"SMITH"},{"floor":15,"key":"REST"}],"neow_cost":"NONE","seed_source_timestamp":95500758996324,"circlet_count":0,"master_deck":["AscendersBane","Defend_G","Defend_G","Defend_G","Defend_G","Defend_G","Strike_G","Strike_G","Strike_G","Strike_G","Survivor","Neutralize","Poisoned Stab","Wraith Form v2","Die Die Die","Deadly Poison","Poisoned Stab","Catalyst+1","Phantasmal Killer","Dodge and Roll","Dash"],"relics":["Ring of the Snake","NeowsBlessing","Happy Flower","Orichalcum","Peace Pipe","MawBank"],"potions_floor_usage":[10,13,14],"damage_taken":[{"damage":0,"enemies":"Jaw Worm","floor":1,"turns":1},{"damage":0,"enemies":"3 Sentries","floor":6,"turns":1},{"damage":0,"enemies":"Small Slimes","floor":7,"turns":1},{"damage":0,"enemies":"2 Louse","floor":8,"turns":2},{"damage":26,"enemies":"Gremlin Nob","floor":10,"turns":4},{"damage":10,"enemies":"Large Slime","floor":12,"turns":6},{"damage":6,"enemies":"3 Sentries","floor":13,"turns":5},{"damage":0,"enemies":"Blue Slaver","floor":14,"turns":3},{"damage":27,"enemies":"Hexaghost","floor":16,"turns":9}],"seed_played":"2396649337121974845","potions_obtained":[{"floor":6,"key":"FearPotion"},{"floor":7,"key":"GhostInAJar"},{"floor":10,"key":"Fire Potion"},{"floor":13,"key":"Explosive Potion"}],"is_trial":false,"path_per_floor":["M","?","$","?","$","E","M","M","T","E","R","M","E","M","R","B"],"character_chosen":"THE_SILENT","items_purchased":["Wraith Form v2"],"campfire_rested":1,"item_purchase_floors":[5],"current_hp_per_floor":[59,59,59,48,48,48,48,48,48,22,22,12,6,6,25,0],"gold":268,"neow_bonus":"THREE_ENEMY_KILL","is_prod":false,"is_daily":false,"chose_seed":false,"campfire_upgraded":1,"win_rate":0,"timestamp":1548841174,"path_taken":["M","?","$","?","?","E","?","M","T","E","R","M","E","M","R","BOSS"],"build_version":"2019-01-23","purchased_purges":0,"victory":false,"max_hp_per_floor":[66,66,66,66,66,66,66,66,66,66,66,66,66,66,66,66],"card_choices":[{"not_picked":["Prepared","Blur"],"picked":"Poisoned Stab","floor":1},{"not_picked":["Terror","Flying Knee"],"picked":"Die Die Die","floor":6},{"not_picked":["Poisoned Stab","Sucker Punch"],"picked":"Deadly Poison","floor":7},{"not_picked":["Backflip","Dagger Throw"],"picked":"Poisoned Stab","floor":8},{"not_picked":["Escape Plan","Expertise"],"picked":"Catalyst","floor":10},{"not_picked":["Dodge and Roll","Backflip"],"picked":"Phantasmal Killer","floor":12},{"not_picked":["Finisher","Dagger Throw"],"picked":"Dodge and Roll","floor":13},{"not_picked":["Backflip","Slice"],"picked":"Dash","floor":14}],"player_experience":438132,"relics_obtained":[{"floor":6,"key":"Happy Flower"},{"floor":9,"key":"Orichalcum"},{"floor":10,"key":"Peace Pipe"},{"floor":13,"key":"MawBank"}],"event_choices":[{"cards_removed":["Strike_G"],"damage_healed":0,"gold_gain":0,"player_choice":"Card Removal","damage_taken":0,"max_hp_gain":0,"max_hp_loss":0,"event_name":"The Cleric","floor":2,"gold_loss":75},{"damage_healed":0,"gold_gain":75,"player_choice":"Gather Gold","damage_taken":11,"max_hp_gain":0,"max_hp_loss":0,"event_name":"World of Goop","floor":4,"gold_loss":0}],"is_beta":false,"boss_relics":[],"items_purged_floors":[],"is_endless":false,"potions_floor_spawned":[6,7,10,13],"killed_by":"Hexaghost","ascension_level":16}