{"path_per_floor":["M","M","M","?","M","E","M","E","T","E","?","$","?","?","R","B",null,"M","T","?","M","$","E","M","M","T","?","E","?","M","M","R","B",null,"M","?","?","$","?","M","R","E","T","E","M","R","$","M","R","B"],"character_chosen":"THE_SILENT","items_purchased":["Lantern","Dramatic Entrance","Die Die Die","Anchor","Cloak And Dagger","Swift Strike","Outmaneuver"],"gold_per_floor":[118,132,148,148,165,191,211,271,294,321,321,169,236,236,236,334,334,348,348,348,364,103,133,146,163,163,163,198,123,139,157,157,260,260,275,275,275,75,75,90,90,124,124,158,169,169,18,31,31,31],"floor_reached":51,"campfire_rested":1,"playtime":4841,"current_hp_per_floor":[70,70,70,56,56,60,60,52,52,44,32,32,32,32,32,11,80,68,68,68,67,67,57,57,49,49,49,49,49,46,46,46,32,80,80,80,70,70,70,70,70,70,70,62,56,80,80,82,82,45],"items_purged":["Normality"],"gold":31,"score":816,"play_id":"d0aa4cf3-2f80-4ee3-8ff8-8a76b94e7b66","local_time":"20180318225030","is_prod":false,"is_daily":false,"is_ascension_mode":false,"campfire_upgraded":4,"timestamp":1521409830,"path_taken":["M","M","M","?","M","E","M","E","T","E","?","?","?","?","R","BOSS","M","?","?","M","$","E","M","M","T","?","E","?","M","M","R","BOSS","M","?","?","$","?","M","R","E","T","E","M","R","$","M","R","BOSS"],"build_version":"2018-03-15v3","purchased_purges":2,"victory":true,"master_deck":["Defend_G","Defend_G","Defend_G+1","Defend_G","Defend_G","Strike_G+1","Strike_G","Strike_G","Strike_G","Survivor","Neutralize","Finisher+1","Dash","Envenom+1","Choke+1","Dagger Spray","Cloak And Dagger","Dagger Throw","Die Die Die","Phantasmal Killer+1","Parasite","Escape Plan+1","Terror+1","Accuracy+1","Dramatic Entrance","Die Die Die","Slice","PiercingWail+1","Slice","Cloak And Dagger+1","Infinite Blades+1","Riddle With Holes","Cloak And Dagger+1","Tools of the Trade+1","Finisher+1","Madness+1","Madness+1","Cloak And Dagger+1","Cloak And Dagger+1","Backflip+1","Slice","Die Die Die","Backflip+1","Swift Strike","Outmaneuver+1"],"max_hp_per_floor":[70,70,70,70,70,70,70,70,70,70,70,70,70,70,70,70,80,80,80,80,80,80,80,80,80,80,80,80,80,80,80,80,80,80,80,80,80,80,80,80,80,80,80,80,80,80,80,82,82,82],"relics":["White Beast Statue","Shuriken","Tiny Chest","Oddly Smooth Stone","Toxic Egg 2","Frozen Egg 2","Lantern","Calling Bell","Pear","Ninja Scroll","Omamori","Thread and Needle","Prayer Wheel","Bag of Marbles","Singing Bowl","Dodecahedron","Cursed Key","Anchor","Vajra","Bag of Preparation","Sundial"],"card_choices":[{"not_picked":["Accuracy","Acrobatics"],"picked":"Finisher"},{"not_picked":["Dodge and Roll","Concentrate"],"picked":"Dash"},{"not_picked":["Dash","Prepared"],"picked":"Envenom"},{"not_picked":["Escape Plan","Outmaneuver"],"picked":"Choke"},{"not_picked":["Quick Slash","Leg Sweep"],"picked":"Dagger Spray"},{"not_picked":["Sucker Punch","PiercingWail"],"picked":"Cloak And Dagger"},{"not_picked":["Leg Sweep","Concentrate"],"picked":"Dagger Throw"},{"not_picked":["All Out Attack","Backstab"],"picked":"Die Die Die"},{"not_picked":["Wraith Form","Tactician"],"picked":"Phantasmal Killer"},{"not_picked":["Dagger Throw","Bane"],"picked":"Escape Plan"},{"not_picked":["Dagger Spray","Deadly Poison"],"picked":"Accuracy"},{"not_picked":["Prepared","Corpse Explosion"],"picked":"Slice"},{"not_picked":["Well Laid Plans","Bane"],"picked":"PiercingWail"},{"not_picked":["Deadly Poison","Choke"],"picked":"Slice"},{"not_picked":["Setup","Dagger Throw"],"picked":"Cloak And Dagger"},{"not_picked":["Poisoned Stab","Doppelganger"],"picked":"Infinite Blades"},{"not_picked":["Deadly Poison","Acrobatics"],"picked":"Riddle With Holes"},{"not_picked":["Outmaneuver","Slice"],"picked":"Cloak And Dagger"},{"not_picked":["Wraith Form","Tactician"],"picked":"Tools of the Trade"},{"not_picked":["Deadly Poison","Underhanded Strike"],"picked":"Finisher"},{"not_picked":["Deadly Poison","Tactician"],"picked":"Cloak And Dagger"},{"not_picked":["Dodge and Roll","Setup"],"picked":"Backflip"},{"not_picked":["Sucker Punch","Dagger Spray"],"picked":"Slice"},{"not_picked":["Dagger Throw","Eviscerate"],"picked":"Die Die Die"},{"not_picked":["Expertise","Sucker Punch"],"picked":"Backflip"}],"player_experience":174538,"potions_floor_usage":[5,6,6,7,8,8,16,16,23,23,24,28,28,33,33,35,42,42,45,50,50,50],"damage_taken":[{"damage":0,"enemies":"2 Louse","floor":1,"turns":4},{"damage":0,"enemies":"Jaw Worm","floor":2,"turns":5},{"damage":0,"enemies":"Cultist","floor":3,"turns":3},{"damage":0,"enemies":"3 Louse","floor":5,"turns":2},{"damage":11,"enemies":"3 Sentries","floor":6,"turns":9},{"damage":0,"enemies":"Large Slime","floor":7,"turns":4},{"damage":17,"enemies":"Lagavulin","floor":8,"turns":6},{"damage":8,"enemies":"3 Sentries","floor":10,"turns":6},{"damage":21,"enemies":"Slime Boss","floor":16,"turns":10},{"damage":12,"enemies":"Spheric Guardian","floor":18,"turns":4},{"damage":1,"enemies":"Shell Parasite","floor":21,"turns":5},{"damage":10,"enemies":"Book of Stabbing","floor":23,"turns":5},{"damage":0,"enemies":"Snake Plant","floor":24,"turns":2},{"damage":8,"enemies":"Snecko","floor":25,"turns":5},{"damage":0,"enemies":"Gremlin Leader","floor":28,"turns":3},{"damage":3,"enemies":"Chosen and Byrds","floor":30,"turns":2},{"damage":0,"enemies":"Centurion and Healer","floor":31,"turns":3},{"damage":14,"enemies":"Champ","floor":33,"turns":6},{"damage":0,"enemies":"3 Darklings","floor":35,"turns":2},{"damage":0,"enemies":"Orb Walker","floor":40,"turns":2},{"damage":0,"enemies":"2 Orb Walkers","floor":42,"turns":4},{"damage":8,"enemies":"Nemesis","floor":44,"turns":5},{"damage":6,"enemies":"Maw","floor":45,"turns":3},{"damage":0,"enemies":"3 Darklings","floor":48,"turns":1},{"damage":37,"enemies":"Donu and Deca","floor":50,"turns":6}],"event_choices":[{"event_name":"Shining Light","player_choice":"Entered Light","floor":4,"damage_taken":0},{"event_name":"Scrap Ooze","player_choice":"success","floor":11,"damage_taken":12},{"event_name":"Golden Wing","player_choice":"Gained Gold","floor":13,"damage_taken":0},{"event_name":"The Woman in Blue","player_choice":"Bought 0 Potions","floor":14,"damage_taken":0},{"event_name":"The Library","player_choice":"Read","floor":20,"damage_taken":0},{"event_name":"The Mausoleum","player_choice":"Yes","floor":27,"damage_taken":0},{"event_name":"Beggar","player_choice":"Gave Gold","floor":29,"damage_taken":0},{"event_name":"Tomb of Lord Red Mask","player_choice":"Ignored","floor":36,"damage_taken":0},{"event_name":"Winding Halls","player_choice":"Embrace Madness","floor":37,"damage_taken":0}],"boss_relics":[{"not_picked":["Philosopher\u0027s Stone","Eternal Feather"],"picked":"Calling Bell"},{"not_picked":["Astrolabe","Orrery"],"picked":"Cursed Key"}],"potions_floor_spawned":[1,2,3,5,6,7,8,10,16,18,21,23,24,25,28,30,31,33,35,40,42,44,45,48],"seed_played":"2283205560627602826","ascension_level":0,"is_trial":false}