{"gold_per_floor":[209,29,29,42,42,67,67,67,114,114,140,140,150,162,162,257,257,267,267,13,13,13,13,13,0,26,26,43,74,74,84,84,188,188,206,206,217,217,228,228,238,264,264,264,281,281,356,38,38,38],"floor_reached":51,"playtime":2939,"items_purged":[],"score":1029,"play_id":"3e03e507-ce31-42a4-a3e9-db08233cf260","local_time":"20190201225730","is_ascension_mode":true,"campfire_choices":[{"data":"Apotheosis","floor":7.0,"key":"SMITH"},{"data":"Neutralize","floor":10.0,"key":"SMITH"},{"floor":12.0,"key":"REST"},{"data":"Footwork","floor":15.0,"key":"SMITH"},{"floor":24.0,"key":"REST"},{"data":"Cloak And Dagger","floor":27.0,"key":"SMITH"},{"floor":30.0,"key":"REST"},{"floor":32.0,"key":"REST"},{"floor":40.0,"key":"REST"},{"floor":44,"key":"REST"},{"floor":49,"key":"REST"}],"neow_cost":"NONE","seed_source_timestamp":32808480911699,"circlet_count":0,"master_deck":["AscendersBane","Defend_G+1","Defend_G","Defend_G","Strike_G","Strike_G","Survivor","Neutralize+1","All Out Attack","Apotheosis+1","Backflip","Footwork+1","Cloak And Dagger+1","PiercingWail","After Image+1","Expertise+1","Blur+1","Venomology+1","Poisoned Stab","Terror","Noxious Fumes","Adrenaline","Cloak And Dagger+1","Footwork+1","Calculated Gamble","Footwork","Accuracy","Blur+1","Noxious Fumes","Blade Dance"],"special_seed":0,"relics":["Ring of the Snake","Bottled Flame","Omamori","Strawberry","Astrolabe","Bottled Lightning","War Paint","Ancient Tea Set","Sozu","PreservedInsect","Snake Skull","TwistedFunnel"],"potions_floor_usage":[50],"damage_taken":[{"damage":1.0,"enemies":"Cultist","floor":1.0,"turns":4.0},{"damage":4.0,"enemies":"Small Slimes","floor":4.0,"turns":4.0},{"damage":4.0,"enemies":"Lagavulin","floor":6.0,"turns":10.0},{"damage":24.0,"enemies":"Gremlin Nob","floor":11.0,"turns":4.0},{"damage":1.0,"enemies":"2 Louse","floor":13.0,"turns":3.0},{"damage":0.0,"enemies":"Red Slaver","floor":14.0,"turns":4.0},{"damage":39.0,"enemies":"Slime Boss","floor":16.0,"turns":16.0},{"damage":6.0,"enemies":"Shell Parasite","floor":18.0,"turns":18.0},{"damage":19.0,"enemies":"Book of Stabbing","floor":23.0,"turns":12.0},{"damage":5.0,"enemies":"2 Thieves","floor":25.0,"turns":5.0},{"damage":9.0,"enemies":"Cultist and Chosen","floor":28.0,"turns":14.0},{"damage":22.0,"enemies":"Gremlin Leader","floor":29.0,"turns":12.0},{"damage":0.0,"enemies":"Centurion and Healer","floor":31.0,"turns":7.0},{"damage":49.0,"enemies":"Champ","floor":33.0,"turns":14.0},{"damage":0.0,"enemies":"3 Darklings","floor":35.0,"turns":6.0},{"damage":2.0,"enemies":"Orb Walker","floor":37.0,"turns":5.0},{"damage":2.0,"enemies":"3 Darklings","floor":39.0,"turns":9.0},{"damage":16.0,"enemies":"Sphere and 2 Shapes","floor":41.0,"turns":8.0},{"damage":14,"enemies":"Nemesis","floor":42,"turns":12},{"damage":7,"enemies":"Maw","floor":45,"turns":8},{"damage":54,"enemies":"Awakened One","floor":50,"turns":15}],"seed_played":"-5545781128762960352","potions_obtained":[{"floor":1.0,"key":"Energy Potion"},{"floor":6.0,"key":"Strength Potion"},{"floor":13.0,"key":"Weak Potion"},{"floor":14.0,"key":"Weak Potion"},{"floor":18.0,"key":"EssenceOfSteel"},{"floor":28.0,"key":"SpeedPotion"},{"floor":31.0,"key":"SteroidPotion"},{"floor":33.0,"key":"Energy Potion"}],"is_trial":false,"path_per_floor":["M","$","$","M","$","E","R","?","T","R","E","R","M","M","R","B",null,"M","?","$","?","$","E","R","M","T","R","M","E","R","M","R","B",null,"M","?","M","?","M","R","M","E","T","R","M","?","?","$","R","B",null],"character_chosen":"THE_SILENT","items_purchased":["Apotheosis","Bottled Lightning","Noxious Fumes","Blade Dance","TwistedFunnel"],"campfire_rested":7,"item_purchase_floors":[2,20,48,48,48],"current_hp_per_floor":[62,62,62,58,58,54,54,54,54,54,37,60,59,59,59,20,63,57,57,57,57,57,38,61,56,56,56,47,25,48,48,71,22,63,63,63,61,61,59,73,57,43,43,64,57,57,50,50,71,17],"gold":38,"neow_bonus":"HUNDRED_GOLD","is_prod":false,"is_daily":false,"chose_seed":false,"campfire_upgraded":4,"win_rate":0,"timestamp":1549054650,"path_taken":["M","?","$","M","?","E","R","?","T","R","E","R","M","M","R","BOSS","M","?","$","?","$","E","R","M","T","R","?","E","R","M","R","BOSS","M","?","M","?","?","R","M","E","T","R","M","?","?","$","R","BOSS"],"build_version":"2019-01-23","purchased_purges":0,"victory":true,"max_hp_per_floor":[70,70,70,70,70,70,70,70,70,70,77,77,77,77,77,77,77,77,77,77,77,77,77,77,77,77,77,77,77,77,77,77,77,77,77,73,73,73,73,73,73,73,73,73,73,73,73,73,73,73],"card_choices":[{"not_picked":["Tactician","Outmaneuver"],"picked":"All Out Attack","floor":1.0},{"not_picked":["Blade Dance","Underhanded Strike","Outmaneuver"],"picked":"SKIP","floor":4.0},{"not_picked":["Night Terror","Slice"],"picked":"Backflip","floor":6.0},{"not_picked":["Accuracy","Dagger Throw"],"picked":"Footwork","floor":11.0},{"not_picked":["Underhanded Strike","Deflect"],"picked":"Cloak And Dagger","floor":13.0},{"not_picked":["Flying Knee","Flechettes"],"picked":"PiercingWail","floor":14.0},{"not_picked":["Bullet Time","Venomology"],"picked":"After Image","floor":16.0},{"not_picked":["Dagger Throw","Prepared","Dash"],"picked":"SKIP","floor":18.0},{"not_picked":["Dodge and Roll","Prepared"],"picked":"Poisoned Stab","floor":25.0},{"not_picked":["Cloak And Dagger","Sucker Punch+1"],"picked":"Terror","floor":28.0},{"not_picked":["Finisher","Blur"],"picked":"Noxious Fumes","floor":29.0},{"not_picked":["Deflect","Slice","Escape Plan"],"picked":"SKIP","floor":31.0},{"not_picked":["Night Terror","Phantasmal Killer"],"picked":"Adrenaline","floor":33.0},{"not_picked":["Prepared+1","Outmaneuver"],"picked":"Cloak And Dagger+1","floor":35.0},{"not_picked":["Noxious Fumes","Quick Slash"],"picked":"Footwork+1","floor":37.0},{"not_picked":["Escape Plan","Cloak And Dagger"],"picked":"Calculated Gamble","floor":39.0},{"not_picked":["Heel Hook+1","Flechettes+1"],"picked":"Footwork","floor":41.0},{"not_picked":["Glass Knife","Cloak And Dagger+1"],"picked":"Accuracy","floor":42},{"not_picked":["PiercingWail","Dagger Spray+1"],"picked":"Blur+1","floor":45}],"player_experience":550884,"relics_obtained":[{"floor":6.0,"key":"Bottled Flame"},{"floor":9.0,"key":"Omamori"},{"floor":11.0,"key":"Strawberry"},{"floor":26.0,"key":"War Paint"},{"floor":29.0,"key":"Ancient Tea Set"},{"floor":42,"key":"PreservedInsect"},{"floor":43,"key":"Snake Skull"}],"event_choices":[{"cards_removed":["Defend_G"],"damage_healed":0.0,"max_hp_gain":0.0,"max_hp_loss":0.0,"gold_gain":0.0,"event_name":"Living Wall","player_choice":"Forget","floor":8.0,"gold_loss":0.0,"damage_taken":0.0},{"damage_healed":0.0,"max_hp_gain":0.0,"max_hp_loss":0.0,"gold_gain":0.0,"event_name":"Ghosts","player_choice":"Ignored","floor":19.0,"gold_loss":0.0,"damage_taken":0.0},{"damage_healed":0.0,"max_hp_gain":0.0,"max_hp_loss":0.0,"gold_gain":0.0,"event_name":"Accursed Blacksmith","player_choice":"Forge","floor":21.0,"gold_loss":0.0,"damage_taken":0.0,"cards_upgraded":["After Image"]},{"damage_healed":0.0,"max_hp_gain":0.0,"max_hp_loss":4.0,"gold_gain":0.0,"event_name":"Winding Halls","player_choice":"Max HP","floor":36.0,"gold_loss":0.0,"damage_taken":0.0},{"damage_healed":0.0,"max_hp_gain":0.0,"max_hp_loss":0.0,"gold_gain":0.0,"event_name":"SecretPortal","player_choice":"Ignored","floor":38.0,"gold_loss":0.0,"damage_taken":0.0},{"cards_removed":["Defend_G"],"damage_healed":0,"gold_gain":0,"player_choice":"Removed Skill","damage_taken":0,"max_hp_gain":0,"max_hp_loss":0,"event_name":"Falling","floor":46,"gold_loss":0},{"damage_healed":0,"gold_gain":75,"player_choice":"Touch","damage_taken":7,"max_hp_gain":0,"max_hp_loss":0,"event_name":"FaceTrader","floor":47,"gold_loss":0}],"is_beta":false,"boss_relics":[{"not_picked":["Calling Bell","Coffee Dripper"],"picked":"Astrolabe"},{"not_picked":["Orrery","Runic Dome"],"picked":"Sozu"}],"items_purged_floors":[],"is_endless":false,"potions_floor_spawned":[1,6,13,14,18,28,31,33,35,41],"ascension_level":10}