{"path_per_floor":["M","M","M","M","?","E","R","?","T","R","T","$","M","M","R","B",null,"M","M","M","M","?","R","?","R","T","R","M","M","$","?","R","B",null,"M","$","M","?","?","R","E","R","T","M","R","M","?","M","R","B"],"character_chosen":"IRONCLAD","items_purchased":["Flame Barrier","Flame Barrier","Ghostly Armor","Shrug It Off"],"gold_per_floor":[110,127,138,150,150,184,184,184,262,262,262,79,97,111,111,231,231,256,279,303,327,327,327,242,242,242,242,265,286,149,149,149,280,280,299,156,180,180,280,280,314,314,394,412,412,425,425,448,448,448],"floor_reached":51,"campfire_rested":5,"playtime":1814,"current_hp_per_floor":[80,80,80,79,79,59,59,59,59,59,73,73,77,83,83,72,94,94,87,79,36,36,64,64,64,64,64,64,42,42,42,70,62,94,76,76,46,46,46,74,21,49,49,61,61,64,64,33,61,44],"items_purged":["Strike_R","Injury","Strike_R"],"gold":448,"score":704,"play_id":"cae70e2f-d65c-4e91-a48e-6269bc5026c7","local_time":"20180327194202","is_prod":false,"is_daily":false,"is_ascension_mode":false,"campfire_upgraded":6,"timestamp":1522172522,"path_taken":["M","M","M","M","?","E","R","?","T","R","?","$","M","M","R","BOSS","M","M","M","M","?","R","?","R","T","R","M","M","$","?","R","BOSS","M","$","?","?","?","R","E","R","T","M","R","?","?","M","R","BOSS"],"build_version":"2018-03-22v2","purchased_purges":3,"victory":true,"master_deck":["Strike_R","Strike_R","Defend_R","Defend_R","Defend_R","Defend_R","Bash+1","Pommel Strike+1","Barricade+1","Limit Break+1","Flame Barrier","Flame Barrier+1","Heavy Blade","Inflame+1","Demon Form+1","Body Slam","Flex","Heavy Blade+1","Metallicize","Ghostly Armor+1","Shrug It Off","Shrug It Off"],"max_hp_per_floor":[80,80,80,80,80,80,80,80,80,80,94,94,94,94,94,94,94,94,94,94,94,94,94,94,94,94,94,94,94,94,94,94,94,94,94,94,94,94,94,94,94,94,94,94,94,94,94,94,94,94],"relics":["Burning Blood","Golden Idol","The Courier","Mercury Hourglass","Mango","Velvet Choker","Ice Cream","Dodecahedron","Runic Cube","Omamori","Pantograph"],"card_choices":[{"not_picked":["Body Slam","Power Through"],"picked":"Pommel Strike","floor":1},{"not_picked":["Feel No Pain","Iron Wave"],"picked":"Barricade","floor":2},{"not_picked":["Dropkick","Infernal Blade"],"picked":"Limit Break","floor":6},{"not_picked":["Clothesline","Infernal Blade"],"picked":"Heavy Blade","floor":13},{"not_picked":["Clothesline","Headbutt"],"picked":"Inflame","floor":14},{"not_picked":["Offering","Feed"],"picked":"Demon Form","floor":16},{"not_picked":["Cleave","Anger"],"picked":"Body Slam","floor":18},{"not_picked":["Armaments","Thunderclap"],"picked":"Flex","floor":19},{"not_picked":["Clothesline","Havoc"],"picked":"Heavy Blade","floor":20},{"not_picked":["Wild Strike","Armaments"],"picked":"Metallicize","floor":28},{"not_picked":["True Grit","Evolve"],"picked":"Shrug It Off","floor":37},{"not_picked":["Thunderclap","Shockwave"],"picked":"Shrug It Off","floor":46}],"player_experience":188058,"potions_floor_usage":[6,18,19,20,21,28,28,29,29,41,44,46,50],"damage_taken":[{"damage":0,"enemies":"Small Slimes","floor":1,"turns":3},{"damage":4,"enemies":"Jaw Worm","floor":2,"turns":4},{"damage":0,"enemies":"2 Louse","floor":3,"turns":2},{"damage":7,"enemies":"Exordium Wildlife","floor":4,"turns":6},{"damage":26,"enemies":"3 Sentries","floor":6,"turns":11},{"damage":2,"enemies":"Blue Slaver","floor":13,"turns":5},{"damage":0,"enemies":"Looter","floor":14,"turns":4},{"damage":17,"enemies":"The Guardian","floor":16,"turns":9},{"damage":0,"enemies":"Spheric Guardian","floor":18,"turns":5},{"damage":13,"enemies":"2 Thieves","floor":19,"turns":3},{"damage":14,"enemies":"Chosen and Byrds","floor":20,"turns":7},{"damage":61,"enemies":"Cultist and Chosen","floor":21,"turns":7},{"damage":15,"enemies":"Slaver and Parasite","floor":28,"turns":7},{"damage":28,"enemies":"3 Cultists","floor":29,"turns":5},{"damage":14,"enemies":"Champ","floor":33,"turns":9},{"damage":24,"enemies":"Orb Walker","floor":35,"turns":6},{"damage":36,"enemies":"3 Darklings","floor":37,"turns":7},{"damage":59,"enemies":"Giant Head","floor":41,"turns":9},{"damage":6,"enemies":"Maw","floor":44,"turns":7},{"damage":18,"enemies":"Sphere and 2 Shapes","floor":46,"turns":7},{"damage":37,"enemies":"3 Darklings","floor":48,"turns":9},{"damage":48,"enemies":"Time Eater","floor":50,"turns":7}],"event_choices":[{"event_name":"Golden Idol","player_choice":"Take Wound","floor":5,"damage_taken":0},{"event_name":"Living Wall","player_choice":"Grow","floor":8,"damage_taken":0},{"event_name":"The Lab","player_choice":"Got Potions","floor":22,"damage_taken":0},{"event_name":"Addict","player_choice":"Obtained Relic","floor":24,"damage_taken":0},{"event_name":"Bonfire Elementals","player_choice":"BASIC","floor":31,"damage_taken":0},{"event_name":"Upgrade Shrine","player_choice":"Upgraded","floor":38,"damage_taken":0},{"event_name":"Golden Shrine","player_choice":"Pray","floor":39,"damage_taken":0}],"boss_relics":[{"not_picked":["Question Card","Black Star"],"picked":"Velvet Choker"},{"not_picked":["Astrolabe","Orrery"],"picked":"Runic Cube"}],"potions_floor_spawned":[2,6,14,16,18,21,28,33,41,44,48],"seed_played":"8363981762195155178","ascension_level":0,"is_trial":false}