{"path_per_floor":["M","M","?","?","?","E","?","E","T","$","?","M","M","M","R","B",null,"M","M","$","?","?","?","M","?","T","M","$","R","E","M","R"],"character_chosen":"THE_SILENT","items_purchased":["Juzu Bracelet","Toolbox","Lantern","Catalyst"],"gold_per_floor":[110,128,128,128,128,164,192,233,286,139,314,330,345,359,359,485,485,506,524,62,62,62,62,85,85,112,132,57,57,88,103,103],"floor_reached":33,"campfire_rested":2,"playtime":2734,"current_hp_per_floor":[70,69,69,69,69,44,24,10,10,10,10,10,10,7,28,17,70,65,52,52,49,49,49,46,46,46,37,37,37,23,18,32],"items_purged":["Regret"],"gold":103,"score":326,"play_id":"36afb2b9-2d74-4416-a385-c1068c629c83","local_time":"20180318070707","is_prod":false,"is_daily":false,"is_ascension_mode":false,"campfire_upgraded":1,"timestamp":1521353227,"path_taken":["M","M","?","?","?","E","?","E","T","$","?","M","M","M","R","BOSS","M","M","?","?","?","?","M","?","T","M","?","R","E","M","R","BOSS"],"build_version":"2018-03-15v3","purchased_purges":1,"victory":false,"master_deck":["Defend_G","Defend_G","Defend_G","Defend_G","Defend_G","Survivor","Neutralize","Dagger Throw","Bouncing Flask+1","Sucker Punch","Injury","Bouncing Flask","Outmaneuver","Catalyst","Doubt","Bane+1","Dodge and Roll","Flying Knee","Deflect","Tools of the Trade","Bane","Well Laid Plans+1","Catalyst","Bite","Bite","Bite","Bite+1","Bite","Doppelganger","Neutralize","Dagger Throw","Decay","Catalyst","Dagger Spray","Riddle With Holes","Dagger Throw"],"max_hp_per_floor":[70,70,70,70,70,70,70,70,70,70,70,70,70,70,70,70,70,70,70,70,49,49,49,49,49,49,49,49,49,49,49,49],"relics":["White Beast Statue","Golden Idol","Dream Catcher","Odd Mushroom","Matryoshka","Art of War","Ancient Tea Set","Juzu Bracelet","Cursed Key","Toolbox","Lantern","Bronze Scales","Whetstone","Tingsha"],"card_choices":[{"not_picked":["Quick Slash","Masterful Stab"],"picked":"Dagger Throw"},{"not_picked":["Acrobatics","Terror"],"picked":"Bouncing Flask"},{"not_picked":["Leg Sweep","Dagger Throw"],"picked":"Bouncing Flask"},{"not_picked":["Underhanded Strike","Sucker Punch"],"picked":"Outmaneuver"},{"not_picked":["Accuracy","Well Laid Plans"],"picked":"Catalyst"},{"not_picked":["Outmaneuver","Tactician"],"picked":"Bane"},{"not_picked":["Choke","Leg Sweep"],"picked":"Dodge and Roll"},{"not_picked":["Cloak And Dagger","Crippling Poison"],"picked":"Flying Knee"},{"not_picked":["Dodge and Roll","Deadly Poison"],"picked":"Deflect"},{"not_picked":["Die Die Die","Venomology"],"picked":"Tools of the Trade"},{"not_picked":["Underhanded Strike","Deadly Poison"],"picked":"Bane"},{"not_picked":["Cloak And Dagger","Bane"],"picked":"Well Laid Plans"},{"not_picked":["Flying Knee","Phantasmal Killer"],"picked":"Dagger Throw"},{"not_picked":["Dodge and Roll","Slice"],"picked":"Catalyst"},{"not_picked":["Finisher","Underhanded Strike"],"picked":"Dagger Spray"},{"not_picked":["PiercingWail","Cloak And Dagger"],"picked":"Riddle With Holes"},{"not_picked":["Accuracy","Cloak And Dagger"],"picked":"Dagger Throw"}],"player_experience":120953,"potions_floor_usage":[7,8,12,13,13,14,16,16,18,24,27,30,30,31,31],"damage_taken":[{"damage":0,"enemies":"2 Louse","floor":1,"turns":4},{"damage":1,"enemies":"Cultist","floor":2,"turns":4},{"damage":25,"enemies":"Gremlin Nob","floor":6,"turns":5},{"damage":20,"enemies":"The Mushroom Lair","floor":7,"turns":6},{"damage":14,"enemies":"Lagavulin","floor":8,"turns":6},{"damage":0,"enemies":"Small Slimes","floor":12,"turns":4},{"damage":0,"enemies":"2 Fungi Beasts","floor":13,"turns":2},{"damage":3,"enemies":"Exordium Wildlife","floor":14,"turns":4},{"damage":11,"enemies":"Hexaghost","floor":16,"turns":8},{"damage":5,"enemies":"Spheric Guardian","floor":18,"turns":4},{"damage":13,"enemies":"Chosen","floor":19,"turns":4},{"damage":5,"enemies":"Snake Plant","floor":24,"turns":2},{"damage":15,"enemies":"Cultist and Chosen","floor":27,"turns":5},{"damage":16,"enemies":"Book of Stabbing","floor":30,"turns":3},{"damage":16,"enemies":"Centurion and Healer","floor":31,"turns":5},{"damage":42,"enemies":"Collector","floor":33,"turns":3}],"event_choices":[{"event_name":"Purifier","player_choice":"One Purge","floor":3,"damage_taken":0},{"event_name":"Living Wall","player_choice":"Change","floor":4,"damage_taken":0},{"event_name":"Golden Idol","player_choice":"Take Wound","floor":5,"damage_taken":0},{"event_name":"Mushrooms","player_choice":"Fought Mushrooms","floor":7,"damage_taken":0},{"event_name":"Liars Game","player_choice":"agreed","floor":11,"damage_taken":0},{"event_name":"Vampires","player_choice":"Became a vampire","floor":21,"damage_taken":0},{"event_name":"Match and Keep!","player_choice":"3 cards matched","floor":22,"damage_taken":0},{"event_name":"The Lab","player_choice":"Got Potions","floor":23,"damage_taken":0},{"event_name":"Drug Dealer","player_choice":"Ignored","floor":25,"damage_taken":0}],"boss_relics":[{"not_picked":["Tiny House","Orrery"],"picked":"Cursed Key"}],"potions_floor_spawned":[1,2,6,7,8,12,13,14,16,18,19,24,27,30,31],"seed_played":"-4754989990313542017","killed_by":"Collector","ascension_level":0,"is_trial":false}