{"path_per_floor":["M","M","?","M","M","E","R","E","T","R","$","R","M","M","R","B",null,"M","M","?","M","?","E","R","$","T","?","M","M","$","?","R","B",null,"M","M","M","?","$","R","M","?","T","R","M"],"character_chosen":"IRONCLAD","items_purchased":["War Paint","Combust","Singing Bowl","Shrug It Off","Whirlwind","Inflame"],"gold_per_floor":[113,126,126,140,155,184,184,219,219,219,35,35,45,62,62,164,164,176,193,193,212,212,238,238,16,16,216,234,245,12,12,12,115,115,131,148,160,160,121,121,133,433,433,433,453],"floor_reached":46,"campfire_rested":5,"playtime":3415,"current_hp_per_floor":[77,77,74,75,80,50,74,62,62,80,80,80,80,80,80,44,80,80,54,38,50,50,25,49,49,63,63,69,71,71,71,96,58,98,82,75,70,70,70,70,60,60,60,90,67],"items_purged":["Strike_R","Bash"],"gold":453,"score":472,"play_id":"d26c8ffe-5ee4-46e9-aebd-09ee2b4729dc","local_time":"20180308133023","is_prod":false,"is_daily":false,"is_ascension_mode":true,"campfire_upgraded":3,"timestamp":1520512223,"path_taken":["M","M","?","?","?","E","R","E","T","R","$","R","M","M","R","BOSS","M","M","?","M","?","E","R","$","T","?","M","?","$","?","R","BOSS","M","M","M","?","?","R","M","?","T","R","M","E"],"build_version":"2018-03-01-PROD1","purchased_purges":2,"victory":false,"master_deck":["Strike_R","Strike_R","Strike_R","Defend_R+1","Defend_R","Defend_R","Defend_R","Rupture+1","Twin Strike","Flex","Flex+1","Spot Weakness","Twin Strike","Heavy Blade","Combust","Battle Trance","Armaments+1","Double Tap","Inflame","Metallicize","Heavy Blade","Spot Weakness","Shrug It Off","Necronomicurse","Heavy Blade+1","Shrug It Off","Whirlwind","Hemokinesis+1","Inflame","Shrug It Off+1"],"max_hp_per_floor":[80,80,80,80,80,80,80,80,80,80,80,80,80,80,80,80,80,80,80,80,80,80,80,80,80,94,94,94,96,96,96,96,98,98,98,100,102,102,102,102,102,102,102,102,104],"relics":["Burning Blood","Gremlin Horn","Meat on the Bone","Gambling Chip","Sundial","War Paint","Orrery","Necronomicon","Toolbox","Singing Bowl","Mango","Runic Cube","Kunai"],"card_choices":[{"not_picked":["Power Through","Armaments"],"picked":"Twin Strike"},{"not_picked":["Headbutt","Rage"],"picked":"Flex"},{"not_picked":["Shockwave","Juggernaut"],"picked":"Flex"},{"not_picked":["True Grit","Anger"],"picked":"Spot Weakness"},{"not_picked":["Dark Embrace","Evolve"],"picked":"Twin Strike"},{"not_picked":["Clothesline","Armaments"],"picked":"Heavy Blade"},{"not_picked":["Metallicize","Whirlwind"],"picked":"Battle Trance"},{"not_picked":["Flex","Wild Strike"],"picked":"Armaments"},{"not_picked":["Immolate","Fiend Fire"],"picked":"Double Tap"},{"not_picked":["Havoc","Infernal Blade"],"picked":"Inflame"},{"not_picked":["Intimidate","Pommel Strike"],"picked":"Metallicize"},{"not_picked":["Flex","Warcry"],"picked":"Heavy Blade"},{"not_picked":["Sword Boomerang","Twin Strike"],"picked":"Spot Weakness"},{"not_picked":["Body Slam","Clothesline"],"picked":"Shrug It Off"},{"not_picked":["Second Wind","Armaments"],"picked":"Heavy Blade"},{"not_picked":["Dropkick","Seeing Red"],"picked":"Hemokinesis"},{"not_picked":["Flex","True Grit"],"picked":"Shrug It Off"}],"player_experience":137151,"potions_floor_usage":[46,46],"damage_taken":[{"damage":9.0,"enemies":"Small Slimes","floor":1.0,"turns":4.0},{"damage":6.0,"enemies":"2 Louse","floor":2.0,"turns":3.0},{"damage":5.0,"enemies":"Cultist","floor":4.0,"turns":4.0},{"damage":1.0,"enemies":"Lots of Slimes","floor":5.0,"turns":4.0},{"damage":36.0,"enemies":"3 Sentries","floor":6.0,"turns":9.0},{"damage":18.0,"enemies":"Gremlin Nob","floor":8.0,"turns":3.0},{"damage":0.0,"enemies":"3 Louse","floor":13.0,"turns":2.0},{"damage":2.0,"enemies":"Looter","floor":14.0,"turns":2.0},{"damage":54.0,"enemies":"Hexaghost","floor":16.0,"turns":7.0},{"damage":4.0,"enemies":"3 Byrds","floor":18.0,"turns":4.0},{"damage":32.0,"enemies":"Chosen","floor":19.0,"turns":3.0},{"damage":6.0,"enemies":"3 Cultists","floor":21.0,"turns":4.0},{"damage":43.0,"enemies":"Slavers","floor":23.0,"turns":7.0},{"damage":0.0,"enemies":"Snake Plant","floor":28.0,"turns":2.0},{"damage":6.0,"enemies":"Cultist and Chosen","floor":29.0,"turns":3.0},{"damage":46.0,"enemies":"Champ","floor":33.0,"turns":8.0},{"damage":22.0,"enemies":"3 Shapes","floor":35.0,"turns":3.0},{"damage":15.0,"enemies":"Orb Walker","floor":36.0,"turns":2.0},{"damage":25,"enemies":"Sphere and 2 Shapes","floor":37,"turns":4},{"damage":16,"enemies":"Maw","floor":41,"turns":5},{"damage":31,"enemies":"3 Darklings","floor":45,"turns":4},{"damage":84,"enemies":"Nemesis","floor":46,"turns":6}],"event_choices":[{"event_name":"Scrap Ooze","player_choice":"success","floor":3.0,"damage_taken":3.0},{"event_name":"Cursed Tome","player_choice":"Obtained Book","floor":20.0,"damage_taken":0.0},{"event_name":"Back to Basics","player_choice":"Elegance","floor":22.0,"damage_taken":0.0},{"event_name":"Wheel of Change","player_choice":"Gold","floor":27.0,"damage_taken":0.0},{"event_name":"Beggar","player_choice":"Ignored","floor":31.0,"damage_taken":0.0},{"event_name":"Tomb of Lord Red Mask","player_choice":"Ignored","floor":38,"damage_taken":0},{"event_name":"Wheel of Change","player_choice":"Gold","floor":42,"damage_taken":0}],"boss_relics":[],"potions_floor_spawned":[4,13,14,16,19,35,37],"seed_played":"4148802161597530858","killed_by":"Nemesis","ascension_level":1,"is_trial":false}