{"gold_per_floor":[114,114,114,131,281,281,37,64,64,81,100,100,134,134,134,209,209,228,248,298,41,41,41,55,55,78,78,105,116,116,133,133,207,207,217,230,93,108,108,108,108,108,132,147,160,160,35,47,47,47],"floor_reached":50,"playtime":2404,"items_purged":["Doubt","Strike_B","Writhe"],"score":1335,"play_id":"16398b69-9364-445c-a8c1-ba9e3d29866a","local_time":"20180711222923","is_ascension_mode":true,"campfire_choices":[{"floor":6,"key":"REST"},{"data":"Hologram","floor":12,"key":"SMITH"},{"floor":15,"key":"REST"},{"data":"Hologram","floor":23,"key":"SMITH"},{"data":"Multi-Cast","floor":25,"key":"SMITH"},{"floor":32,"key":"REST"},{"data":"Defragment","floor":40,"key":"SMITH"},{"data":"Defragment","floor":42,"key":"SMITH"},{"data":"Defragment","floor":46,"key":"SMITH"},{"data":"Blizzard","floor":49,"key":"SMITH"}],"neow_cost":"NONE","seed_source_timestamp":220546587713090,"circlet_count":0,"master_deck":["Defend_B","Defend_B+1","Defend_B","Defend_B","Zap","Dualcast","AscendersBane","Hello World+1","Leap","Hologram+1","Doom and Gloom","Conserve Battery","Doom and Gloom","Capacitor","Hologram+1","Multi-Cast+1","Cold Snap","Cold Snap","Bite","Bite","Bite","Bite","Bite","BootSequence","Capacitor","Defragment+1","Skim","Rainbow","Coolheaded","Coolheaded","Leap","Coolheaded","Coolheaded+1","Loop+1","Seek","Defragment+1","Reinforced Body","Master of Strategy","Defragment+1","Blizzard+1"],"relics":["Cracked Core","NeowsBlessing","Ornamental Fan","Omamori","Letter Opener","Cursed Key","DataDisk","Bag of Marbles","Boot","Orrery","Unceasing Top","Orichalcum"],"potions_floor_usage":[11,16,16,28,31,36,39,44,50,50],"damage_taken":[{"damage":0,"enemies":"Jaw Worm","floor":1,"turns":1},{"damage":0,"enemies":"Cultist","floor":4,"turns":1},{"damage":0,"enemies":"3 Sentries","floor":8,"turns":1},{"damage":11,"enemies":"2 Louse","floor":10,"turns":3},{"damage":17,"enemies":"Exordium Thugs","floor":11,"turns":3},{"damage":11,"enemies":"Lagavulin","floor":13,"turns":9},{"damage":3,"enemies":"Slime Boss","floor":16,"turns":10},{"damage":18,"enemies":"Spheric Guardian","floor":18,"turns":6},{"damage":15,"enemies":"Chosen","floor":19,"turns":6},{"damage":16,"enemies":"Centurion and Healer","floor":24,"turns":11},{"damage":19,"enemies":"Slavers","floor":28,"turns":5},{"damage":19,"enemies":"Cultist and Chosen","floor":29,"turns":8},{"damage":21,"enemies":"Snake Plant","floor":31,"turns":5},{"damage":11,"enemies":"Champ","floor":33,"turns":14},{"damage":1,"enemies":"Flame Bruiser 1 Orb","floor":35,"turns":5},{"damage":3,"enemies":"3 Darklings","floor":36,"turns":8},{"damage":5,"enemies":"Spire Growth","floor":38,"turns":6},{"damage":0,"floor":39,"turns":8},{"damage":30,"enemies":"Sphere and 2 Shapes","floor":44,"turns":23},{"damage":22,"enemies":"4 Shapes","floor":45,"turns":11},{"damage":9,"enemies":"Maw","floor":48,"turns":14},{"damage":54,"enemies":"Awakened One","floor":50,"turns":3}],"seed_played":"2702959618066398131","potions_obtained":[{"floor":1,"key":"SpeedPotion"},{"floor":4,"key":"PowerPotion"},{"floor":11,"key":"Block Potion"},{"floor":14,"key":"Explosive Potion"},{"floor":18,"key":"Weak Potion"},{"floor":19,"key":"FocusPotion"},{"floor":29,"key":"SpeedPotion"},{"floor":31,"key":"Weak Potion"},{"floor":36,"key":"Fire Potion"},{"floor":39,"key":"Energy Potion"},{"floor":45,"key":"Swift Potion"}],"is_trial":false,"path_per_floor":["M","?","?","M","?","R","$","E","T","M","M","R","E","?","R","B",null,"M","M","?","$","?","R","M","R","T","?","E","M","?","M","R","B",null,"M","M","$","M","?","R","?","R","T","M","M","R","$","M","R"],"character_chosen":"DEFECT","items_purchased":["Leap","Hologram","Doom and Gloom","DataDisk","Seek"],"campfire_rested":3,"item_purchase_floors":[7,7,7,21,37],"current_hp_per_floor":[64,64,43,43,43,64,64,64,64,53,36,36,25,25,46,43,64,46,31,31,31,31,31,37,37,37,37,26,17,17,6,20,43,48,49,49,49,44,49,49,49,49,49,49,39,39,39,49,49,0],"gold":47,"neow_bonus":"THREE_ENEMY_KILL","is_prod":false,"is_daily":false,"chose_seed":false,"campfire_upgraded":7,"win_rate":0,"timestamp":1531373363,"path_taken":["M","?","?","M","?","R","$","E","T","M","M","R","E","?","R","BOSS","M","M","?","$","?","R","M","R","T","?","E","M","?","?","R","BOSS","M","M","$","M","?","R","?","R","T","M","M","R","$","M","R","BOSS"],"build_version":"2018-07-10","purchased_purges":3,"victory":false,"max_hp_per_floor":[71,71,71,71,71,71,71,71,71,71,71,71,71,71,71,71,71,71,71,71,71,49,49,49,49,49,49,49,49,49,49,49,49,49,49,49,49,49,49,49,49,49,49,49,49,49,49,49,49,49],"card_choices":[{"not_picked":["Force Field","Hologram"],"picked":"Hello World","floor":1},{"not_picked":["Lockon","Consume"],"picked":"Conserve Battery","floor":8},{"not_picked":["Force Field","Auto Shields"],"picked":"Doom and Gloom","floor":10},{"not_picked":["Ball Lightning","Darkness"],"picked":"Capacitor","floor":11},{"not_picked":["Storm","Turbo"],"picked":"Hologram","floor":13},{"not_picked":["Amplify","Biased Cognition"],"picked":"Multi-Cast","floor":16},{"not_picked":["Stack","Streamline+1"],"picked":"Cold Snap","floor":18},{"not_picked":["Fusion+1","Go for the Eyes"],"picked":"Cold Snap","floor":19},{"not_picked":["Sweeping Beam","Compile Driver+1"],"picked":"BootSequence","floor":24},{"not_picked":["Stack","Beam Cell"],"picked":"Capacitor","floor":28},{"not_picked":["Conserve Battery","Coolheaded"],"picked":"Defragment","floor":29},{"not_picked":["Sweeping Beam","Undo"],"picked":"Skim","floor":31},{"not_picked":["Meteor Strike","Hyperbeam"],"picked":"Rainbow","floor":33},{"not_picked":["Beam Cell","Storm"],"picked":"Coolheaded","floor":34},{"not_picked":["Rebound","Heatsinks"],"picked":"Coolheaded","floor":34},{"not_picked":["Recycle","Steam+1"],"picked":"Leap","floor":34},{"not_picked":["Sweeping Beam","Compile Driver+1"],"picked":"Coolheaded","floor":34},{"not_picked":["Darkness+1","Compile Driver"],"picked":"Coolheaded+1","floor":35},{"not_picked":["Cold Snap","Double Energy"],"picked":"Loop+1","floor":36},{"not_picked":["Conserve Battery","Ball Lightning+1"],"picked":"Defragment","floor":38},{"not_picked":["Coolheaded+1","Hologram"],"picked":"Reinforced Body","floor":39},{"not_picked":["Metamorphosis","Secret Weapon"],"picked":"Master of Strategy","floor":41},{"not_picked":["White Noise","Self Repair+1"],"picked":"Defragment","floor":44},{"not_picked":["Stack","Steam+1"],"picked":"Blizzard","floor":45},{"not_picked":["Rebound","Barrage","Thunder Strike"],"picked":"SKIP","floor":48}],"player_experience":600005,"relics_obtained":[{"floor":8,"key":"Ornamental Fan"},{"floor":9,"key":"Omamori"},{"floor":13,"key":"Letter Opener"},{"floor":26,"key":"Bag of Marbles"},{"floor":28,"key":"Boot"},{"floor":39,"key":"Unceasing Top"},{"floor":43,"key":"Orichalcum"}],"event_choices":[{"event_name":"Living Wall","player_choice":"Grow","floor":2,"damage_taken":0},{"event_name":"Shining Light","player_choice":"Entered Light","floor":3,"damage_taken":0},{"event_name":"Liars Game","player_choice":"agreed","floor":5,"damage_taken":0},{"event_name":"The Lab","player_choice":"Got Potions","floor":14,"damage_taken":0},{"event_name":"Golden Shrine","player_choice":"Pray","floor":20,"damage_taken":0},{"event_name":"Vampires","player_choice":"Became a vampire","floor":22,"damage_taken":0},{"event_name":"Addict","player_choice":"Ignored","floor":27,"damage_taken":0},{"event_name":"Forgotten Altar","player_choice":"Smashed Altar","floor":30,"damage_taken":0},{"event_name":"MindBloom","player_choice":"Fight","floor":39,"damage_taken":0},{"event_name":"SensoryStone","player_choice":"Memory 1","floor":41,"damage_taken":0}],"boss_relics":[{"not_picked":["Runic Dome","Pandora\u0027s Box"],"picked":"Cursed Key"},{"not_picked":["Black Star","White Beast Statue"],"picked":"Orrery"}],"items_purged_floors":[7,21,47],"is_endless":false,"potions_floor_spawned":[1,4,11,13,18,19,29,31,33,36,38,39,45],"killed_by":"Awakened One","ascension_level":15}