{"gold_per_floor":[363,39,114,125,125,125,138,138,138,154,154,171,171,71,71,170,170,188,86,99,99,110,110,145,163,212,229,229,261,261,290,290,387,387,404,106,106,106,121,121,134,234,234,56,89,89,100,135,135,135],"floor_reached":51,"playtime":1814,"items_purged":["Strike_B","Pain"],"score":828,"play_id":"c3d7122f-0527-450c-bf82-665659008b95","local_time":"20190127123033","is_ascension_mode":false,"campfire_choices":[{"data":"Zap","floor":6.0,"key":"SMITH"},{"data":"Tempest","floor":11.0,"key":"SMITH"},{"floor":15.0,"key":"REST"},{"data":"Fission","floor":23.0,"key":"SMITH"},{"data":"Double Energy","floor":30.0,"key":"SMITH"},{"floor":32.0,"key":"REST"},{"data":"Double Energy","floor":40.0,"key":"SMITH"},{"floor":46.0,"key":"REST"},{"data":"Aggregate","floor":49,"key":"SMITH"}],"neow_cost":"TEN_PERCENT_HP_LOSS","seed_source_timestamp":2877906526710,"circlet_count":0,"master_deck":["Defend_B","Defend_B","Defend_B","Zap+1","Dualcast","Compile Driver","Ball Lightning","Conserve Battery","Ball Lightning","Tempest+1","Coolheaded","Fission+1","Reinforced Body","Coolheaded","Cold Snap","Reinforced Body","Double Energy+1","Hologram","Double Energy+1","Shame","Glacier","Glacier","White Noise","Biased Cognition","FTL+1","Coolheaded+1","White Noise+1","Conserve Battery","Turbo+1","Capacitor","Ball Lightning","Compile Driver","Skim+1","Aggregate+1","White Noise+1","Capacitor"],"special_seed":0,"relics":["Cracked Core","Chemical X","Turnip","Kunai","WarpedTongs","Sozu","Dream Catcher","Juzu Bracelet","Vajra","Centennial Puzzle","Blood Vial","Astrolabe","Ice Cream","Bird Faced Urn","Orichalcum","Omamori","Letter Opener"],"potions_floor_usage":[],"damage_taken":[{"damage":12.0,"enemies":"Small Slimes","floor":1.0,"turns":3.0},{"damage":2.0,"enemies":"2 Louse","floor":4.0,"turns":2.0},{"damage":1.0,"enemies":"Jaw Worm","floor":7.0,"turns":3.0},{"damage":2.0,"enemies":"Blue Slaver","floor":10.0,"turns":3.0},{"damage":0.0,"enemies":"2 Fungi Beasts","floor":12.0,"turns":2.0},{"damage":15.0,"enemies":"Hexaghost","floor":16.0,"turns":7.0},{"damage":3.0,"enemies":"Shell Parasite","floor":18.0,"turns":2.0},{"damage":0.0,"enemies":"3 Byrds","floor":20.0,"turns":3.0},{"damage":0.0,"enemies":"Snecko","floor":22.0,"turns":3.0},{"damage":6.0,"enemies":"Book of Stabbing","floor":24.0,"turns":4.0},{"damage":0.0,"enemies":"Snake Plant","floor":25.0,"turns":2.0},{"damage":0.0,"enemies":"Shelled Parasite and Fungi","floor":27.0,"turns":5.0},{"damage":16.0,"enemies":"Slavers","floor":29.0,"turns":4.0},{"damage":0.0,"enemies":"Book of Stabbing","floor":31.0,"turns":4.0},{"damage":2.0,"enemies":"Champ","floor":33.0,"turns":16.0},{"damage":0.0,"enemies":"3 Shapes","floor":35.0,"turns":3.0},{"damage":0.0,"enemies":"Orb Walker","floor":39.0,"turns":3.0},{"damage":5.0,"enemies":"Jaw Worm Horde","floor":41.0,"turns":3.0},{"damage":10.0,"enemies":"Mind Bloom Boss Battle","floor":42.0,"turns":3.0},{"damage":50.0,"enemies":"Reptomancer","floor":45.0,"turns":5.0},{"damage":6,"enemies":"3 Darklings","floor":47,"turns":3},{"damage":2,"enemies":"Nemesis","floor":48,"turns":7},{"damage":30,"enemies":"Awakened One","floor":50,"turns":8}],"seed_played":"778190224480925660","potions_obtained":[{"floor":1.0,"key":"LiquidBronze"},{"floor":10.0,"key":"GamblersBrew"}],"is_trial":false,"path_per_floor":["M","$","?","M","?","R","M","?","T","M","R","M","?","$","R","B",null,"M","$","M","?","M","R","E","M","T","M","?","E","R","E","R","B",null,"M","$","?","?","M","R","M","?","T","$","E","R","M","E","R","B",null],"character_chosen":"DEFECT","items_purchased":["Chemical X","Ball Lightning","Coolheaded","Cold Snap","Ice Cream","Capacitor","Ball Lightning","Compile Driver"],"campfire_rested":3,"item_purchase_floors":[2,2,19,19,36,44,44,44],"current_hp_per_floor":[56,56,45,43,31,31,30,23,23,21,21,21,21,21,41,26,68,65,65,65,59,59,59,53,53,53,53,53,37,37,37,57,57,68,68,68,68,68,68,68,63,55,55,55,15,35,37,63,63,60],"gold":135,"neow_bonus":"TWO_FIFTY_GOLD","is_prod":false,"is_daily":false,"chose_seed":false,"campfire_upgraded":6,"win_rate":0,"timestamp":1548613833,"path_taken":["M","$","?","M","?","R","?","?","T","M","R","M","?","$","R","BOSS","M","?","M","?","?","R","E","M","T","M","?","E","R","E","R","BOSS","M","$","?","?","M","R","M","?","T","$","E","R","M","E","R","BOSS"],"build_version":"2019-01-23","purchased_purges":2,"victory":true,"max_hp_per_floor":[68,68,68,68,68,68,68,68,68,68,68,68,68,68,68,68,68,68,68,68,68,68,68,68,68,68,68,68,68,68,68,68,68,68,68,68,68,68,68,68,68,68,68,68,68,68,68,68,68,68],"card_choices":[{"not_picked":["Static Discharge","Rip and Tear"],"picked":"Compile Driver","floor":1.0},{"not_picked":["BootSequence","Recycle"],"picked":"Conserve Battery","floor":4.0},{"not_picked":["Cold Snap","Lockon"],"picked":"Ball Lightning","floor":7.0},{"not_picked":["Gash","Streamline"],"picked":"Tempest","floor":10.0},{"not_picked":["Sweeping Beam","Aggregate"],"picked":"Coolheaded","floor":12.0},{"not_picked":["Amplify","Creative AI"],"picked":"Fission","floor":16.0},{"not_picked":["Chaos+1","Hologram"],"picked":"Reinforced Body","floor":18.0},{"not_picked":["Turbo","Sweeping Beam","Barrage+1"],"picked":"SKIP","floor":20.0},{"not_picked":["Sweeping Beam","Loop+1"],"picked":"Reinforced Body","floor":22.0},{"not_picked":["Steam+1","Auto Shields+1"],"picked":"Double Energy","floor":24.0},{"not_picked":["Barrage","Steam"],"picked":"Hologram","floor":25.0},{"not_picked":["Rebound","Self Repair"],"picked":"Double Energy","floor":27.0},{"not_picked":["Melter","Consume"],"picked":"Glacier","floor":29.0},{"not_picked":["Undo","Force Field"],"picked":"Glacier","floor":31.0},{"not_picked":["Undo+1","Consume+1"],"picked":"White Noise","floor":32.0},{"not_picked":["Seek","Buffer"],"picked":"Biased Cognition","floor":33.0},{"not_picked":["Sunder","Coolheaded+1"],"picked":"White Noise+1","floor":35.0},{"not_picked":["Rebound+1","Steam","Streamline+1"],"picked":"SKIP","floor":39.0},{"not_picked":["Leap","Barrage"],"picked":"Conserve Battery","floor":41.0},{"not_picked":["Leap+1","Auto Shields+1"],"picked":"Turbo+1","floor":42.0},{"not_picked":["Blizzard","Rip and Tear"],"picked":"Skim+1","floor":45.0},{"not_picked":["Compile Driver","Steam+1"],"picked":"Aggregate","floor":46.0},{"not_picked":["Hello World+1","Beam Cell"],"picked":"White Noise+1","floor":47},{"not_picked":["Chill","Machine Learning"],"picked":"Capacitor","floor":48}],"player_experience":662048,"relics_obtained":[{"floor":9.0,"key":"Kunai"},{"floor":24.0,"key":"Dream Catcher"},{"floor":26.0,"key":"Juzu Bracelet"},{"floor":29.0,"key":"Centennial Puzzle"},{"floor":31.0,"key":"Blood Vial"},{"floor":42.0,"key":"Bird Faced Urn"},{"floor":43.0,"key":"Orichalcum"},{"floor":45.0,"key":"Omamori"},{"floor":48,"key":"Letter Opener"}],"event_choices":[{"damage_healed":0.0,"max_hp_gain":0.0,"max_hp_loss":0.0,"gold_gain":75.0,"event_name":"World of Goop","player_choice":"Gather Gold","floor":3.0,"gold_loss":0.0,"damage_taken":11.0},{"damage_healed":0.0,"max_hp_gain":0.0,"max_hp_loss":0.0,"gold_gain":0.0,"event_name":"Scrap Ooze","player_choice":"Success","floor":5.0,"gold_loss":0.0,"damage_taken":12.0,"relics_obtained":["Turnip"]},{"cards_removed":["Strike_B"],"damage_healed":0.0,"max_hp_gain":0.0,"max_hp_loss":0.0,"gold_gain":0.0,"event_name":"Golden Wing","player_choice":"Card Removal","floor":8.0,"gold_loss":0.0,"damage_taken":7.0},{"damage_healed":0.0,"max_hp_gain":0.0,"max_hp_loss":0.0,"gold_gain":0.0,"event_name":"Accursed Blacksmith","player_choice":"Rummage","floor":13.0,"gold_loss":0.0,"damage_taken":0.0,"relics_obtained":["WarpedTongs"],"cards_obtained":["Pain"]},{"damage_healed":0.0,"max_hp_gain":0.0,"max_hp_loss":0.0,"gold_gain":0.0,"event_name":"Wheel of Change","player_choice":"Damaged","floor":21.0,"gold_loss":0.0,"damage_taken":6.0},{"damage_healed":0.0,"max_hp_gain":0.0,"max_hp_loss":0.0,"gold_gain":0.0,"event_name":"Addict","player_choice":"Stole Relic","floor":28.0,"gold_loss":0.0,"damage_taken":0.0,"relics_obtained":["Vajra"],"cards_obtained":["Shame"]},{"damage_healed":0.0,"max_hp_gain":0.0,"max_hp_loss":0.0,"gold_gain":0.0,"event_name":"Tomb of Lord Red Mask","player_choice":"Ignored","floor":37.0,"gold_loss":0.0,"damage_taken":0.0},{"cards_removed":["Heatsinks"],"damage_healed":0.0,"max_hp_gain":0.0,"max_hp_loss":0.0,"gold_gain":0.0,"event_name":"Falling","player_choice":"Removed Power","floor":38.0,"gold_loss":0.0,"damage_taken":0.0},{"damage_healed":0.0,"max_hp_gain":0.0,"max_hp_loss":0.0,"gold_gain":0.0,"event_name":"MindBloom","player_choice":"Fight","floor":42.0,"gold_loss":0.0,"damage_taken":0.0}],"is_beta":false,"boss_relics":[{"not_picked":["Velvet Choker","Runic Dome"],"picked":"Sozu"},{"not_picked":["Pandora\u0027s Box","Orrery"],"picked":"Astrolabe"}],"items_purged_floors":[2,14],"is_endless":false,"potions_floor_spawned":[1,10,20,25,27,31,33,39,42,45,48],"ascension_level":0}