{"path_per_floor":["M","?","M","$","M","R","$","R","T","M","M","E","M","M","R","B",null,"M","M","$","M","M","R","M","M","T","R","M","M","R","?","R","B",null,"M","?","M","M","?","R","M","M","T","M","R","M","$","M","R","B"],"character_chosen":"IRONCLAD","items_purchased":["Body Slam"],"gold_per_floor":[114,114,129,54,73,73,73,73,100,114,132,163,178,189,189,294,294,294,294,194,194,194,194,194,194,194,194,194,194,194,194,194,194,194,194,194,194,194,194,194,194,194,194,194,194,194,17,17,17,17],"floor_reached":51,"campfire_rested":2,"playtime":2707,"current_hp_per_floor":[80,80,80,80,80,80,80,80,80,80,80,80,80,80,80,53,80,80,80,80,79,73,73,53,48,48,72,63,78,78,78,78,80,80,73,73,80,80,80,80,50,57,57,80,80,80,80,67,80,80],"items_purged":["Strike_R","Strike_R","Bash"],"gold":17,"score":736,"play_id":"04c360c8-5aa6-4a86-b7db-f8bf09cee890","local_time":"20180401232849","is_prod":false,"is_daily":false,"is_ascension_mode":false,"campfire_upgraded":8,"timestamp":1522618129,"path_taken":["M","?","?","$","M","R","$","R","T","M","M","E","?","M","R","BOSS","M","M","$","M","M","R","M","M","T","R","M","M","R","?","R","BOSS","M","?","?","?","?","R","M","M","T","M","R","M","$","M","R","BOSS"],"build_version":"2018-03-29v2","purchased_purges":3,"victory":true,"master_deck":["Strike_R+1","Strike_R+1","Defend_R","Defend_R","Defend_R","Defend_R","Intimidate","Reaper","Sword Boomerang+1","Spot Weakness+1","Pummel","Shrug It Off","Uppercut","Seeing Red+1","Barricade+1","Battle Trance","Ghostly Armor+1","Entrench+1","Entrench+1","Demon Form+1","Flame Barrier+1","Shrug It Off+1","Good Instincts","Body Slam"],"max_hp_per_floor":[80,80,80,80,80,80,80,80,80,80,80,80,80,80,80,80,80,80,80,80,80,80,80,80,80,80,80,80,80,80,80,80,80,80,80,80,80,80,80,80,80,80,80,80,80,80,80,80,80,80],"relics":["Burning Blood","Whetstone","Vajra","Bottled Flame","Ectoplasm","Anchor","Juzu Bracelet"],"card_choices":[{"not_picked":["Evolve","Seeing Red"],"picked":"Intimidate","floor":1},{"not_picked":["Clothesline","Twin Strike"],"picked":"Sword Boomerang","floor":3},{"not_picked":["Clothesline","Battle Trance"],"picked":"Spot Weakness","floor":5},{"not_picked":["Hemokinesis","Clothesline"],"picked":"Pummel","floor":10},{"not_picked":["Intimidate","Armaments"],"picked":"Shrug It Off","floor":11},{"not_picked":["Thunderclap","Impervious"],"picked":"Uppercut","floor":12},{"not_picked":["Warcry","Evolve"],"picked":"Seeing Red","floor":14},{"not_picked":["Immolate","Demon Form"],"picked":"Barricade","floor":16},{"not_picked":["Sword Boomerang","Rampage"],"picked":"Battle Trance","floor":18},{"not_picked":["Sword Boomerang","Intimidate"],"picked":"Ghostly Armor","floor":22},{"not_picked":["Evolve","Iron Wave"],"picked":"Entrench","floor":25},{"not_picked":["Impervious","Fiend Fire"],"picked":"Demon Form","floor":33},{"not_picked":["Havoc","Dual Wield"],"picked":"Flame Barrier","floor":35},{"not_picked":["Clothesline","Reckless Charge"],"picked":"Shrug It Off","floor":37},{"not_picked":["Deep Breath","Swift Strike"],"picked":"Good Instincts","floor":39}],"player_experience":251823,"potions_floor_usage":[5,19,21,28,28,37,48,48,50],"damage_taken":[{"damage":1,"enemies":"Jaw Worm","floor":1,"turns":3},{"damage":0,"enemies":"Cultist","floor":3,"turns":3},{"damage":2,"enemies":"Small Slimes","floor":5,"turns":3},{"damage":9,"enemies":"Gremlin Gang","floor":10,"turns":3},{"damage":0,"enemies":"Exordium Wildlife","floor":11,"turns":2},{"damage":0,"enemies":"Gremlin Nob","floor":12,"turns":2},{"damage":11,"enemies":"Lots of Slimes","floor":13,"turns":5},{"damage":6,"enemies":"Exordium Thugs","floor":14,"turns":4},{"damage":33,"enemies":"Hexaghost","floor":16,"turns":8},{"damage":5,"enemies":"3 Byrds","floor":18,"turns":5},{"damage":4,"enemies":"Shell Parasite","floor":19,"turns":4},{"damage":16,"enemies":"Snake Plant","floor":21,"turns":5},{"damage":12,"enemies":"Centurion and Healer","floor":22,"turns":8},{"damage":26,"enemies":"Slaver and Parasite","floor":24,"turns":5},{"damage":17,"enemies":"Snake Plant","floor":25,"turns":5},{"damage":26,"enemies":"Cultist and Chosen","floor":28,"turns":4},{"damage":0,"enemies":"Centurion and Healer","floor":29,"turns":6},{"damage":0,"enemies":"Champ","floor":33,"turns":17},{"damage":13,"enemies":"Orb Walker","floor":35,"turns":4},{"damage":0,"enemies":"3 Darklings","floor":37,"turns":10},{"damage":17,"enemies":"Sphere and 2 Shapes","floor":38,"turns":9},{"damage":61,"enemies":"4 Shapes","floor":41,"turns":12},{"damage":14,"enemies":"3 Darklings","floor":42,"turns":7},{"damage":12,"enemies":"Maw","floor":44,"turns":13},{"damage":17,"enemies":"4 Shapes","floor":46,"turns":7},{"damage":39,"enemies":"Sphere and 2 Shapes","floor":48,"turns":10},{"damage":32,"enemies":"Time Eater","floor":50,"turns":10}],"event_choices":[{"event_name":"Transmorgrifier","player_choice":"Transform","floor":2,"damage_taken":0},{"event_name":"Duplicator","player_choice":"One dupe","floor":31,"damage_taken":0},{"event_name":"Tomb of Lord Red Mask","player_choice":"Ignored","floor":36,"damage_taken":0},{"event_name":"SensoryStone","player_choice":"Memory 1","floor":39,"damage_taken":0}],"boss_relics":[{"not_picked":["Calling Bell","Black Star"],"picked":"Ectoplasm"},{"not_picked":["Runic Pyramid","Runic Dome","Pandora\u0027s Box"]}],"potions_floor_spawned":[1,3,16,18,19,25,28,35,46,48],"seed_played":"-3786391043552612011","ascension_level":0,"is_trial":false}