{"path_per_floor":["M","M","M","?","$","E","M","E","T","E","M","M","$","M","R","B",null,"M","?","$","?","M","E","R","M","T","R","M","E","R","M","R","B",null,"M","M","?","?","M","R","M","E","T","R","E","R","E","M","R","B"],"character_chosen":"DEFECT","items_purchased":["Mercury Hourglass","Go for the Eyes","Orichalcum","Seek"],"gold_per_floor":[418,433,448,398,93,119,138,172,172,204,219,230,82,97,97,199,199,139,139,60,60,60,60,60,60,60,60,60,60,60,60,60,60,60,60,60,60,60,60,60,60,60,60,60,60,60,60,60,60,60],"floor_reached":51,"campfire_rested":1,"playtime":3861,"item_purchase_floors":[5,5,13,20],"current_hp_per_floor":[66,66,66,66,66,66,64,59,59,59,59,56,56,51,51,34,60,58,78,78,78,78,55,55,50,50,50,50,37,37,37,37,7,60,60,59,59,59,59,59,51,31,31,31,26,26,16,11,34,23],"items_purged":[],"gold":60,"score":1104,"play_id":"7b00345a-7fe4-43dc-bb87-b432aa694156","local_time":"20180614203716","is_prod":false,"is_daily":false,"chose_seed":false,"is_ascension_mode":true,"campfire_upgraded":8,"win_rate":0,"timestamp":1529001436,"campfire_choices":[{"data":"Biased Cognition","floor":15,"key":"SMITH"},{"data":"Chaos","floor":24,"key":"SMITH"},{"data":"Zap","floor":27,"key":"SMITH"},{"data":"Chaos","floor":30,"key":"SMITH"},{"data":"Seek","floor":32,"key":"SMITH"},{"data":"Creative AI","floor":40,"key":"SMITH"},{"data":"Seek","floor":44,"key":"SMITH"},{"data":"Reboot","floor":46,"key":"SMITH"},{"floor":49,"key":"REST"}],"path_taken":["M","M","M","?","$","E","M","E","T","E","?","M","$","M","R","BOSS","M","?","?","?","?","E","R","M","T","R","M","E","R","?","R","BOSS","M","M","?","?","M","R","M","E","T","R","E","R","E","?","R","BOSS"],"build_version":"2018-06-07v3","seed_source_timestamp":3268220726195,"purchased_purges":0,"victory":true,"master_deck":["Strike_B","Strike_B","Strike_B","Defend_B","Defend_B+1","Defend_B+1","Defend_B","Zap+1","Dualcast","Cold Snap","Coolheaded","Chill","Go for the Eyes","Biased Cognition+1","Cold Snap","Capacitor","Hologram","Rebound","Turbo","Seek+1","Hologram","Seek+1","Go for the Eyes","Chaos+1","Defragment+1","Chaos+1","Stack","Electrodynamics","Creative AI+1","Sweeping Beam+1","White Noise","Sweeping Beam+1","Redo+1","Reboot+1","Ball Lightning+1","Coolheaded+1","Barrage"],"max_hp_per_floor":[68,68,68,68,68,68,68,68,68,68,68,68,68,68,68,68,68,68,78,78,78,78,78,78,78,78,78,78,78,78,78,78,78,78,78,78,78,78,78,78,78,78,78,78,78,78,78,78,78,78],"relics":["Cracked Core","Old Coin","Mercury Hourglass","Dream Catcher","Vajra","Ancient Tea Set","Gremlin Horn","Orichalcum","Ectoplasm","Bronze Scales","Letter Opener","Potion Belt","Inserter","Omamori","Shuriken","War Paint","DataDisk"],"card_choices":[{"not_picked":["Stack","Hello World"],"picked":"Cold Snap","floor":1.0},{"not_picked":["Melter","Static Discharge"],"picked":"Coolheaded","floor":2.0},{"not_picked":["Gash","Cold Snap"],"picked":"Chill","floor":3},{"not_picked":["Aggregate","Sweeping Beam"],"picked":"Biased Cognition","floor":6},{"not_picked":["Redo","Hologram"],"picked":"Cold Snap","floor":7},{"not_picked":["Redo","Steam"],"picked":"Capacitor","floor":8},{"not_picked":["Rebound","Coolheaded"],"picked":"Machine Learning","floor":10},{"not_picked":["Reprogram","Stack"],"picked":"Hologram","floor":11},{"not_picked":["Static Discharge","Self Repair"],"picked":"Rebound","floor":12},{"not_picked":["Chill","Rebound"],"picked":"Turbo","floor":14},{"not_picked":["Reboot","Core Surge"],"picked":"Seek","floor":16},{"not_picked":["Leap","Barrage"],"picked":"Hologram","floor":18},{"not_picked":["Leap","Undo"],"picked":"Go for the Eyes","floor":22},{"not_picked":["Storm","Tempest"],"picked":"Chaos","floor":23},{"not_picked":["Compile Driver","Ball Lightning"],"picked":"Defragment+1","floor":25},{"not_picked":["Barrage","Steam"],"picked":"Chaos","floor":28},{"not_picked":["Redo","Steam"],"picked":"Stack","floor":29},{"not_picked":["Stack","Redo+1"],"picked":"Electrodynamics","floor":31},{"not_picked":["Reboot","Machine Learning"],"picked":"Creative AI","floor":33},{"not_picked":["Cold Snap","Redo+1"],"picked":"Sweeping Beam+1","floor":35},{"not_picked":["Melter","Rebound"],"picked":"White Noise","floor":36},{"not_picked":["Rebound","Meteor Strike","Undo"],"picked":"SKIP","floor":39},{"not_picked":["Recycle+1","Stack+1"],"picked":"Sweeping Beam+1","floor":41},{"not_picked":["Steam+1","Coolheaded+1"],"picked":"Redo+1","floor":42},{"not_picked":["Cold Snap","Ball Lightning+1"],"picked":"Reboot","floor":45},{"not_picked":["Double Energy","Hello World"],"picked":"Ball Lightning+1","floor":47},{"not_picked":["Cold Snap","BootSequence"],"picked":"Coolheaded+1","floor":48},{"not_picked":["Storm","Coolheaded"],"picked":"Barrage","floor":49}],"player_experience":752236,"potions_floor_usage":[6,8,12,29,29,42,45,45,50,50,50,50,50,50,50,50,50],"damage_taken":[{"damage":2.0,"enemies":"Jaw Worm","floor":1.0,"turns":3.0},{"damage":0.0,"enemies":"Small Slimes","floor":2.0,"turns":3.0},{"damage":0,"enemies":"2 Louse","floor":3,"turns":2},{"damage":0,"enemies":"3 Sentries","floor":6,"turns":7},{"damage":2,"enemies":"Red Slaver","floor":7,"turns":4},{"damage":12,"enemies":"Gremlin Nob","floor":8,"turns":4},{"damage":0,"enemies":"3 Sentries","floor":10,"turns":6},{"damage":0,"enemies":"Looter","floor":11,"turns":3},{"damage":3,"enemies":"Gremlin Gang","floor":12,"turns":3},{"damage":5,"enemies":"Blue Slaver","floor":14,"turns":3},{"damage":17,"enemies":"The Guardian","floor":16,"turns":10},{"damage":2,"enemies":"2 Thieves","floor":18,"turns":4},{"damage":0,"enemies":"Chosen","floor":22,"turns":5},{"damage":23,"enemies":"Book of Stabbing","floor":23,"turns":7},{"damage":5,"enemies":"Centurion and Healer","floor":25,"turns":5},{"damage":0,"enemies":"Slaver and Parasite","floor":28,"turns":4},{"damage":13,"enemies":"Slavers","floor":29,"turns":4},{"damage":0,"enemies":"Sentry and Sphere","floor":31,"turns":4},{"damage":30,"enemies":"Automaton","floor":33,"turns":9},{"damage":0,"enemies":"Orb Walker","floor":35,"turns":3},{"damage":1,"enemies":"3 Shapes","floor":36,"turns":2},{"damage":0,"enemies":"3 Darklings","floor":39,"turns":3},{"damage":8,"enemies":"Sphere and 2 Shapes","floor":41,"turns":3},{"damage":20,"enemies":"Giant Head","floor":42,"turns":8},{"damage":5,"enemies":"Nemesis","floor":45,"turns":7},{"damage":10,"enemies":"2 Orb Walkers","floor":47,"turns":4},{"damage":5,"enemies":"4 Shapes","floor":48,"turns":2},{"damage":11,"enemies":"Awakened One","floor":50,"turns":9}],"relics_obtained":[{"floor":6,"key":"Dream Catcher"},{"floor":8,"key":"Vajra"},{"floor":9,"key":"Ancient Tea Set"},{"floor":10,"key":"Gremlin Horn"},{"floor":23,"key":"Bronze Scales"},{"floor":26,"key":"Letter Opener"},{"floor":29,"key":"Potion Belt"},{"floor":42,"key":"Omamori"},{"floor":43,"key":"Shuriken"},{"floor":45,"key":"War Paint"},{"floor":47,"key":"DataDisk"}],"event_choices":[{"event_name":"The Cleric","player_choice":"Card Removal","floor":4,"damage_taken":0},{"event_name":"Bonfire Elementals","player_choice":"RARE","floor":19,"damage_taken":0},{"event_name":"Vampires","player_choice":"Ignored","floor":21,"damage_taken":0},{"event_name":"The Woman in Blue","player_choice":"Bought 0 Potions","floor":37,"damage_taken":0},{"event_name":"The Lab","player_choice":"Got Potions","floor":38,"damage_taken":0}],"boss_relics":[{"not_picked":["White Beast Statue","Calling Bell"],"picked":"Ectoplasm"},{"not_picked":["Cursed Key","Eternal Feather"],"picked":"Inserter"}],"items_purged_floors":[],"potions_floor_spawned":[3,6,10,11,18,25,29,33,36,39,42,45,48],"seed_played":"4453217204264274454","ascension_level":7,"potions_obtained":[{"floor":3,"key":"PowerPotion"},{"floor":6,"key":"PowerPotion"},{"floor":10,"key":"LiquidBronze"},{"floor":11,"key":"GamblersBrew"},{"floor":18,"key":"Ancient Potion"},{"floor":25,"key":"EssenceOfSteel"},{"floor":29,"key":"GamblersBrew"},{"floor":33,"key":"SkillPotion"},{"floor":36,"key":"FocusPotion"},{"floor":38,"key":"Block Potion"},{"floor":38,"key":"EntropicBrew"},{"floor":42,"key":"AttackPotion"},{"floor":45,"key":"FearPotion"},{"floor":48,"key":"Strength Potion"}],"is_trial":false}