{"gold_per_floor":[114,114,114,124,199,199,227,227,302,302,312,312,312,140,140,244,244,262,262,281,206,217,244,255,255,282,282,296,296,296,44,44,140,140,154,79,79,0,0,0,16,16,68,85,115,130,147,2,2,2],"floor_reached":51,"playtime":3585,"items_purged":["Parasite","Flechettes"],"score":723,"play_id":"16eeecf0-2c69-4e20-8b4e-a1ec42f4412a","local_time":"20190114155222","is_ascension_mode":true,"campfire_choices":[{"data":"Neutralize","floor":6,"key":"SMITH"},{"floor":10,"key":"REST"},{"data":"Storm of Steel","floor":13,"key":"SMITH"},{"data":"Reflex","floor":15,"key":"SMITH"},{"data":"Leg Sweep","floor":25,"key":"SMITH"},{"data":"Storm of Steel","floor":27,"key":"SMITH"},{"data":"Malaise","floor":32,"key":"SMITH"},{"data":"Footwork","floor":40,"key":"SMITH"},{"data":"Bite","floor":42,"key":"SMITH"},{"floor":49,"key":"REST"}],"neow_cost":"CURSE","seed_source_timestamp":2705684753550,"circlet_count":0,"master_deck":["Defend_G+1","Defend_G+1","Defend_G+1","Defend_G+1","Defend_G+1","Survivor","Neutralize+1","Malaise+1","Quick Slash","Reflex+1","Footwork+1","Storm of Steel+1","Storm of Steel+1","Prepared+1","Bite+1","Bite","Bite","Bite","Bite","Flechettes+1","Flying Knee","Leg Sweep+1","Heel Hook+1","Tools of the Trade+1","Envenom+1","Blade Dance+1","Accuracy+1","Flash of Steel","Noxious Fumes+1","Noxious Fumes+1","Well Laid Plans+1"],"relics":["Ring of the Snake","Orichalcum","Art of War","Shuriken","Frozen Egg 2","WristBlade","Paper Crane","PreservedInsect","Philosopher\u0027s Stone","Red Mask","Strawberry","Nunchaku","Blood Vial"],"potions_floor_usage":[7,23,28,33,50],"damage_taken":[{"damage":0,"enemies":"2 Louse","floor":1,"turns":3},{"damage":0,"enemies":"Small Slimes","floor":4,"turns":4},{"damage":30,"enemies":"3 Sentries","floor":7,"turns":14},{"damage":1,"enemies":"Jaw Worm","floor":11,"turns":4},{"damage":10,"enemies":"Hexaghost","floor":16,"turns":10},{"damage":4,"enemies":"2 Thieves","floor":18,"turns":2},{"damage":10,"enemies":"3 Byrds","floor":20,"turns":7},{"damage":5,"enemies":"Centurion and Healer","floor":22,"turns":5},{"damage":44,"enemies":"Gremlin Leader","floor":23,"turns":9},{"damage":4,"enemies":"Cultist and Chosen","floor":24,"turns":5},{"damage":15,"enemies":"Snake Plant","floor":28,"turns":4},{"damage":23,"enemies":"Champ","floor":33,"turns":11},{"damage":2,"enemies":"Orb Walker","floor":35,"turns":6},{"damage":13,"enemies":"3 Darklings","floor":41,"turns":4},{"damage":5,"enemies":"Transient","floor":44,"turns":5},{"damage":20,"enemies":"Reptomancer","floor":45,"turns":6},{"damage":0,"enemies":"Sphere and 2 Shapes","floor":46,"turns":3},{"damage":10,"enemies":"4 Shapes","floor":47,"turns":7},{"damage":68,"enemies":"Awakened One","floor":50,"turns":18}],"seed_played":"5708564973537241140","potions_obtained":[{"floor":4,"key":"EssenceOfSteel"},{"floor":22,"key":"Block Potion"},{"floor":23,"key":"Dexterity Potion"},{"floor":24,"key":"GhostInAJar"},{"floor":33,"key":"Ancient Potion"},{"floor":41,"key":"GamblersBrew"},{"floor":44,"key":"FairyPotion"}],"is_trial":false,"path_per_floor":["M","?","?","M","?","R","E","?","T","R","M","?","R","$","R","B",null,"M","?","M","?","M","E","M","R","T","R","M","?","?","$","R","B",null,"M","$","?","?","$","R","M","R","T","M","E","M","M","$","R","B",null],"character_chosen":"THE_SILENT","items_purchased":["FairyPotion","Tools of the Trade+1","Accuracy+1","Blood Vial"],"campfire_rested":2,"item_purchase_floors":[14,31,36,48],"current_hp_per_floor":[70,70,63,63,52,52,22,22,22,43,42,59,59,59,59,49,67,63,46,45,43,41,15,21,21,21,21,16,16,16,16,16,9,43,41,41,41,41,41,41,36,36,43,50,38,40,34,34,49,7],"gold":2,"neow_bonus":"TRANSFORM_TWO_CARDS","is_prod":false,"is_daily":false,"chose_seed":false,"campfire_upgraded":8,"win_rate":0,"timestamp":1547477542,"path_taken":["M","?","?","M","?","R","E","?","T","R","M","?","R","$","R","BOSS","M","?","M","?","M","E","M","R","T","R","M","?","?","$","R","BOSS","M","$","?","?","$","R","?","R","T","M","E","M","M","?","R","BOSS"],"build_version":"2019-01-10","purchased_purges":2,"victory":true,"max_hp_per_floor":[70,70,70,70,70,70,70,70,70,70,70,70,70,67,67,67,67,67,46,46,43,43,43,43,43,43,43,43,43,43,43,43,43,43,43,43,43,43,43,43,43,43,50,50,50,50,50,50,50,50],"card_choices":[{"not_picked":["Slice","Dash"],"picked":"Quick Slash","floor":1},{"not_picked":["Outmaneuver","Underhanded Strike"],"picked":"Reflex","floor":4},{"not_picked":["Reflex","Choke"],"picked":"Footwork","floor":7},{"not_picked":["Acrobatics","Flying Knee"],"picked":"Storm of Steel","floor":11},{"not_picked":["Venomology","Adrenaline"],"picked":"Storm of Steel","floor":16},{"not_picked":["Poisoned Stab","Underhanded Strike"],"picked":"Prepared+1","floor":18},{"not_picked":["Flying Knee","Sucker Punch"],"picked":"Flechettes+1","floor":20},{"not_picked":["Slice+1","Deflect"],"picked":"Flying Knee","floor":22},{"not_picked":["Backstab","Deflect"],"picked":"Leg Sweep","floor":23},{"not_picked":["Cloak And Dagger","Concentrate"],"picked":"Heel Hook+1","floor":24},{"not_picked":["Dodge and Roll","Underhanded Strike","Skewer"],"picked":"SKIP","floor":28},{"not_picked":["Venomology","Unload"],"picked":"Envenom+1","floor":33},{"not_picked":["Flying Knee+1","Distraction"],"picked":"Blade Dance+1","floor":35},{"not_picked":["Dark Shackles","Violence"],"picked":"Flash of Steel","floor":37},{"not_picked":["Setup+1","Tactician+1"],"picked":"Noxious Fumes+1","floor":41},{"not_picked":["Expertise","Setup+1","Dash+1"],"picked":"SKIP","floor":44},{"not_picked":["PiercingWail+1","Sucker Punch","Deflect+1"],"picked":"SKIP","floor":45},{"not_picked":["Caltrops+1","Backstab+1"],"picked":"Noxious Fumes+1","floor":46},{"not_picked":["Prepared+1","Dodge and Roll+1"],"picked":"Well Laid Plans+1","floor":47}],"player_experience":160979,"relics_obtained":[{"floor":7,"key":"Shuriken"},{"floor":9,"key":"Frozen Egg 2"},{"floor":23,"key":"Paper Crane"},{"floor":26,"key":"PreservedInsect"},{"floor":43,"key":"Strawberry"},{"floor":45,"key":"Nunchaku"}],"event_choices":[{"damage_healed":0,"gold_gain":0,"player_choice":"Box","damage_taken":0,"relics_obtained":["Orichalcum"],"max_hp_gain":0,"max_hp_loss":0,"event_name":"Big Fish","floor":2,"gold_loss":0,"cards_obtained":["Regret"]},{"damage_healed":0,"gold_gain":0,"player_choice":"Success","damage_taken":7,"relics_obtained":["Art of War"],"max_hp_gain":0,"max_hp_loss":0,"event_name":"Scrap Ooze","floor":3,"gold_loss":0},{"damage_healed":0,"gold_gain":75,"player_choice":"Gather Gold","damage_taken":11,"max_hp_gain":0,"max_hp_loss":0,"event_name":"World of Goop","floor":5,"gold_loss":0},{"cards_removed":["Regret"],"damage_healed":0,"gold_gain":0,"player_choice":"Forget","damage_taken":0,"max_hp_gain":0,"max_hp_loss":0,"event_name":"Living Wall","floor":8,"gold_loss":0},{"damage_healed":17,"gold_gain":0,"player_choice":"Healed and dodged fight","damage_taken":0,"max_hp_gain":0,"max_hp_loss":0,"event_name":"Mushrooms","floor":12,"gold_loss":0,"cards_obtained":["Parasite"]},{"damage_healed":0,"gold_gain":0,"player_choice":"Became a vampire","damage_taken":0,"max_hp_gain":0,"max_hp_loss":21,"event_name":"Vampires","floor":19,"gold_loss":0,"cards_obtained":["Bite","Bite","Bite","Bite","Bite"]},{"cards_removed":["Parasite"],"damage_healed":0,"gold_gain":0,"player_choice":"Gave Gold","damage_taken":0,"max_hp_gain":0,"max_hp_loss":0,"event_name":"Beggar","floor":21,"gold_loss":75},{"damage_healed":0,"gold_gain":0,"player_choice":"Simplicity","damage_taken":0,"max_hp_gain":0,"max_hp_loss":0,"event_name":"Back to Basics","floor":29,"gold_loss":0,"cards_upgraded":["Defend_G","Defend_G","Defend_G","Defend_G","Defend_G"]},{"damage_healed":0,"gold_gain":0,"player_choice":"Ignored","damage_taken":0,"max_hp_gain":0,"max_hp_loss":0,"event_name":"Ghosts","floor":30,"gold_loss":0},{"damage_healed":0,"gold_gain":0,"player_choice":"Memory 1","damage_taken":0,"max_hp_gain":0,"max_hp_loss":0,"event_name":"SensoryStone","floor":37,"gold_loss":0},{"damage_healed":0,"gold_gain":0,"player_choice":"Paid","damage_taken":0,"relics_obtained":["Red Mask"],"max_hp_gain":0,"max_hp_loss":0,"event_name":"Tomb of Lord Red Mask","floor":38,"gold_loss":79}],"is_beta":false,"boss_relics":[{"not_picked":["Empty Cage","Pandora\u0027s Box"],"picked":"WristBlade"},{"not_picked":["White Beast Statue","Black Star"],"picked":"Philosopher\u0027s Stone"}],"items_purged_floors":[14,31],"is_endless":false,"potions_floor_spawned":[4,22,23,24,33,41,44,47],"ascension_level":1}