{"path_per_floor":["M","?","M","M","M","R","?","$","T","$","E","R","E","?","R","B",null,"M","?","$","M","?","R","M","M","T","R","M","$","M","R","B",null,"M","M","?","M","$","R","?","M","T","R","M","R","$","M","R","B"],"character_chosen":"IRONCLAD","items_purchased":["Limit Break","Flex","Flex","Flex"],"gold_per_floor":[118,118,134,154,172,172,172,20,88,39,70,70,105,55,55,154,154,169,94,69,84,84,84,97,117,142,142,154,54,79,79,175,175,188,205,165,184,59,59,59,77,77,77,92,92,70,87,87,87],"floor_reached":50,"campfire_rested":5,"playtime":2278,"current_hp_per_floor":[80,73,73,75,79,79,63,63,63,63,46,70,57,57,57,42,80,69,69,69,52,52,52,35,35,35,59,49,49,47,71,53,80,68,61,61,60,60,60,60,40,40,64,70,70,70,58,80,12],"items_purged":["Strike_R","Strike_R","Defend_R"],"gold":87,"score":679,"play_id":"0374f33d-2e26-4f48-9b99-263a7f6bb126","local_time":"20180329001625","is_prod":false,"is_daily":false,"is_ascension_mode":false,"campfire_upgraded":5,"timestamp":1522275385,"path_taken":["M","?","M","M","M","R","?","$","T","$","E","R","E","?","R","BOSS","M","?","$","M","?","R","?","?","T","R","M","?","?","M","R","BOSS","M","M","?","?","?","R","?","?","T","R","M","R","$","M","R","BOSS"],"build_version":"2018-03-22v2","purchased_purges":4,"victory":true,"master_deck":["Defend_R+1","Defend_R","Bash","Offering","Clothesline","Disarm","Spot Weakness+1","Limit Break+1","Flex","Heavy Blade+1","Limit Break+1","Ghostly Armor","Flex","Thunderclap+1","Sword Boomerang+1","Pommel Strike","Whirlwind+1","Double Tap","Heavy Blade+1","Impervious","Power Through","Ghostly Armor+1","Flex"],"max_hp_per_floor":[80,80,80,80,80,80,80,80,80,80,80,80,80,80,80,80,80,80,80,80,80,80,80,80,80,80,80,80,80,80,80,80,80,80,80,80,80,80,80,80,80,80,80,80,80,80,80,80,80],"relics":["Burning Blood","Gremlin Horn","Paper Frog","Happy Flower","Lizard Tail","Whetstone","Du-Vu Doll","Orrery","Orichalcum"],"card_choices":[{"not_picked":["Sword Boomerang","Infernal Blade"],"picked":"Clothesline","floor":1.0},{"not_picked":["Clash","Body Slam"],"picked":"Disarm","floor":3.0},{"not_picked":["Rage","Searing Blow"],"picked":"Spot Weakness","floor":5.0},{"not_picked":["Armaments","Rampage"],"picked":"Heavy Blade","floor":11.0},{"not_picked":["Brutality","Exhume"],"picked":"Limit Break","floor":16.0},{"not_picked":["Pummel","Feel No Pain"],"picked":"Ghostly Armor","floor":18.0},{"not_picked":["Blood for Blood","Perfected Strike"],"picked":"Thunderclap","floor":24.0},{"not_picked":["Iron Wave","Warcry"],"picked":"Sword Boomerang","floor":25.0},{"not_picked":["Rupture","Spot Weakness"],"picked":"Pommel Strike","floor":28.0},{"not_picked":["Fire Breathing","Feel No Pain"],"picked":"Whirlwind","floor":30},{"not_picked":["Demon Form","Feed"],"picked":"Double Tap","floor":32},{"not_picked":["Headbutt","Dropkick"],"picked":"Heavy Blade","floor":33},{"not_picked":["Cleave","Seeing Red"],"picked":"Impervious","floor":33},{"not_picked":["Iron Wave","Sword Boomerang"],"picked":"Power Through","floor":33},{"not_picked":["Cleave","Armaments"],"picked":"Ghostly Armor","floor":44}],"player_experience":200886,"potions_floor_usage":[32,37,44,49,49],"damage_taken":[{"damage":5.0,"enemies":"Jaw Worm","floor":1.0,"turns":4.0},{"damage":6.0,"enemies":"Small Slimes","floor":3.0,"turns":4.0},{"damage":4.0,"enemies":"2 Louse","floor":4.0,"turns":2.0},{"damage":2.0,"enemies":"2 Fungi Beasts","floor":5.0,"turns":4.0},{"damage":32.0,"enemies":"Gremlin Nob","floor":11.0,"turns":5.0},{"damage":19.0,"enemies":"Lagavulin","floor":13.0,"turns":5.0},{"damage":21.0,"enemies":"The Guardian","floor":16.0,"turns":6.0},{"damage":17.0,"enemies":"3 Byrds","floor":18.0,"turns":5.0},{"damage":23.0,"enemies":"Spheric Guardian","floor":21.0,"turns":4.0},{"damage":23.0,"enemies":"Cultist and Chosen","floor":24.0,"turns":6.0},{"damage":15.0,"enemies":"Snake Plant","floor":25.0,"turns":4.0},{"damage":16.0,"enemies":"Centurion and Healer","floor":28.0,"turns":5.0},{"damage":10.0,"enemies":"Cultist and Chosen","floor":30.0,"turns":5.0},{"damage":4,"enemies":"Sentry and Sphere","floor":30,"turns":3},{"damage":24,"enemies":"Collector","floor":32,"turns":6},{"damage":18,"enemies":"Orb Walker","floor":34,"turns":3},{"damage":13,"enemies":"3 Shapes","floor":35,"turns":4},{"damage":7,"enemies":"Maw","floor":37,"turns":6},{"damage":26,"enemies":"4 Shapes","floor":41,"turns":3},{"damage":0,"enemies":"Sphere and 2 Shapes","floor":44,"turns":2},{"damage":18,"enemies":"3 Darklings","floor":47,"turns":3},{"damage":74,"enemies":"Awakened One","floor":49,"turns":7}],"event_choices":[{"event_name":"Golden Wing","player_choice":"Card Removal","floor":2.0,"damage_taken":0.0},{"event_name":"Shining Light","player_choice":"Entered Light","floor":7.0,"damage_taken":0.0},{"event_name":"The Cleric","player_choice":"Card Removal","floor":14.0,"damage_taken":0.0},{"event_name":"Beggar","player_choice":"Gave Gold","floor":19.0,"damage_taken":0.0},{"event_name":"The Lab","player_choice":"Got Potions","floor":22.0,"damage_taken":0.0},{"event_name":"The Woman in Blue","player_choice":"Bought 3 Potions","floor":36,"damage_taken":0}],"boss_relics":[{"not_picked":["Snecko Eye","Pandora\u0027s Box"],"picked":"Orrery"}],"potions_floor_spawned":[3,4,24,25,28,37,41,47],"seed_played":"4054171096762937099","ascension_level":0,"is_trial":false}