{"gold_per_floor":[109,109,109,124,134,134,147,179,226,226,7,24,58,22,22,97,97,69,69,69,69,89,89,108,108,133,133,152,152,172,26,26,103,103,114,114,114,76,0,0,0,0,0,30,42,0,29,29],"floor_reached":48,"playtime":2618,"items_purged":["Writhe"],"score":964,"play_id":"42b05ea8-c44a-439a-bd37-73c415414b89","local_time":"20180704204402","is_ascension_mode":true,"campfire_choices":[{"data":"Loop","floor":6,"key":"SMITH"},{"data":"Streamline","floor":10,"key":"SMITH"},{"data":"Capacitor","floor":15,"key":"SMITH"},{"floor":23,"key":"REST"},{"floor":25,"key":"REST"},{"floor":32,"key":"REST"},{"floor":40,"key":"REST"},{"floor":42,"key":"REST"}],"neow_cost":"NONE","seed_source_timestamp":3450055383146,"circlet_count":0,"master_deck":["Strike_B+1","Strike_B+1","Defend_B+1","Defend_B+1","Defend_B+1","Zap","Dualcast","AscendersBane","Coolheaded+1","Cold Snap","Loop+1","Streamline+1","Self Repair","Conserve Battery","Buffer","Blizzard","Auto Shields","Go for the Eyes","Capacitor+1","Core Surge","Leap","Glacier","Skim","Glacier","Capacitor","Capacitor","Amplify","Loop+1","Amplify+1","Blizzard+1","Sweeping Beam+1","BootSequence","Loop","Blizzard+1","Stack","White Noise","Beam Cell"],"relics":["Runic Dome","Bottled Tornado","DataDisk","Singing Bowl","Fusion Hammer","FaceOfCleric","Vajra","Lantern","Enchiridion","Juzu Bracelet","Astrolabe","Calipers","Red Mask","The Courier","Kunai","Potion Belt"],"potions_floor_usage":[7,12,28,44,45,47],"damage_taken":[{"damage":0,"enemies":"Small Slimes","floor":1,"turns":3},{"damage":0,"enemies":"Cultist","floor":4,"turns":3},{"damage":0,"enemies":"Jaw Worm","floor":5,"turns":5},{"damage":18,"enemies":"Lots of Slimes","floor":7,"turns":3},{"damage":9,"enemies":"Lagavulin","floor":8,"turns":8},{"damage":1,"enemies":"2 Fungi Beasts","floor":12,"turns":2},{"damage":12,"enemies":"Gremlin Nob","floor":13,"turns":4},{"damage":23,"enemies":"The Guardian","floor":16,"turns":12},{"damage":27,"enemies":"2 Thieves","floor":18,"turns":5},{"damage":14,"enemies":"3 Byrds","floor":22,"turns":6},{"damage":27,"enemies":"Slaver and Parasite","floor":24,"turns":11},{"damage":9,"enemies":"Snake Plant","floor":28,"turns":7},{"damage":4,"enemies":"Centurion and Healer","floor":30,"turns":5},{"damage":0,"enemies":"Collector","floor":33,"turns":14},{"damage":0,"enemies":"3 Shapes","floor":35,"turns":7},{"damage":0,"floor":36,"turns":5},{"damage":0,"enemies":"Giant Head","floor":44,"turns":13},{"damage":0,"enemies":"Flame Bruiser 1 Orb","floor":45,"turns":9},{"damage":45,"enemies":"2 Orb Walkers","floor":47,"turns":10},{"damage":50,"enemies":"Transient","floor":48,"turns":3}],"seed_played":"-5902347246591879079","potions_obtained":[{"floor":1,"key":"PowerPotion"},{"floor":8,"key":"Fire Potion"},{"floor":12,"key":"FearPotion"},{"floor":16,"key":"Poison Potion"},{"floor":33,"key":"Poison Potion"},{"floor":45,"key":"PowerPotion"},{"floor":47,"key":"FocusPotion"}],"is_trial":false,"path_per_floor":["M","?","?","M","M","R","M","E","T","R","$","M","E","$","R","B",null,"M","?","?","?","M","R","M","R","T","?","M","T","M","$","R","B",null,"M","?","?","$","?","R","?","R","T","E","M","$","E"],"character_chosen":"DEFECT","items_purchased":["Buffer","Blizzard","Capacitor","Capacitor","Loop","Beam Cell"],"campfire_rested":5,"item_purchase_floors":[11,11,14,31,38,46],"current_hp_per_floor":[68,68,68,68,68,68,50,48,48,48,48,47,42,42,42,26,63,43,43,43,43,37,59,40,63,63,47,46,46,50,50,73,80,80,81,82,82,82,82,82,82,82,82,83,84,84,49,0],"gold":29,"neow_bonus":"BOSS_RELIC","is_prod":false,"is_daily":false,"chose_seed":false,"campfire_upgraded":3,"win_rate":0,"timestamp":1530762242,"path_taken":["M","?","?","M","?","R","M","E","T","R","$","M","E","?","R","BOSS","M","?","?","?","?","R","M","R","T","?","M","?","M","$","R","BOSS","M","?","?","$","?","R","?","R","T","E","M","$","E","M"],"build_version":"2018-07-03","purchased_purges":1,"victory":false,"max_hp_per_floor":[75,75,75,75,75,75,75,75,75,75,75,75,75,75,75,75,75,75,75,75,75,76,76,77,77,77,77,78,78,79,79,79,80,80,81,82,82,82,82,82,82,82,82,83,84,84,87,87],"card_choices":[{"not_picked":["Genetic Algorithm","Consume"],"picked":"Coolheaded","floor":1},{"not_picked":["Force Field","Steam"],"picked":"Loop","floor":4},{"not_picked":["BootSequence","Steam"],"picked":"Streamline","floor":5},{"not_picked":["Scrape","Stack"],"picked":"Self Repair","floor":7},{"not_picked":["Compile Driver","Consume"],"picked":"Conserve Battery","floor":8},{"not_picked":["Force Field","Genetic Algorithm"],"picked":"Auto Shields","floor":12},{"not_picked":["Force Field","Barrage"],"picked":"Go for the Eyes","floor":13},{"not_picked":["Machine Learning","Multi-Cast"],"picked":"Core Surge","floor":16},{"not_picked":["Consume","Aggregate"],"picked":"Leap","floor":18},{"not_picked":["Capacitor","Conserve Battery"],"picked":"Glacier","floor":22},{"not_picked":["Aggregate","Gash"],"picked":"Skim","floor":24},{"not_picked":["Chaos+1","Tempest"],"picked":"Glacier","floor":28},{"not_picked":["Coolheaded","Ball Lightning"],"picked":"Capacitor","floor":30},{"not_picked":["Meteor Strike","Hyperbeam"],"picked":"Amplify","floor":33},{"not_picked":["Chaos","Beam Cell+1"],"picked":"Sweeping Beam+1","floor":35},{"not_picked":["Doom and Gloom+1","Leap"],"picked":"BootSequence","floor":36},{"not_picked":["Gash","Leap"],"picked":"Stack","floor":44},{"not_picked":["Tempest","Rainbow"],"picked":"White Noise","floor":45},{"not_picked":["Scrape","Lockon+1","Recycle"],"picked":"Singing Bowl","floor":47}],"player_experience":498874,"relics_obtained":[{"floor":8,"key":"Bottled Tornado"},{"floor":9,"key":"DataDisk"},{"floor":13,"key":"Singing Bowl"},{"floor":26,"key":"Lantern"},{"floor":27,"key":"Enchiridion"},{"floor":29,"key":"Juzu Bracelet"},{"floor":36,"key":"Calipers"},{"floor":43,"key":"The Courier"},{"floor":44,"key":"Kunai"},{"floor":47,"key":"Potion Belt"}],"event_choices":[{"event_name":"Match and Keep!","player_choice":"1 cards matched","floor":2,"damage_taken":0},{"event_name":"Upgrade Shrine","player_choice":"Upgraded","floor":3,"damage_taken":0},{"event_name":"Back to Basics","player_choice":"Simplicity","floor":19,"damage_taken":0},{"event_name":"FaceTrader","player_choice":"Trade","floor":20,"damage_taken":0},{"event_name":"The Mausoleum","player_choice":"Yes","floor":21,"damage_taken":0},{"event_name":"Cursed Tome","player_choice":"Obtained Book","floor":27,"damage_taken":0},{"event_name":"MindBloom","player_choice":"Fight","floor":36,"damage_taken":0},{"event_name":"SecretPortal","player_choice":"Rejected Portal.","floor":37,"damage_taken":0},{"event_name":"Tomb of Lord Red Mask","player_choice":"Paid","floor":39,"damage_taken":0},{"event_name":"Duplicator","player_choice":"One dupe","floor":41,"damage_taken":0}],"boss_relics":[{"not_picked":["Coffee Dripper","Calling Bell"],"picked":"Fusion Hammer"},{"not_picked":["Orrery","Snecko Eye"],"picked":"Astrolabe"}],"items_purged_floors":[31],"is_endless":false,"potions_floor_spawned":[1,8,12,16,18,22,33,35,36,45,47],"killed_by":"Transient","ascension_level":13}