{"gold_per_floor":[99,99,24,24,24,24,24,24,24,24,24,24,24,24,24,24,24,24,24,24,0,0,0,0,0,0,0,0,0,0,0,0,0],"floor_reached":33,"playtime":429,"items_purged":["Defend_R"],"score":255,"play_id":"8f0c391f-19ff-4d75-a4c7-5659c981a57d","local_time":"20180704230134","is_ascension_mode":false,"campfire_choices":[{"data":"Whirlwind","floor":6,"key":"SMITH"},{"data":"Bash","floor":8,"key":"SMITH"},{"data":"Strike_R","floor":12,"key":"SMITH"},{"data":"Strike_R","floor":15,"key":"SMITH"},{"data":"Double Tap","floor":23,"key":"SMITH"},{"floor":32,"key":"REST"}],"neow_cost":"NONE","seed_source_timestamp":13894611873388,"circlet_count":0,"master_deck":["Strike_R","Strike_R","Strike_R+1","Strike_R+1","Strike_R","Defend_R","Defend_R","Bash+1","Seeing Red+1","Whirlwind+1","Double Tap+1","Inflame+1"],"relics":["Ectoplasm","Kunai","Mark of Pain","Red Mask","Pear","Oddly Smooth Stone"],"potions_floor_usage":[16,19,28,29,31,33],"damage_taken":[{"damage":8,"enemies":"Small Slimes","floor":1,"turns":2},{"damage":0,"enemies":"2 Louse","floor":5,"turns":2},{"damage":11,"enemies":"Jaw Worm","floor":7,"turns":2},{"damage":0,"enemies":"Exordium Thugs","floor":10,"turns":2},{"damage":52,"enemies":"Hexaghost","floor":16,"turns":7},{"damage":17,"enemies":"Shell Parasite","floor":18,"turns":3},{"damage":10,"floor":19,"turns":2},{"damage":4,"enemies":"2 Thieves","floor":21,"turns":2},{"damage":0,"enemies":"3 Cultists","floor":25,"turns":1},{"damage":3,"enemies":"Chosen and Byrds","floor":28,"turns":3},{"damage":8,"enemies":"Snecko","floor":29,"turns":3},{"damage":17,"enemies":"Gremlin Leader","floor":30,"turns":4},{"damage":28,"enemies":"Snake Plant","floor":31,"turns":3},{"damage":69,"enemies":"Automaton","floor":33,"turns":6}],"seed_played":"2511344512211914501","potions_obtained":[{"floor":1,"key":"BloodPotion"},{"floor":4,"key":"Fire Potion"},{"floor":4,"key":"EntropicBrew"},{"floor":5,"key":"Fire Potion"},{"floor":16,"key":"Energy Potion"},{"floor":18,"key":"Fire Potion"},{"floor":21,"key":"LiquidBronze"},{"floor":31,"key":"PowerPotion"}],"is_trial":false,"path_per_floor":["M","?","$","?","M","R","M","R","T","M","$","R","?","?","R","B",null,"M","?","?","M","$","R","?","M","T","$","M","M","E","M","R"],"character_chosen":"IRONCLAD","items_purchased":[],"campfire_rested":1,"item_purchase_floors":[],"current_hp_per_floor":[72,72,72,72,72,72,61,61,61,61,61,61,61,54,54,2,80,63,53,53,49,49,49,49,49,59,59,56,48,31,3,30,0],"gold":0,"neow_bonus":"BOSS_RELIC","is_prod":false,"is_daily":false,"chose_seed":false,"campfire_upgraded":5,"win_rate":0,"timestamp":1530770494,"path_taken":["M","?","?","?","M","R","M","R","T","?","$","R","?","?","R","BOSS","M","?","?","?","?","R","?","M","T","$","M","M","E","M","R","BOSS"],"build_version":"2018-07-03","purchased_purges":1,"victory":false,"max_hp_per_floor":[80,80,80,80,80,80,80,80,80,80,80,80,80,80,80,80,80,80,80,80,80,80,80,80,80,90,90,90,90,90,90,90,90],"card_choices":[{"not_picked":["Dropkick","True Grit"],"picked":"Seeing Red","floor":1},{"not_picked":["Perfected Strike","Evolve"],"picked":"Whirlwind","floor":5},{"not_picked":["Fiend Fire","Impervious"],"picked":"Double Tap","floor":16},{"not_picked":["Rage","Headbutt+1"],"picked":"Inflame+1","floor":25}],"player_experience":508095,"relics_obtained":[{"floor":9,"key":"Kunai"},{"floor":19,"key":"Red Mask"},{"floor":26,"key":"Pear"},{"floor":30,"key":"Oddly Smooth Stone"}],"event_choices":[{"event_name":"Living Wall","player_choice":"Grow","floor":2,"damage_taken":0},{"event_name":"The Lab","player_choice":"Got Potions","floor":4,"damage_taken":0},{"event_name":"The Cleric","player_choice":"Leave","floor":13,"damage_taken":0},{"event_name":"Golden Wing","player_choice":"Card Removal","floor":14,"damage_taken":0},{"event_name":"Masked Bandits","player_choice":"Fought over 24 gold","floor":19,"damage_taken":0},{"event_name":"Vampires","player_choice":"Ignored","floor":20,"damage_taken":0},{"event_name":"Drug Dealer","player_choice":"Ignored","floor":24,"damage_taken":0}],"boss_relics":[{"not_picked":["Pandora\u0027s Box","Snecko Eye"],"picked":"Mark of Pain"}],"items_purged_floors":[3],"is_endless":false,"potions_floor_spawned":[1,5,10,16,18,21,31],"killed_by":"Automaton","ascension_level":0}