{"gold_per_floor":[111,123,143,153,253,253,328,328,328,328,358,19,19,32,32,137,137,157,170,181,11,25,25,38,56,136,136,136,153,182,192,192,192],"floor_reached":33,"playtime":3170,"items_purged":["Strike_G","Strike_G"],"score":271,"play_id":"cd76be49-8cbc-4828-98dd-fcd0b58b220e","local_time":"20181026171300","is_ascension_mode":false,"campfire_choices":[{"data":"Cloak And Dagger","floor":6,"key":"SMITH"},{"data":"Neutralize","floor":8,"key":"SMITH"},{"data":"Backflip","floor":10,"key":"SMITH"},{"data":"Cloak And Dagger","floor":15,"key":"SMITH"},{"floor":23,"key":"REST"},{"data":"Cloak And Dagger","floor":28,"key":"SMITH"},{"floor":32,"key":"REST"}],"neow_cost":"NONE","seed_source_timestamp":1292183415607508,"circlet_count":0,"master_deck":["Defend_G","Defend_G","Defend_G","Strike_G","Strike_G","Survivor","Neutralize+1","Quick Slash","Cloak And Dagger+1","Flying Knee","Backflip+1","Finisher","Cloak And Dagger+1","Riddle With Holes","Cloak And Dagger+1","Phantasmal Killer","Deadly Poison+1","Blade Dance","Endless Agony","Noxious Fumes","Bane+1","Dagger Throw","Finisher+1","Endless Agony+1","A Thousand Cuts"],"relics":["Ring of the Snake","Lantern","Gremlin Horn","Happy Flower","Vajra","Empty Cage","Molten Egg 2","Smiling Mask"],"potions_floor_usage":[4,11,16,16,20,22,25,30,31,33],"damage_taken":[{"damage":7,"enemies":"Cultist","floor":1,"turns":5},{"damage":0,"enemies":"2 Louse","floor":2,"turns":3},{"damage":0,"enemies":"Small Slimes","floor":3,"turns":3},{"damage":0,"enemies":"Looter","floor":4,"turns":1},{"damage":4,"enemies":"Gremlin Nob","floor":11,"turns":3},{"damage":0,"enemies":"Blue Slaver","floor":14,"turns":1},{"damage":27,"enemies":"Slime Boss","floor":16,"turns":12},{"damage":0,"enemies":"3 Byrds","floor":18,"turns":3},{"damage":0,"enemies":"Spheric Guardian","floor":19,"turns":3},{"damage":17,"enemies":"Shelled Parasite and Fungi","floor":20,"turns":4},{"damage":11,"enemies":"Centurion and Healer","floor":22,"turns":3},{"damage":6,"enemies":"3 Cultists","floor":24,"turns":4},{"damage":0,"enemies":"Chosen and Byrds","floor":25,"turns":3},{"damage":4,"enemies":"Shelled Parasite and Fungi","floor":29,"turns":3},{"damage":25,"enemies":"Book of Stabbing","floor":30,"turns":4},{"damage":6,"enemies":"Centurion and Healer","floor":31,"turns":3},{"damage":42,"enemies":"Champ","floor":33,"turns":8}],"seed_played":"-5656057022925121975","potions_obtained":[{"floor":3,"key":"SkillPotion"},{"floor":4,"key":"Fire Potion"},{"floor":11,"key":"Ancient Potion"},{"floor":14,"key":"Weak Potion"},{"floor":16,"key":"Dexterity Potion"},{"floor":19,"key":"LiquidBronze"},{"floor":20,"key":"Explosive Potion"},{"floor":22,"key":"Fire Potion"},{"floor":25,"key":"LiquidBronze"},{"floor":30,"key":"SkillPotion"}],"is_trial":false,"path_per_floor":["M","M","M","M","?","R","?","R","T","R","E","$","?","M","R","B",null,"M","M","M","$","M","R","M","M","T","?","R","M","E","M","R"],"character_chosen":"THE_SILENT","items_purchased":["Vajra","Cloak And Dagger","Riddle With Holes","Noxious Fumes"],"campfire_rested":2,"item_purchase_floors":[12,12,12,21],"current_hp_per_floor":[63,63,63,63,63,63,52,52,52,52,48,48,70,70,70,43,70,70,70,53,53,42,63,57,57,57,57,57,53,28,22,43,1],"gold":192,"neow_bonus":"RANDOM_COMMON_RELIC","is_prod":false,"is_daily":false,"chose_seed":false,"campfire_upgraded":5,"win_rate":0.0,"timestamp":1540527180,"path_taken":["M","?","M","M","?","R","?","R","T","R","E","$","?","M","R","BOSS","M","M","M","$","?","R","M","M","T","?","R","M","E","M","R","BOSS"],"build_version":"2018-10-18","purchased_purges":2,"victory":false,"max_hp_per_floor":[70,70,70,70,70,70,70,70,70,70,70,70,70,70,70,70,70,70,70,70,70,70,70,70,70,70,70,70,70,70,70,70,70],"card_choices":[{"not_picked":["Bane","Skewer"],"picked":"Quick Slash","floor":1},{"not_picked":["Calculated Gamble","Bane"],"picked":"Cloak And Dagger","floor":2},{"not_picked":["Outmaneuver","Blur"],"picked":"Flying Knee","floor":3},{"not_picked":["Malaise","Cloak And Dagger"],"picked":"Backflip","floor":4},{"not_picked":["Quick Slash","Prepared"],"picked":"Finisher","floor":11},{"not_picked":["Envenom","Prepared"],"picked":"Cloak And Dagger","floor":14},{"not_picked":["Venomology","Unload"],"picked":"Phantasmal Killer","floor":16},{"not_picked":["Dagger Throw","Blur+1"],"picked":"Deadly Poison+1","floor":18},{"not_picked":["Underhanded Strike","Prepared+1"],"picked":"Blade Dance","floor":19},{"not_picked":["Sucker Punch","Deflect"],"picked":"Endless Agony","floor":20},{"not_picked":["Prepared+1","Deflect+1","Acrobatics+1"],"picked":"SKIP","floor":22},{"not_picked":["PiercingWail","Backflip"],"picked":"Bane+1","floor":24},{"not_picked":["Underhanded Strike","Acrobatics"],"picked":"Dagger Throw","floor":25},{"not_picked":["Quick Slash+1","Escape Plan"],"picked":"Finisher+1","floor":29},{"not_picked":["Phantasmal Killer","Deflect"],"picked":"Endless Agony+1","floor":30},{"not_picked":["Bane+1","Poisoned Stab+1"],"picked":"A Thousand Cuts","floor":31}],"player_experience":231825,"relics_obtained":[{"floor":9,"key":"Gremlin Horn"},{"floor":11,"key":"Happy Flower"},{"floor":26,"key":"Molten Egg 2"},{"floor":30,"key":"Smiling Mask"}],"event_choices":[{"damage_healed":0,"gold_gain":100,"player_choice":"Gold","damage_taken":0,"max_hp_gain":0,"max_hp_loss":0,"event_name":"Wheel of Change","floor":5,"gold_loss":0},{"damage_healed":0,"gold_gain":75,"player_choice":"Gather Gold","damage_taken":11,"max_hp_gain":0,"max_hp_loss":0,"event_name":"World of Goop","floor":7,"gold_loss":0},{"damage_healed":23,"gold_gain":0,"player_choice":"Banana","damage_taken":0,"max_hp_gain":0,"max_hp_loss":0,"event_name":"Big Fish","floor":13,"gold_loss":0},{"cards_removed":["Strike_G"],"damage_healed":0,"gold_gain":0,"player_choice":"Elegance","damage_taken":0,"max_hp_gain":0,"max_hp_loss":0,"event_name":"Back to Basics","floor":27,"gold_loss":0}],"is_beta":false,"boss_relics":[{"not_picked":["Cursed Key","Ectoplasm"],"picked":"Empty Cage"}],"items_purged_floors":[12,21],"is_endless":false,"potions_floor_spawned":[3,4,11,14,16,19,20,22,25,30],"killed_by":"Champ","ascension_level":0}