{"gold_per_floor":[111,127,142,22,97,97,124,124,124,124,180,191,191,205,205,305,305,287,287,298,310,325,325,325,325,396,421,521,521,535,8,8,8],"floor_reached":33,"playtime":2424,"items_purged":[],"score":265,"play_id":"8a6f5622-c288-45d2-82c2-2e6b0de5b062","local_time":"20181231200531","is_ascension_mode":false,"campfire_choices":[{"data":"Chill","floor":6.0,"key":"SMITH"},{"data":"Redo","floor":8.0,"key":"SMITH"},{"data":"Zap","floor":10.0,"key":"SMITH"},{"data":"Darkness","floor":13.0,"key":"SMITH"},{"data":"Lockon","floor":15.0,"key":"SMITH"},{"floor":23.0,"key":"RECALL"},{"data":"Fission","floor":25.0,"key":"SMITH"},{"floor":32,"key":"REST"}],"neow_cost":"CURSE","seed_source_timestamp":0,"circlet_count":0,"master_deck":["Strike_B","Defend_B","Defend_B","Zap+1","Dualcast","Cold Snap","Chill+1","Redo+1","Undo","Sweeping Beam","Redo","Self Repair","Barrage","Lockon+1","Darkness+1","Conserve Battery","Hello World+1","BootSequence+1","White Noise+1","Redo+1","Coolheaded","Turbo","Fission+1","Conserve Battery","Sweeping Beam","PiercingWail","Storm"],"special_seed":0,"relics":["Cracked Core","Gambling Chip","Bag of Preparation","Astrolabe","Bottled Tornado","Centennial Puzzle","Torii","Singing Bowl","HandDrill","Mercury Hourglass"],"potions_floor_usage":[27,28,28,28,30],"damage_taken":[{"damage":3.0,"enemies":"Jaw Worm","floor":1.0,"turns":4.0},{"damage":0.0,"enemies":"Cultist","floor":2.0,"turns":4.0},{"damage":0.0,"enemies":"2 Louse","floor":3.0,"turns":1.0},{"damage":15.0,"enemies":"Lagavulin","floor":7.0,"turns":11.0},{"damage":13.0,"enemies":"3 Sentries","floor":11.0,"turns":7.0},{"damage":4.0,"enemies":"Large Slime","floor":12.0,"turns":4.0},{"damage":0.0,"enemies":"3 Louse","floor":14.0,"turns":3.0},{"damage":4.0,"enemies":"Slime Boss","floor":16.0,"turns":6.0},{"damage":3.0,"enemies":"2 Thieves","floor":18.0,"turns":4.0},{"damage":0.0,"enemies":"Spheric Guardian","floor":20.0,"turns":3.0},{"damage":5.0,"enemies":"Snake Plant","floor":21.0,"turns":5.0},{"damage":7.0,"enemies":"Snecko","floor":22.0,"turns":5.0},{"damage":8,"enemies":"Book of Stabbing","floor":27,"turns":5},{"damage":0,"enemies":"Colosseum Slavers","floor":28,"turns":4},{"damage":46,"enemies":"Colosseum Nobs","floor":28,"turns":4},{"damage":8,"enemies":"Centurion and Healer","floor":30,"turns":7},{"damage":75,"enemies":"Automaton","floor":33,"turns":12}],"seed_played":"747258997694249828","potions_obtained":[{"floor":2.0,"key":"FearPotion"},{"floor":7.0,"key":"GamblersBrew"},{"floor":12.0,"key":"Block Potion"},{"floor":20.0,"key":"Explosive Potion"},{"floor":22.0,"key":"Regen Potion"},{"floor":27,"key":"Regen Potion"},{"floor":28,"key":"Explosive Potion"}],"is_trial":false,"path_per_floor":["M","M","M","$","?","R","E","R","T","R","?","M","R","M","R","B",null,"M","?","M","M","M","R","?","R","T","E","?","?","M","$","R","B"],"character_chosen":"DEFECT","items_purchased":["Redo","Self Repair","HandDrill","Mercury Hourglass","Storm"],"campfire_rested":1,"item_purchase_floors":[4,4,31,31,31],"current_hp_per_floor":[72,72,72,72,61,61,53,53,53,53,47,50,50,57,57,53,75,75,75,75,75,68,68,68,68,68,67,45,45,46,46,69,0],"gold":8,"neow_bonus":"TRANSFORM_TWO_CARDS","is_prod":false,"is_daily":false,"chose_seed":false,"campfire_upgraded":6,"win_rate":0,"timestamp":1546239931,"path_taken":["M","M","M","$","?","R","E","R","T","R","?","M","R","M","R","BOSS","M","?","?","M","M","R","?","R","T","E","?","?","M","$","R","BOSS"],"build_version":"2018-12-20","purchased_purges":0,"victory":false,"max_hp_per_floor":[75,75,75,75,75,75,75,75,75,75,75,75,75,75,75,75,75,75,75,75,75,75,75,75,75,75,75,75,75,77,77,77,77],"card_choices":[{"not_picked":["Rip and Tear","Go for the Eyes"],"picked":"Redo","floor":1.0},{"not_picked":["Coolheaded","Hologram"],"picked":"Undo","floor":2.0},{"not_picked":["Darkness","Barrage"],"picked":"Sweeping Beam","floor":3.0},{"not_picked":["All For One","Gash"],"picked":"Barrage","floor":7.0},{"not_picked":["Redo","Heatsinks"],"picked":"Lockon","floor":11.0},{"not_picked":["Undo","Beam Cell"],"picked":"Darkness","floor":12.0},{"not_picked":["White Noise","Coolheaded"],"picked":"Conserve Battery","floor":14.0},{"not_picked":["All For One","Reboot"],"picked":"Creative AI","floor":16.0},{"not_picked":["Sweeping Beam+1","BootSequence"],"picked":"Redo+1","floor":18.0},{"not_picked":["Redo","Gash+1"],"picked":"Coolheaded","floor":20.0},{"not_picked":["Chill+1","Conserve Battery"],"picked":"Turbo","floor":21.0},{"not_picked":["Go for the Eyes","Consume+1"],"picked":"Fission","floor":22.0},{"not_picked":["All For One","Recycle"],"picked":"Conserve Battery","floor":27},{"not_picked":["Streamline","Cold Snap"],"picked":"Sweeping Beam","floor":28},{"not_picked":["Recycle","Turbo","Lockon"],"picked":"Singing Bowl","floor":30}],"player_experience":545141,"relics_obtained":[{"floor":7.0,"key":"Gambling Chip"},{"floor":11.0,"key":"Bag of Preparation"},{"floor":26.0,"key":"Bottled Tornado"},{"floor":27,"key":"Centennial Puzzle"},{"floor":28,"key":"Torii"},{"floor":28,"key":"Singing Bowl"}],"event_choices":[{"damage_healed":0.0,"max_hp_gain":0.0,"max_hp_loss":0.0,"gold_gain":75.0,"event_name":"World of Goop","player_choice":"Gather Gold","floor":5.0,"gold_loss":0.0,"damage_taken":11.0},{"damage_healed":0.0,"max_hp_gain":0.0,"max_hp_loss":0.0,"gold_gain":0.0,"event_name":"Dead Adventurer","player_choice":"Searched \u00272\u0027 times","floor":11.0,"gold_loss":0.0,"damage_taken":0.0},{"cards_removed":["Shame"],"damage_healed":0.0,"max_hp_gain":0.0,"max_hp_loss":0.0,"gold_gain":0.0,"event_name":"Purifier","player_choice":"Purged","floor":19.0,"gold_loss":0.0,"damage_taken":0.0},{"damage_healed":0.0,"max_hp_gain":0.0,"max_hp_loss":0.0,"gold_gain":0.0,"event_name":"Vampires","player_choice":"Ignored","floor":24.0,"gold_loss":0.0,"damage_taken":0.0},{"damage_healed":0,"gold_gain":0,"player_choice":"Fight","damage_taken":0,"max_hp_gain":0,"max_hp_loss":0,"event_name":"Colosseum","floor":28,"gold_loss":0},{"damage_healed":0,"gold_gain":0,"player_choice":"Fought Nobs","damage_taken":0,"max_hp_gain":0,"max_hp_loss":0,"event_name":"Colosseum","floor":28,"gold_loss":0},{"cards_removed":["Creative AI"],"damage_healed":0,"gold_gain":0,"player_choice":"Took Card","damage_taken":0,"max_hp_gain":0,"max_hp_loss":0,"event_name":"NoteForYourself","floor":29,"gold_loss":0,"cards_obtained":["PiercingWail"]}],"is_beta":false,"boss_relics":[{"not_picked":["Fusion Hammer","White Beast Statue"],"picked":"Astrolabe"}],"items_purged_floors":[],"is_endless":false,"potions_floor_spawned":[2,7,12,20,22,27,28],"killed_by":"Automaton","ascension_level":0}