{"gold_per_floor":[113,130,130,141,154,154,185,185,185,185,202,202,202,213,213,288,288,300,317,317,330,40,40,51,66,90,123,123,134,134,134,134,205,205,218,218,96,113,128,128,128],"floor_reached":41,"playtime":4009,"items_purged":["Writhe","Hemokinesis+1"],"score":880,"play_id":"5c08870c-8a56-4fda-9a45-a0acf2c5baf4","local_time":"20190121161055","is_ascension_mode":true,"campfire_choices":[{"data":"Uppercut","floor":6.0,"key":"SMITH"},{"data":"Corruption","floor":8.0,"key":"SMITH"},{"data":"Spot Weakness","floor":10.0,"key":"SMITH"},{"data":"Pommel Strike","floor":15.0,"key":"SMITH"},{"floor":23.0,"key":"REST"},{"data":"Dark Embrace","floor":28.0,"key":"SMITH"},{"data":"Feel No Pain","floor":30.0,"key":"SMITH"},{"floor":32.0,"key":"REST"},{"floor":40,"key":"REST"}],"neow_cost":"NONE","seed_source_timestamp":779603955904913,"circlet_count":0,"master_deck":["AscendersBane","Bash","Uppercut+1","Corruption+1","Pommel Strike+1","Anger","Spot Weakness+1","Disarm+1","Double Tap+1","Whirlwind+1","Dark Embrace+1","Body Slam+1","Feel No Pain+1","Armaments+1","Finesse+1","Intimidate+1","Flame Barrier+1","True Grit+1","Inflame","Entrench+1","Exhume+1","Rupture","Bludgeon+1","Pommel Strike+1","Metallicize","Cleave+1","Sentinel+1","Shockwave+1","Rupture","Shrug It Off+1","Feel No Pain+1"],"special_seed":0,"relics":["Burning Blood","Toxic Egg 2","Molten Egg 2","Mark of Pain","Gremlin Horn","Orichalcum","The Courier","Pandora\u0027s Box"],"potions_floor_usage":[33,41],"damage_taken":[{"damage":7.0,"enemies":"Small Slimes","floor":1.0,"turns":3.0},{"damage":9.0,"enemies":"Jaw Worm","floor":2.0,"turns":5.0},{"damage":6.0,"enemies":"Cultist","floor":4.0,"turns":3.0},{"damage":19.0,"enemies":"Looter","floor":5.0,"turns":3.0},{"damage":24.0,"enemies":"Gremlin Nob","floor":7.0,"turns":4.0},{"damage":11.0,"enemies":"3 Louse","floor":11.0,"turns":3.0},{"damage":12.0,"enemies":"Gremlin Gang","floor":14.0,"turns":6.0},{"damage":39.0,"enemies":"The Guardian","floor":16.0,"turns":11.0},{"damage":4.0,"enemies":"Chosen","floor":18.0,"turns":5.0},{"damage":28.0,"enemies":"3 Byrds","floor":19.0,"turns":5.0},{"damage":15.0,"enemies":"Snake Plant","floor":21.0,"turns":4.0},{"damage":11.0,"enemies":"Centurion and Healer","floor":24.0,"turns":5.0},{"damage":13.0,"enemies":"Chosen and Byrds","floor":25.0,"turns":5.0},{"damage":6.0,"enemies":"Slavers","floor":27.0,"turns":4.0},{"damage":3.0,"enemies":"3 Cultists","floor":29.0,"turns":4.0},{"damage":20,"enemies":"Automaton","floor":33,"turns":6},{"damage":30,"enemies":"Orb Walker","floor":35,"turns":6},{"damage":40,"enemies":"3 Shapes","floor":38,"turns":3},{"damage":14,"enemies":"Writhing Mass","floor":39,"turns":8},{"damage":37,"enemies":"Sphere and 2 Shapes","floor":41,"turns":3}],"seed_played":"5287085253635311048","potions_obtained":[{"floor":1.0,"key":"SpeedPotion"},{"floor":2.0,"key":"FearPotion"},{"floor":7.0,"key":"Regen Potion"},{"floor":14.0,"key":"Dexterity Potion"},{"floor":21.0,"key":"EntropicBrew"},{"floor":27.0,"key":"FearPotion"},{"floor":39,"key":"SpeedPotion"}],"is_trial":false,"path_per_floor":["M","M","?","M","M","R","E","R","T","R","M","?","?","M","R","B",null,"M","M","T","M","$","R","M","M","T","E","R","M","R","?","R","B",null,"M","?","$","M","M","R","M"],"character_chosen":"IRONCLAD","items_purchased":["Feel No Pain","Armaments+1","Finesse+1","Shrug It Off+1"],"campfire_rested":3,"item_purchase_floors":[22,22,22,37],"current_hp_per_floor":[67,64,69,69,56,56,38,38,38,38,33,33,33,42,42,9,62,64,42,42,33,33,57,52,45,45,45,45,48,48,48,72,58,75,51,51,51,17,9,33,0],"gold":128,"neow_bonus":"TRANSFORM_CARD","is_prod":false,"is_daily":false,"chose_seed":false,"campfire_upgraded":6,"win_rate":0,"timestamp":1548047455,"path_taken":["M","M","?","M","M","R","E","R","T","R","M","?","?","M","R","BOSS","M","M","?","M","$","R","M","M","T","E","R","M","R","?","R","BOSS","M","?","$","?","M","R","M"],"build_version":"2019-01-17v2","purchased_purges":2,"victory":false,"max_hp_per_floor":[75,75,80,80,80,80,80,80,80,80,80,80,80,80,80,80,80,80,80,80,80,80,80,80,80,80,80,80,80,80,80,80,80,80,80,80,80,80,80,80,80],"card_choices":[{"not_picked":["Hemokinesis","Body Slam"],"picked":"Corruption","floor":1.0},{"not_picked":["Entrench","Carnage"],"picked":"Pommel Strike","floor":2.0},{"not_picked":["Sentinel","Power Through"],"picked":"Anger","floor":4.0},{"not_picked":["Heavy Blade","Armaments"],"picked":"Spot Weakness","floor":5.0},{"not_picked":["Wild Strike","Pommel Strike"],"picked":"Disarm","floor":7.0},{"not_picked":["Cleave+1","Sever Soul+1","Clash+1"],"picked":"SKIP","floor":11.0},{"not_picked":["Wild Strike+1","Uppercut+1"],"picked":"Whirlwind+1","floor":14.0},{"not_picked":["Bludgeon+1","Juggernaut"],"picked":"Dark Embrace","floor":16.0},{"not_picked":["Searing Blow+1","Clash+1","Rage+1"],"picked":"SKIP","floor":18.0},{"not_picked":["Clothesline+1","Sword Boomerang+1","Bludgeon+1"],"picked":"SKIP","floor":19.0},{"not_picked":["Cleave+1","Iron Wave+1"],"picked":"Body Slam+1","floor":21.0},{"not_picked":["Iron Wave+1","Cleave+1"],"picked":"Intimidate+1","floor":24.0},{"not_picked":["Hemokinesis+1","Searing Blow+1"],"picked":"Flame Barrier+1","floor":25.0},{"not_picked":["Clothesline+1","Sever Soul+1"],"picked":"True Grit+1","floor":27.0},{"not_picked":["Thunderclap+1","Sever Soul+1"],"picked":"Inflame","floor":29.0},{"not_picked":["Limit Break+1","Bludgeon+1"],"picked":"Exhume+1","floor":33},{"not_picked":["Infernal Blade+1","Wild Strike+1"],"picked":"Shockwave+1","floor":35},{"not_picked":["Armaments+1","Spot Weakness+1"],"picked":"Feel No Pain+1","floor":38},{"not_picked":["Anger+1","Power Through+1","Clothesline+1"],"picked":"SKIP","floor":39}],"player_experience":638193,"relics_obtained":[{"floor":7.0,"key":"Toxic Egg 2"},{"floor":9.0,"key":"Molten Egg 2"},{"floor":20.0,"key":"Gremlin Horn"},{"floor":26.0,"key":"Orichalcum"},{"floor":27.0,"key":"The Courier"}],"event_choices":[{"damage_healed":0.0,"max_hp_gain":5.0,"max_hp_loss":0.0,"gold_gain":0.0,"event_name":"Big Fish","player_choice":"Donut","floor":3.0,"gold_loss":0.0,"damage_taken":0.0},{"damage_healed":0.0,"max_hp_gain":0.0,"max_hp_loss":0.0,"gold_gain":0.0,"event_name":"Liars Game","player_choice":"Ignored","floor":12.0,"gold_loss":0.0,"damage_taken":0.0},{"damage_healed":0.0,"max_hp_gain":0.0,"max_hp_loss":0.0,"gold_gain":0.0,"event_name":"Match and Keep!","player_choice":"2 cards matched","floor":13.0,"gold_loss":0.0,"damage_taken":0.0,"cards_obtained":["Writhe","Double Tap"]},{"damage_healed":0.0,"max_hp_gain":0.0,"max_hp_loss":0.0,"gold_gain":0.0,"event_name":"The Library","player_choice":"Read","floor":31.0,"gold_loss":0.0,"damage_taken":0.0,"cards_obtained":["Entrench"]},{"damage_healed":0,"gold_gain":0,"cards_transformed":["Reckless Charge"],"player_choice":"Transformed","damage_taken":0,"max_hp_gain":0,"max_hp_loss":0,"event_name":"Transmorgrifier","floor":36,"gold_loss":0,"cards_obtained":["Rupture"]}],"is_beta":false,"boss_relics":[{"not_picked":["Eternal Feather","Astrolabe"],"picked":"Mark of Pain"},{"not_picked":["Philosopher\u0027s Stone","Empty Cage"],"picked":"Pandora\u0027s Box"}],"items_purged_floors":[22,37],"is_endless":false,"potions_floor_spawned":[1,2,7,14,21,24,25,27,39],"killed_by":"Sphere and 2 Shapes","ascension_level":20}