{"gold_per_floor":[20,20,32,32,32,32,59,59,59,77,77],"floor_reached":11,"playtime":324,"items_purged":[],"score":110,"play_id":"eea534a8-9483-43e9-9152-59aaff19d164","local_time":"20190202000530","is_ascension_mode":true,"campfire_choices":[{"floor":6,"key":"REST"}],"neow_cost":"NO_GOLD","seed_source_timestamp":39566978458600,"circlet_count":0,"master_deck":["AscendersBane","Defend_G","Defend_G","Defend_G","Defend_G","Strike_G","Strike_G","Strike_G","Strike_G","Survivor","Neutralize","Catalyst","Accuracy","Poisoned Stab"],"relics":["Ring of the Snake","StoneCalendar","Matryoshka","Centennial Puzzle","Turnip"],"potions_floor_usage":[7],"damage_taken":[{"damage":7,"enemies":"Small Slimes","floor":1,"turns":3},{"damage":15,"enemies":"Jaw Worm","floor":3,"turns":6},{"damage":24,"enemies":"3 Sentries","floor":7,"turns":7},{"damage":7,"enemies":"Cultist","floor":10,"turns":5},{"damage":23,"enemies":"Gremlin Gang","floor":11,"turns":6}],"seed_played":"7447417047226447935","potions_obtained":[{"floor":1,"key":"SpeedPotion"}],"is_trial":false,"path_per_floor":["M","?","M","?","?","R","E","$","T","M","M"],"character_chosen":"THE_SILENT","items_purchased":[],"campfire_rested":1,"item_purchase_floors":[],"current_hp_per_floor":[56,70,55,30,30,51,27,27,27,20,0],"gold":77,"neow_bonus":"TRANSFORM_TWO_CARDS","is_prod":false,"is_daily":false,"chose_seed":false,"campfire_upgraded":0,"win_rate":0,"timestamp":1549058730,"path_taken":["M","?","M","?","?","R","E","?","T","M","?"],"build_version":"2019-01-23","purchased_purges":0,"victory":false,"max_hp_per_floor":[70,70,70,70,70,70,70,70,70,70,70],"card_choices":[{"not_picked":["Escape Plan","Blur","Acrobatics"],"picked":"SKIP","floor":1},{"not_picked":["Deflect","Dagger Throw","Quick Slash"],"picked":"SKIP","floor":3},{"not_picked":["Escape Plan","Endless Agony","Masterful Stab"],"picked":"SKIP","floor":7},{"not_picked":["Escape Plan","Endless Agony","Masterful Stab"],"picked":"SKIP","floor":7},{"not_picked":["Prepared","Outmaneuver"],"picked":"Poisoned Stab","floor":10}],"player_experience":557536,"relics_obtained":[{"floor":7,"key":"Matryoshka"},{"floor":9,"key":"Centennial Puzzle"},{"floor":9,"key":"Turnip"}],"event_choices":[{"damage_healed":23,"gold_gain":0,"player_choice":"Banana","damage_taken":0,"max_hp_gain":0,"max_hp_loss":0,"event_name":"Big Fish","floor":2,"gold_loss":0},{"damage_healed":0,"gold_gain":0,"player_choice":"Success","damage_taken":25,"relics_obtained":["StoneCalendar"],"max_hp_gain":0,"max_hp_loss":0,"event_name":"Scrap Ooze","floor":4,"gold_loss":0},{"damage_healed":0,"gold_gain":0,"player_choice":"Leave","damage_taken":0,"max_hp_gain":0,"max_hp_loss":0,"event_name":"The Cleric","floor":5,"gold_loss":0}],"is_beta":false,"boss_relics":[],"items_purged_floors":[],"is_endless":false,"potions_floor_spawned":[1],"killed_by":"Gremlin Gang","ascension_level":11}