{"gold_per_floor":[114,114,135,135,135,135,135,135,135,155,230,295,311,7,7,101,401,416,416,416],"floor_reached":20,"playtime":420,"items_purged":[],"score":423,"play_id":"3ec624c2-2474-4e91-8ed7-005b9e700e84","local_time":"20181206142710","is_ascension_mode":true,"campfire_choices":[{"data":"Bash","floor":6,"key":"SMITH"},{"data":"Anger","floor":8,"key":"SMITH"},{"data":"Hemokinesis","floor":15,"key":"SMITH"}],"neow_cost":"TEN_PERCENT_HP_LOSS","seed_source_timestamp":29067179187219,"circlet_count":0,"master_deck":["AscendersBane","Strike_R","Strike_R","Strike_R","Strike_R","Defend_R","Defend_R","Defend_R","Defend_R","Bash+1","Anger+1","Injury","Armaments+1","Shrug It Off","Shockwave","Inflame","Hemokinesis+1","Double Tap","Regret","Clumsy","Parasite","Warcry"],"relics":["Burning Blood","Du-Vu Doll","Golden Idol","Bag of Marbles","Tiny Chest","Chemical X","Calling Bell","Smiling Mask","Pantograph","Old Coin"],"potions_floor_usage":[12,16],"damage_taken":[{"damage":14,"enemies":"Jaw Worm","floor":1,"turns":3},{"damage":5,"enemies":"Small Slimes","floor":3,"turns":3},{"damage":3,"enemies":"2 Louse","floor":10,"turns":3},{"damage":8,"enemies":"Gremlin Nob","floor":12,"turns":3},{"damage":0,"enemies":"Lots of Slimes","floor":13,"turns":4},{"damage":52,"enemies":"The Guardian","floor":16,"turns":9},{"damage":28,"enemies":"Chosen","floor":18,"turns":5},{"damage":21,"enemies":"Shell Parasite","floor":20,"turns":2}],"seed_played":"4954076780007863288","potions_obtained":[{"floor":1,"key":"Explosive Potion"},{"floor":12,"key":"SkillPotion"},{"floor":16,"key":"Dexterity Potion"}],"is_trial":false,"path_per_floor":["M","?","M","?","?","R","?","R","T","M","?","E","M","$","R","B",null,"M","?","M"],"character_chosen":"IRONCLAD","items_purchased":["Chemical X","Hemokinesis"],"campfire_rested":0,"item_purchase_floors":[14,14],"current_hp_per_floor":[60,60,61,61,61,61,61,61,61,64,53,51,57,57,57,11,54,32,32,11],"gold":416,"neow_bonus":"ONE_RARE_RELIC","is_prod":false,"is_daily":false,"chose_seed":false,"campfire_upgraded":3,"win_rate":0,"timestamp":1544135230,"path_taken":["M","?","M","?","?","R","?","R","T","?","?","E","M","$","R","BOSS","M","?","M"],"build_version":"2018-12-05","purchased_purges":0,"victory":false,"max_hp_per_floor":[68,68,68,68,68,68,68,68,68,68,68,68,68,68,68,68,68,68,68,68],"card_choices":[{"not_picked":["Shockwave","Flex"],"picked":"Anger","floor":1},{"not_picked":["Warcry","Inflame"],"picked":"Armaments","floor":3},{"not_picked":["Warcry","Rupture"],"picked":"Shrug It Off","floor":10},{"not_picked":["Burning Pact","Perfected Strike"],"picked":"Shockwave","floor":12},{"not_picked":["Havoc","Thunderclap"],"picked":"Inflame","floor":13},{"not_picked":["Brutality","Feed"],"picked":"Double Tap","floor":16},{"not_picked":["Body Slam","Armaments+1"],"picked":"Warcry","floor":18}],"player_experience":968377,"relics_obtained":[{"floor":9,"key":"Bag of Marbles"},{"floor":12,"key":"Tiny Chest"},{"floor":17,"key":"Smiling Mask"},{"floor":17,"key":"Pantograph"},{"floor":17,"key":"Old Coin"}],"event_choices":[{"damage_healed":0,"gold_gain":0,"player_choice":"Take Wound","damage_taken":0,"relics_obtained":["Golden Idol"],"max_hp_gain":0,"max_hp_loss":0,"event_name":"Golden Idol","floor":2,"gold_loss":0,"cards_obtained":["Injury"]},{"damage_healed":0,"gold_gain":0,"player_choice":"Grow","damage_taken":0,"max_hp_gain":0,"max_hp_loss":0,"event_name":"Living Wall","floor":4,"gold_loss":0,"cards_upgraded":["Armaments"]},{"damage_healed":0,"gold_gain":0,"player_choice":"Leave","damage_taken":0,"max_hp_gain":0,"max_hp_loss":0,"event_name":"The Cleric","floor":5,"gold_loss":0},{"cards_removed":["Strike_R"],"damage_healed":0,"gold_gain":0,"player_choice":"Offered Basic","damage_taken":0,"max_hp_gain":0,"max_hp_loss":0,"event_name":"Bonfire Elementals","floor":7,"gold_loss":0},{"damage_healed":0,"gold_gain":75,"player_choice":"Gather Gold","damage_taken":11,"max_hp_gain":0,"max_hp_loss":0,"event_name":"World of Goop","floor":11,"gold_loss":0},{"damage_healed":0,"gold_gain":0,"player_choice":"Ignored","damage_taken":0,"max_hp_gain":0,"max_hp_loss":0,"event_name":"Ghosts","floor":19,"gold_loss":0}],"is_beta":true,"boss_relics":[{"not_picked":["Fusion Hammer","Velvet Choker"],"picked":"Calling Bell"}],"items_purged_floors":[],"is_endless":false,"potions_floor_spawned":[1,12,16],"killed_by":"Shell Parasite","ascension_level":18}