{"gold_per_floor":[116,129,141,141,7,7,27,27,101,115,127,161,180,191,191,191],"floor_reached":16,"playtime":1003,"items_purged":["Regret"],"score":212,"play_id":"c160c73f-6681-498e-886d-e8e601929476","local_time":"20181008155354","is_ascension_mode":true,"campfire_choices":[{"data":"Leg Sweep","floor":6,"key":"SMITH"},{"data":"Slice","floor":8,"key":"SMITH"},{"data":"Dash","floor":15,"key":"SMITH"}],"neow_cost":"","seed_source_timestamp":23056694045782,"circlet_count":0,"master_deck":["Defend_G","Defend_G","Defend_G","Defend_G","Defend_G","Strike_G","Strike_G","Strike_G","Strike_G","Strike_G","Survivor","Neutralize","AscendersBane","Slice+1","Leg Sweep+1","Crippling Poison","Sucker Punch","Deflect","Dash+1","Slice","Infinite Blades","Poisoned Stab"],"relics":["Ring of the Snake","Anchor","Meat on the Bone","Ancient Tea Set"],"potions_floor_usage":[7,10,12,12,16],"damage_taken":[{"damage":8,"enemies":"Cultist","floor":1,"turns":5},{"damage":3,"enemies":"2 Louse","floor":2,"turns":4},{"damage":9,"enemies":"Jaw Worm","floor":3,"turns":5},{"damage":7,"enemies":"Exordium Wildlife","floor":7,"turns":7},{"damage":1,"enemies":"Blue Slaver","floor":10,"turns":4},{"damage":0,"enemies":"Looter","floor":11,"turns":5},{"damage":29,"enemies":"Lagavulin","floor":12,"turns":10},{"damage":9,"enemies":"Exordium Wildlife","floor":13,"turns":5},{"damage":6,"enemies":"Blue Slaver","floor":14,"turns":4},{"damage":37,"enemies":"The Guardian","floor":16,"turns":10}],"seed_played":"-5703071511366743217","potions_obtained":[{"floor":2,"key":"AttackPotion"},{"floor":3,"key":"Strength Potion"},{"floor":10,"key":"GhostInAJar"},{"floor":11,"key":"Explosive Potion"},{"floor":14,"key":"SneckoOil"}],"is_trial":false,"path_per_floor":["M","M","M","?","$","R","M","R","T","M","M","E","M","M","R"],"character_chosen":"THE_SILENT","items_purchased":["Sucker Punch"],"campfire_rested":0,"item_purchase_floors":[5],"current_hp_per_floor":[51,48,39,39,39,39,32,32,32,43,43,26,29,35,35,0],"gold":191,"neow_bonus":"","is_prod":false,"is_daily":false,"chose_seed":false,"campfire_upgraded":3,"win_rate":0,"timestamp":1539006834,"path_taken":["M","?","M","?","$","R","M","R","T","M","M","E","M","M","R","BOSS"],"build_version":"2018-10-04v2","purchased_purges":1,"victory":false,"max_hp_per_floor":[66,66,66,66,66,66,66,66,66,66,66,66,66,66,66,66],"card_choices":[{"not_picked":["Deadly Poison","Blade Dance"],"picked":"Slice","floor":1},{"not_picked":["Blade Dance","Dagger Throw"],"picked":"Leg Sweep","floor":2},{"not_picked":["Blade Dance","Caltrops"],"picked":"Crippling Poison","floor":3},{"not_picked":["Bane","Concentrate"],"picked":"Deflect","floor":7},{"not_picked":["Heel Hook","Corpse Explosion"],"picked":"Dash","floor":10},{"not_picked":["Backflip","Catalyst","Outmaneuver"],"picked":"SKIP","floor":11},{"not_picked":["Catalyst","Deadly Poison"],"picked":"Slice","floor":12},{"not_picked":["Underhanded Strike","Poisoned Stab"],"picked":"Infinite Blades","floor":13},{"not_picked":["Quick Slash","Underhanded Strike"],"picked":"Poisoned Stab","floor":14}],"player_experience":1354748,"relics_obtained":[{"floor":9,"key":"Meat on the Bone"},{"floor":12,"key":"Ancient Tea Set"}],"event_choices":[{"event_name":"Big Fish","player_choice":"Box","floor":4,"damage_taken":0}],"is_beta":false,"boss_relics":[],"items_purged_floors":[5],"is_endless":false,"potions_floor_spawned":[2,3,10,11,14],"killed_by":"The Guardian","ascension_level":20}