{"path_per_floor":["M","$","M","M","T","E","R","?","T","$","M","R","E","M","R","B",null,"M","?","M","?","?","R","M","M","T","E","?","E","R","$","R","B",null,"M","$","?","M","M","R","$","?","T","?","?","?","M","?","R","B"],"character_chosen":"THE_SILENT","items_purchased":["Noxious Fumes","Orichalcum","Mercury Hourglass"],"gold_per_floor":[109,70,88,106,106,138,138,138,164,16,28,28,57,67,67,168,168,188,288,270,270,270,270,285,304,327,352,302,327,327,0,0,99,99,116,16,16,26,43,43,43,0,0,0,0,0,14,14,14,14],"floor_reached":51,"campfire_rested":3,"playtime":2760,"current_hp_per_floor":[69,69,67,67,67,43,43,36,36,36,33,54,50,50,50,15,56,47,47,47,47,47,68,68,68,68,49,49,61,61,61,61,29,60,60,60,60,60,52,52,52,52,52,43,43,43,42,42,63,21],"items_purged":["Writhe","Strike_G"],"gold":14,"score":883,"play_id":"0e39bb28-bc76-49d5-a0b7-150a507bae56","local_time":"20180403213632","is_prod":false,"is_daily":false,"is_ascension_mode":true,"campfire_upgraded":5,"timestamp":1522784192,"path_taken":["M","$","M","?","?","E","R","?","T","?","M","R","E","M","R","BOSS","M","?","M","?","?","R","M","M","T","E","?","E","R","$","R","BOSS","M","$","?","M","M","R","?","?","T","?","?","?","M","?","R","BOSS"],"build_version":"2018-03-29v2","purchased_purges":2,"victory":true,"master_deck":["Defend_G","Defend_G","Defend_G","Survivor","Neutralize","Acrobatics","Noxious Fumes+1","Distraction","Blur+1","All Out Attack+1","Leg Sweep","Sucker Punch","Deadly Poison+1","Envenom+1","Venomology+1","PiercingWail+1","Leg Sweep+1","Deflect","Poisoned Stab","Well Laid Plans+1","Backstab","Bane+1","Dodge and Roll+1","Madness","Madness","Backstab+1"],"max_hp_per_floor":[70,70,70,70,70,70,70,70,70,70,70,70,70,70,70,70,70,70,70,70,70,70,70,70,70,70,70,70,70,70,70,70,70,70,70,70,70,70,70,70,70,70,70,70,70,70,70,70,70,70],"relics":["Ring of the Snake","Happy Flower","Ice Cream","Lantern","Anchor","Orichalcum","Letter Opener","Astrolabe","Gambling Chip","Juzu Bracelet","Question Card","Meat on the Bone","Mercury Hourglass","The Specimen","Red Mask","Dead Branch","Paper Crane"],"card_choices":[{"not_picked":["Eviscerate","Crippling Poison"],"picked":"Acrobatics","floor":1},{"not_picked":["Prepared","Masterful Stab"],"picked":"Distraction","floor":3},{"not_picked":["Dagger Spray","Flying Knee"],"picked":"Blur","floor":4},{"not_picked":["Setup","PiercingWail"],"picked":"All Out Attack","floor":6},{"not_picked":["Poisoned Stab","Terror"],"picked":"Leg Sweep","floor":11},{"not_picked":["Endless Agony","Outmaneuver"],"picked":"Sucker Punch","floor":13},{"not_picked":["Flying Knee","Outmaneuver"],"picked":"Deadly Poison","floor":14},{"not_picked":["Grand Finale","A Thousand Cuts"],"picked":"Envenom","floor":16},{"not_picked":["Dodge and Roll","Dagger Spray"],"picked":"Deflect","floor":18},{"not_picked":["Acrobatics","Dodge and Roll"],"picked":"Poisoned Stab","floor":20},{"not_picked":["Slice","PiercingWail"],"picked":"Well Laid Plans","floor":24},{"not_picked":["Reflex","Poisoned Stab"],"picked":"Backstab","floor":25},{"not_picked":["Outmaneuver","Storm of Steel"],"picked":"Bane","floor":27},{"not_picked":["Dagger Spray","Heel Hook","Distraction"],"picked":"Dodge and Roll","floor":38},{"not_picked":["Dagger Throw","Deadly Poison","Acrobatics"],"picked":"Backstab","floor":47}],"player_experience":298680,"potions_floor_usage":[6,18,24,25,25,27,27,29,29,33,33,38,38,39,47,47,50,50],"damage_taken":[{"damage":1,"enemies":"Cultist","floor":1,"turns":4},{"damage":2,"enemies":"2 Louse","floor":3,"turns":3},{"damage":0,"enemies":"Small Slimes","floor":4,"turns":3},{"damage":24,"enemies":"Gremlin Nob","floor":6,"turns":5},{"damage":3,"enemies":"Blue Slaver","floor":11,"turns":5},{"damage":4,"enemies":"3 Sentries","floor":13,"turns":6},{"damage":0,"enemies":"3 Louse","floor":14,"turns":2},{"damage":35,"enemies":"Hexaghost","floor":16,"turns":10},{"damage":9,"enemies":"Spheric Guardian","floor":18,"turns":5},{"damage":0,"enemies":"2 Thieves","floor":20,"turns":4},{"damage":0,"enemies":"Slaver and Parasite","floor":24,"turns":7},{"damage":0,"enemies":"Snake Plant","floor":25,"turns":5},{"damage":19,"enemies":"Book of Stabbing","floor":27,"turns":6},{"damage":0,"enemies":"Slavers","floor":29,"turns":5},{"damage":44,"enemies":"Automaton","floor":33,"turns":10},{"damage":0,"enemies":"3 Shapes","floor":35,"turns":4},{"damage":0,"enemies":"3 Darklings","floor":38,"turns":4},{"damage":8,"enemies":"4 Shapes","floor":39,"turns":4},{"damage":16,"enemies":"Maw","floor":47,"turns":7},{"damage":54,"enemies":"Awakened One","floor":50,"turns":18}],"event_choices":[{"event_name":"Golden Wing","player_choice":"Card Removal","floor":8,"damage_taken":0},{"event_name":"Golden Shrine","player_choice":"Pray","floor":19,"damage_taken":0},{"event_name":"Upgrade Shrine","player_choice":"Upgraded","floor":21,"damage_taken":0},{"event_name":"The Mausoleum","player_choice":"Yes","floor":22,"damage_taken":0},{"event_name":"The Joust","player_choice":"Bet on Owner","floor":28,"damage_taken":0},{"event_name":"Purifier","player_choice":"One Purge","floor":37,"damage_taken":0},{"event_name":"Tomb of Lord Red Mask","player_choice":"Paid","floor":42,"damage_taken":0},{"event_name":"Winding Halls","player_choice":"Embrace Madness","floor":44,"damage_taken":0},{"event_name":"Bonfire Elementals","player_choice":"BASIC","floor":45,"damage_taken":0},{"event_name":"Match and Keep!","player_choice":"0 cards matched","floor":46,"damage_taken":0},{"event_name":"Wheel of Change","player_choice":"Relic","floor":48,"damage_taken":0}],"boss_relics":[{"not_picked":["White Beast Statue","Orrery"],"picked":"Astrolabe"},{"not_picked":["Runic Pyramid","Cursed Key"],"picked":"The Specimen"}],"potions_floor_spawned":[3,11,14,18,20,29,35,38],"seed_played":"-7936354728686931566","ascension_level":5,"is_trial":false}