{"path_per_floor":["M","M","M","M","M","R","E","R","T","M","R","E","?","E","R","B",null,"M","$","?","M","M","E","R","M","T","M","E","M","?","E","R","B",null,"M","?","?","M","M","R","E","R","T","$","M","M","$","?","R","B"],"character_chosen":"IRONCLAD","items_purchased":["Clash","Ornamental Fan"],"gold_per_floor":[112,124,137,156,169,169,202,202,202,215,215,245,245,270,270,375,375,375,275,275,275,275,275,275,275,275,275,275,275,275,275,275,275,275,275,275,275,275,275,275,275,275,275,22,22,22,22,22,22,22],"floor_reached":51,"campfire_rested":4,"playtime":5047,"current_hp_per_floor":[80,80,80,77,74,74,57,57,57,65,65,54,54,52,52,18,87,89,89,89,91,90,63,63,67,67,69,74,82,82,62,90,35,95,70,58,58,49,35,63,31,63,63,63,71,70,70,70,102,57],"items_purged":["Strike_R"],"gold":22,"play_id":"98db809d-8e7f-4227-ba20-1d200a846f49","is_prod":false,"is_daily":false,"is_ascension_mode":false,"campfire_upgraded":5,"path_taken":["M","M","M","M","M","R","E","R","T","M","R","E","?","E","R","BOSS","M","$","?","M","M","E","R","M","T","M","E","M","?","E","R","BOSS","M","?","?","M","M","R","E","R","T","$","M","M","$","?","R","BOSS"],"build_version":"2018-02-01-PROD3","purchased_purges":1,"victory":true,"master_deck":["Strike_R+1","Strike_R+1","Strike_R+1","Strike_R+1","Defend_R+1","Defend_R+1","Defend_R+1","Defend_R+1","Bash","Armaments+1","Armaments+1","Thunderclap","Sever Soul","Shrug It Off","Feed+1","Pommel Strike","Reaper","Infernal Blade+1","Intimidate+1","Demon Form+1","Heavy Blade","Clash","Searing Blow+1","Shockwave+1","Inflame","Feed","Writhe","Whirlwind","Demon Form","Rage","Heavy Blade+1","Inflame+1","Decay"],"max_hp_per_floor":[80,80,80,80,80,80,80,80,80,83,83,83,83,83,83,87,87,91,91,91,91,95,95,95,95,95,95,95,95,95,95,95,95,95,95,95,95,95,95,95,109,109,109,109,109,109,109,109,109,109],"relics":["Burning Blood","Torii","Charon\u0027s Ashes","Kunai","Mummified Hand","Ectoplasm","Blood Vial","Ginger","Red Skull","War Paint","Pen Nib","Sozu","Gambling Chip","Mango","Old Coin","Ornamental Fan"],"card_choices":[{"not_picked":["Seeing Red","Spot Weakness"],"picked":"Armaments"},{"not_picked":["Body Slam","Cleave"],"picked":"Armaments"},{"not_picked":["Power Through","Perfected Strike"],"picked":"Thunderclap"},{"not_picked":["Blood for Blood","Anger"],"picked":"Sever Soul"},{"not_picked":["Bloodletting","Whirlwind"],"picked":"Shrug It Off"},{"not_picked":["Battle Trance","Power Through"],"picked":"Feed"},{"not_picked":["Cleave","Thunderclap"],"picked":"Pommel Strike"},{"not_picked":["Iron Wave","Anger"],"picked":"Reaper"},{"not_picked":["Corruption","Iron Wave"],"picked":"Intimidate"},{"not_picked":["Dark Embrace","Bludgeon"],"picked":"Demon Form"},{"not_picked":["True Grit","Flame Barrier"],"picked":"Heavy Blade"},{"not_picked":["Power Through","Clash"],"picked":"Searing Blow"},{"not_picked":["Iron Wave","Heavy Blade"],"picked":"Shockwave"},{"not_picked":["Hemokinesis","Bloodletting"],"picked":"Inflame"},{"not_picked":["Fire Breathing","Body Slam"],"picked":"Feed"},{"not_picked":["Blood for Blood","Pommel Strike"],"picked":"Whirlwind"},{"not_picked":["Juggernaut","Brutality"],"picked":"Demon Form"},{"not_picked":["Feel No Pain","Sever Soul"],"picked":"Rage"},{"not_picked":["Pommel Strike","Clash"],"picked":"Heavy Blade"},{"not_picked":["Twin Strike","Clothesline"],"picked":"Inflame"}],"player_experience":11732,"potions_floor_usage":[14,16,28,28],"damage_taken":[{"damage":5,"enemies":"2 Louse","floor":1,"turns":4},{"damage":6,"enemies":"Blue Slaver","floor":2,"turns":7},{"damage":0,"enemies":"Small Slimes","floor":3,"turns":4},{"damage":9,"enemies":"Gremlin Gang","floor":4,"turns":4},{"damage":9,"enemies":"Looter","floor":5,"turns":5},{"damage":23,"enemies":"Gremlin Nob","floor":7,"turns":4},{"damage":1,"enemies":"2 Fungi Beasts","floor":10,"turns":3},{"damage":17,"enemies":"Lagavulin","floor":12,"turns":10},{"damage":8,"enemies":"Gremlin Nob","floor":14,"turns":3},{"damage":56,"enemies":"Slime Boss","floor":16,"turns":11},{"damage":12,"enemies":"3 Byrds","floor":18,"turns":7},{"damage":0,"enemies":"Chosen","floor":21,"turns":3},{"damage":15,"enemies":"3 Cultists","floor":22,"turns":5},{"damage":33,"enemies":"Book of Stabbing","floor":23,"turns":5},{"damage":4,"enemies":"Snake Plant","floor":25,"turns":4},{"damage":6,"enemies":"Chosen and Byrds","floor":27,"turns":5},{"damage":15,"enemies":"Slavers","floor":28,"turns":3},{"damage":0,"enemies":"Cultist and Chosen","floor":29,"turns":4},{"damage":28,"enemies":"Gremlin Leader","floor":31,"turns":4},{"damage":63,"enemies":"Automaton","floor":33,"turns":7},{"damage":31,"enemies":"3 Shapes","floor":35,"turns":3},{"damage":67,"enemies":"Mysterious Sphere","floor":36,"turns":5},{"damage":17,"enemies":"3 Darklings","floor":38,"turns":3},{"damage":43,"enemies":"Sphere and 2 Shapes","floor":39,"turns":4},{"damage":54,"enemies":"2 Orb Walkers","floor":41,"turns":4},{"damage":0,"enemies":"Maw","floor":45,"turns":4},{"damage":9,"enemies":"3 Darklings","floor":46,"turns":3},{"damage":77,"enemies":"Awakened One","floor":50,"turns":7}],"event_choices":[{"event_name":"Match and Keep!","player_choice":"1 cards matched","floor":13,"damage_taken":0},{"event_name":"Match and Keep!","player_choice":"1 cards matched","floor":13,"damage_taken":0},{"event_name":"Back to Basics","player_choice":"Simplicity","floor":20,"damage_taken":0},{"event_name":"The Mausoleum","player_choice":"Yes","floor":30,"damage_taken":0},{"event_name":"Mysterious Sphere","player_choice":"Fight","floor":36,"damage_taken":0},{"event_name":"Tomb of Lord Red Mask","player_choice":"Ignored","floor":37,"damage_taken":0},{"event_name":"Wheel of Change","player_choice":"Curse","floor":48,"damage_taken":0}],"boss_relics":[{"not_picked":["Black Blood","Snecko Eye"],"picked":"Ectoplasm"},{"not_picked":["Runic Pyramid","Velvet Choker"],"picked":"Sozu"}],"potions_floor_spawned":[7,10,14,21,22,27,28,29,38,39],"seed_played":"5591208759237126398","ascension_level":0,"is_trial":false}