{"path_per_floor":["M","?","?","M","M","E","R","E","T","E","$","M","T","M","R","B",null,"M","?","$","T","M","R","M","E","T","R","$","M","?","E","R","B",null,"M","?","M","T","$","R","?","M","T","R","$","M","R","M","R","B"],"character_chosen":"IRONCLAD","items_purchased":["Inflame","Flex","Mercury Hourglass","Inflame"],"gold_per_floor":[113,113,63,74,84,110,110,139,139,167,10,21,45,65,65,169,169,179,179,32,85,95,95,112,138,138,138,13,31,31,56,56,161,161,178,178,197,497,187,187,187,197,197,197,47,59,59,70,70,70],"floor_reached":51,"campfire_rested":1,"playtime":1598,"current_hp_per_floor":[80,80,80,80,80,68,68,56,56,52,52,52,52,54,54,57,80,80,80,80,80,80,80,80,72,72,72,72,74,74,58,58,41,80,72,72,58,58,58,58,58,56,56,56,56,42,42,36,60,58],"items_purged":["Defend_R","Defend_R","Defend_R","Strike_R"],"gold":70,"score":603,"play_id":"93c587b4-d9de-4256-ad41-ef529bfeba12","is_prod":false,"is_daily":false,"is_ascension_mode":true,"campfire_upgraded":5,"path_taken":["M","?","?","M","M","E","R","E","T","E","$","M","?","?","R","BOSS","M","?","$","?","?","R","M","E","T","R","$","M","?","E","R","BOSS","M","?","?","?","$","R","?","M","T","R","$","?","R","?","R","BOSS"],"build_version":"2018-02-15-PROD1","purchased_purges":4,"victory":true,"master_deck":["Strike_R+1","Bash+1","Flex+1","Heavy Blade+1","Whirlwind+1","Inflame+1","Flex+1","Double Tap+1","Offering","Flex+1","Clash+1","Offering","Inflame"],"max_hp_per_floor":[80,80,80,80,80,80,80,80,80,80,80,80,80,80,80,80,80,80,80,80,80,80,80,80,80,80,80,80,80,80,80,80,80,80,80,80,80,80,80,80,80,80,80,80,80,80,80,80,80,80],"relics":["Burning Blood","NeowsBlessing","Orichalcum","Sundial","Ginger","Whetstone","Question Card","War Paint","Torii","Du-Vu Doll","Peace Pipe","Frozen Eye","White Beast Statue","Old Coin","Mercury Hourglass","Self Forming Clay"],"card_choices":[{"not_picked":["Headbutt","Rupture"],"picked":"Flex"},{"not_picked":["Berserk","Headbutt"],"picked":"Heavy Blade"},{"not_picked":["Bloodletting","Hemokinesis"],"picked":"Whirlwind"},{"not_picked":["Dual Wield","Combust"],"picked":"Flex"},{"not_picked":["Barricade","Berserk"],"picked":"Double Tap"},{"not_picked":["Body Slam","Shockwave","True Grit"],"picked":"Clash"},{"not_picked":["Reaper","Bludgeon","Double Tap"],"picked":"Offering"}],"player_experience":111899,"potions_floor_usage":[6,6,8,25,25,33,50],"damage_taken":[{"damage":0,"enemies":"Small Slimes","floor":1,"turns":1},{"damage":0,"enemies":"Cultist","floor":4,"turns":1},{"damage":0,"enemies":"Jaw Worm","floor":5,"turns":1},{"damage":18,"enemies":"Gremlin Nob","floor":6,"turns":4},{"damage":18,"enemies":"Lagavulin","floor":8,"turns":4},{"damage":10,"enemies":"Gremlin Nob","floor":10,"turns":4},{"damage":6,"enemies":"2 Fungi Beasts","floor":12,"turns":2},{"damage":4,"enemies":"Large Slime","floor":14,"turns":4},{"damage":3,"enemies":"Slime Boss","floor":16,"turns":7},{"damage":6,"enemies":"3 Byrds","floor":18,"turns":3},{"damage":4,"enemies":"Spheric Guardian","floor":22,"turns":1},{"damage":4,"enemies":"Centurion and Healer","floor":24,"turns":3},{"damage":14,"enemies":"Gremlin Leader","floor":25,"turns":3},{"damage":4,"enemies":"3 Cultists","floor":29,"turns":2},{"damage":22,"enemies":"Book of Stabbing","floor":31,"turns":3},{"damage":23,"enemies":"Automaton","floor":33,"turns":6},{"damage":14,"enemies":"3 Darklings","floor":35,"turns":3},{"damage":20,"enemies":"3 Shapes","floor":37,"turns":1},{"damage":8,"enemies":"Maw","floor":42,"turns":3},{"damage":20,"enemies":"Sphere and 2 Shapes","floor":46,"turns":2},{"damage":12,"enemies":"4 Shapes","floor":48,"turns":1},{"damage":8,"enemies":"Donu and Deca","floor":50,"turns":2}],"event_choices":[{"event_name":"The Woman in Blue","player_choice":"Bought 0 Potions","floor":2,"damage_taken":0},{"event_name":"The Cleric","player_choice":"Card Removal","floor":3,"damage_taken":0},{"event_name":"The Library","player_choice":"Read","floor":19,"damage_taken":0},{"event_name":"The Mausoleum","player_choice":"Yes","floor":30,"damage_taken":0},{"event_name":"Purifier","player_choice":"One Purge","floor":36,"damage_taken":0},{"event_name":"Upgrade Shrine","player_choice":"Upgraded","floor":41,"damage_taken":0}],"boss_relics":[{"not_picked":["Pandora\u0027s Box","Cursed Key"],"picked":"Question Card"},{"not_picked":["Velvet Choker","Eternal Feather"],"picked":"White Beast Statue"}],"potions_floor_spawned":[1,4,6,12,18,22,31,35,37,42,46,48],"seed_played":"-7010080971998776743","ascension_level":2,"is_trial":false}