{"path_per_floor":["M","?","?","M","M","R","$","?","T","M","R","$","R","?","R","B",null,"M","?","?","M","M","R","?","R","T","R","M","M","T","M","R"],"character_chosen":"IRONCLAD","items_purchased":[],"gold_per_floor":[114,114,114,129,144,144,69,69,119,134,134,34,34,34,34,134,134,149,249,249,264,279,279,279,279,279,279,294,309,309,324,324,324],"floor_reached":33,"campfire_rested":4,"playtime":1054,"current_hp_per_floor":[80,64,64,53,45,45,45,45,45,46,46,46,46,46,70,44,80,55,55,55,50,22,46,46,70,70,70,60,44,44,8,32,0],"items_purged":["Defend_R","Strike_R"],"gold":324,"score":235,"play_id":"b9dab90e-8ea1-467e-9e59-86652bd215c6","local_time":"20180412142334","daily_mods":["Allstar","Lethality","Binary"],"is_prod":false,"is_daily":true,"is_ascension_mode":false,"campfire_upgraded":4,"timestamp":1523535814,"path_taken":["M","?","?","M","M","R","$","?","T","M","R","$","R","?","R","BOSS","M","?","?","M","?","R","?","R","T","R","M","M","?","?","R","BOSS"],"build_version":"2018-04-05v2","purchased_purges":2,"victory":false,"master_deck":["Strike_R","Strike_R+1","Strike_R+1","Strike_R","Defend_R","Defend_R","Bash+1","Jack Of All Trades","Madness+1","Secret Weapon","Secret Technique","Apotheosis+1","Juggernaut+1","Rampage+1","Searing Blow","Jack Of All Trades","Twin Strike+1"],"max_hp_per_floor":[80,80,80,80,80,80,80,80,80,80,80,80,80,80,80,80,80,80,80,80,80,80,80,80,80,80,80,80,80,80,80,80,80],"relics":["Burning Blood","Blood Vial","Ginger","Velvet Choker","Bottled Flame","Du-Vu Doll"],"card_choices":[{"not_picked":["Pommel Strike"],"picked":"Rampage","floor":10},{"not_picked":["Thunderclap"],"picked":"Searing Blow","floor":22},{"not_picked":["Clash"],"picked":"Twin Strike","floor":28}],"player_experience":190308,"potions_floor_usage":[16,16,16,31,33],"damage_taken":[{"damage":0,"enemies":"Cultist","floor":1,"turns":3},{"damage":21,"enemies":"Small Slimes","floor":4,"turns":3},{"damage":14,"enemies":"Jaw Worm","floor":5,"turns":2},{"damage":7,"enemies":"Blue Slaver","floor":10,"turns":3},{"damage":34,"enemies":"The Guardian","floor":16,"turns":7},{"damage":31,"enemies":"Shell Parasite","floor":18,"turns":4},{"damage":13,"enemies":"Spheric Guardian","floor":21,"turns":3},{"damage":36,"enemies":"3 Cultists","floor":22,"turns":5},{"damage":18,"enemies":"Snecko","floor":28,"turns":3},{"damage":24,"enemies":"Centurion and Healer","floor":29,"turns":4},{"damage":44,"enemies":"Cultist and Chosen","floor":31,"turns":4},{"damage":41,"enemies":"Collector","floor":33,"turns":3}],"event_choices":[{"event_name":"Shining Light","player_choice":"Entered Light","floor":2,"damage_taken":0},{"event_name":"Living Wall","player_choice":"Change","floor":3,"damage_taken":0},{"event_name":"The Lab","player_choice":"Got Potions","floor":8,"damage_taken":0},{"event_name":"Accursed Blacksmith","player_choice":"Rummage","floor":14,"damage_taken":0},{"event_name":"Golden Shrine","player_choice":"Pray","floor":19,"damage_taken":0},{"event_name":"Upgrade Shrine","player_choice":"Upgraded","floor":20,"damage_taken":0},{"event_name":"Duplicator","player_choice":"One dupe","floor":24,"damage_taken":0}],"boss_relics":[{"not_picked":["Astrolabe","Mark of Pain"],"picked":"Velvet Choker"}],"potions_floor_spawned":[4,10,21,28,29],"seed_played":"8507077734950112790","killed_by":"Collector","ascension_level":0,"is_trial":false}