{"gold_per_floor":[114,131,146,23,23,23,50,50,76,76,76,76,94,111,111,189,189,203,203,223,13,0,0,20,38,38,38,38,49,49,66,66,145,195,215,234,234],"floor_reached":37,"playtime":1880,"items_purged":["Strike_R"],"score":686,"play_id":"5f457dd8-7059-4ae4-9e82-e5cb29ab92df","local_time":"20181022214213","is_ascension_mode":true,"campfire_choices":[{"data":"Carnage","floor":6.0,"key":"SMITH"},{"data":"True Grit","floor":10.0,"key":"SMITH"},{"data":"Sword Boomerang","floor":12.0,"key":"SMITH"},{"floor":15.0,"key":"REST"},{"data":"Juggernaut","floor":23.0,"key":"SMITH"},{"data":"Barricade","floor":28.0,"key":"SMITH"},{"floor":30.0,"key":"REST"},{"floor":32.0,"key":"REST"}],"neow_cost":"NONE","seed_source_timestamp":91618665963536,"circlet_count":0,"master_deck":["Strike_R+1","Strike_R","Strike_R","Strike_R+1","Defend_R","Defend_R","Defend_R","Defend_R+1","Bash+1","AscendersBane","Ghostly Armor","Carnage+1","True Grit+1","Disarm+1","Ghostly Armor","Sword Boomerang+1","Metallicize","Battle Trance","Juggernaut+1","Pommel Strike+1","Clothesline","Shrug It Off","Metallicize","Blood for Blood","Barricade+1","Shrug It Off"],"special_seed":0,"relics":["Burning Blood","Orichalcum","Vajra","Velvet Choker","Paper Frog","Tiny House"],"potions_floor_usage":[36],"damage_taken":[{"damage":6.0,"enemies":"Cultist","floor":1.0,"turns":4.0},{"damage":9.0,"enemies":"Jaw Worm","floor":2.0,"turns":4.0},{"damage":2.0,"enemies":"2 Louse","floor":3.0,"turns":3.0},{"damage":20.0,"enemies":"3 Sentries","floor":7.0,"turns":10.0},{"damage":0.0,"enemies":"Exordium Thugs","floor":13.0,"turns":3.0},{"damage":0.0,"enemies":"Blue Slaver","floor":14.0,"turns":3.0},{"damage":39.0,"enemies":"Slime Boss","floor":16.0,"turns":15.0},{"damage":5.0,"enemies":"Shell Parasite","floor":18.0,"turns":6.0},{"damage":17.0,"enemies":"2 Thieves","floor":20.0,"turns":3.0},{"damage":9.0,"enemies":"Snecko","floor":24.0,"turns":5.0},{"damage":20.0,"enemies":"Sentry and Sphere","floor":25.0,"turns":6.0},{"damage":10.0,"enemies":"Centurion and Healer","floor":29.0,"turns":5.0},{"damage":14.0,"enemies":"Shelled Parasite and Fungi","floor":31.0,"turns":7.0},{"damage":53.0,"enemies":"Automaton","floor":33.0,"turns":14.0},{"damage":4,"enemies":"3 Shapes","floor":35,"turns":7},{"damage":63,"enemies":"3 Darklings","floor":36,"turns":6},{"damage":41,"enemies":"Maw","floor":37,"turns":10}],"seed_played":"5716801577855168781","potions_obtained":[{"floor":3.0,"key":"SteroidPotion"},{"floor":13.0,"key":"Weak Potion"},{"floor":14.0,"key":"Dexterity Potion"},{"floor":25.0,"key":"FearPotion"},{"floor":31.0,"key":"SpeedPotion"},{"floor":33.0,"key":"SneckoOil"},{"floor":34,"key":"BloodPotion"},{"floor":36,"key":"Ancient Potion"}],"is_trial":false,"path_per_floor":["M","M","M","$","?","R","E","?","T","R","?","R","M","M","R","B",null,"M","?","M","$","?","R","M","M","T","?","R","M","R","M","R","B",null,"M","M"],"character_chosen":"IRONCLAD","items_purchased":["Disarm","Ghostly Armor","Shrug It Off","Metallicize"],"campfire_rested":3,"item_purchase_floors":[4,4,21,21],"current_hp_per_floor":[68,65,69,69,46,46,32,32,32,32,32,32,38,44,66,33,65,66,66,55,55,55,55,52,38,38,38,38,34,56,48,70,23,67,69,20,0],"gold":234,"neow_bonus":"UPGRADE_CARD","is_prod":false,"is_daily":false,"chose_seed":false,"campfire_upgraded":5,"win_rate":0,"timestamp":1540237333,"path_taken":["M","?","?","$","?","R","E","?","T","R","?","R","M","?","R","BOSS","M","?","M","$","?","R","M","M","T","?","R","M","R","M","R","BOSS","M","M","M"],"build_version":"2018-10-18","purchased_purges":1,"victory":false,"max_hp_per_floor":[75,75,75,75,75,75,75,75,75,75,75,75,75,75,75,75,75,75,75,75,75,75,75,75,75,75,75,75,75,75,75,75,75,80,80,80,80],"card_choices":[{"not_picked":["Flex","Heavy Blade"],"picked":"Ghostly Armor","floor":1.0},{"not_picked":["Cleave","Anger"],"picked":"Carnage","floor":2.0},{"not_picked":["Searing Blow","Warcry"],"picked":"True Grit","floor":3.0},{"not_picked":["Entrench","Combust"],"picked":"Sword Boomerang","floor":7.0},{"not_picked":["Wild Strike","Warcry"],"picked":"Metallicize","floor":13.0},{"not_picked":["Dropkick","Havoc"],"picked":"Battle Trance","floor":14.0},{"not_picked":["Bludgeon","Dark Embrace"],"picked":"Juggernaut","floor":16.0},{"not_picked":["Clash+1","Fire Breathing"],"picked":"Pommel Strike+1","floor":18.0},{"not_picked":["Anger","Heavy Blade"],"picked":"Clothesline","floor":20.0},{"not_picked":["Power Through","Flex"],"picked":"Blood for Blood","floor":24.0},{"not_picked":["Cleave+1","Heavy Blade"],"picked":"Barricade","floor":25.0},{"not_picked":["Twin Strike","Clothesline","Wild Strike"],"picked":"SKIP","floor":29.0},{"not_picked":["Flex","Rage","Intimidate"],"picked":"SKIP","floor":31.0},{"not_picked":["Rampage+1","Fiend Fire"],"picked":"Shrug It Off","floor":35},{"not_picked":["Bloodletting","Anger","Thunderclap"],"picked":"SKIP","floor":36}],"player_experience":1018940,"relics_obtained":[{"floor":7.0,"key":"Orichalcum"},{"floor":9.0,"key":"Vajra"},{"floor":26.0,"key":"Paper Frog"}],"event_choices":[{"damage_healed":0.0,"max_hp_gain":0.0,"max_hp_loss":0.0,"gold_gain":0.0,"event_name":"Shining Light","player_choice":"Entered Light","floor":5.0,"gold_loss":0.0,"damage_taken":23.0,"cards_upgraded":["Strike_R","Defend_R"]},{"damage_healed":0.0,"max_hp_gain":0.0,"max_hp_loss":0.0,"gold_gain":0.0,"event_name":"Living Wall","player_choice":"Grow","floor":8.0,"gold_loss":0.0,"damage_taken":0.0,"cards_upgraded":["Disarm"]},{"damage_healed":0.0,"max_hp_gain":0.0,"max_hp_loss":0.0,"gold_gain":30.0,"event_name":"Dead Adventurer","player_choice":"Searched \u00272\u0027 times","floor":11.0,"gold_loss":0.0,"damage_taken":0.0},{"damage_healed":0.0,"max_hp_gain":0.0,"max_hp_loss":0.0,"gold_gain":0.0,"event_name":"Vampires","player_choice":"Ignored","floor":19.0,"gold_loss":0.0,"damage_taken":0.0},{"damage_healed":0.0,"max_hp_gain":0.0,"max_hp_loss":0.0,"gold_gain":0.0,"event_name":"Masked Bandits","player_choice":"Paid Fearfully","floor":22.0,"gold_loss":13.0,"damage_taken":0.0},{"damage_healed":0.0,"max_hp_gain":0.0,"max_hp_loss":0.0,"gold_gain":0.0,"event_name":"Beggar","player_choice":"Ignored","floor":27.0,"gold_loss":0.0,"damage_taken":0.0}],"is_beta":false,"boss_relics":[{"not_picked":["Black Star","Snecko Eye"],"picked":"Velvet Choker"},{"not_picked":["Lizard Tail","Fusion Hammer"],"picked":"Tiny House"}],"items_purged_floors":[21],"is_endless":false,"potions_floor_spawned":[3,13,14,25,31,33,36],"killed_by":"Maw","ascension_level":17}