{"gold_per_floor":[111,167,167,177,65,97,97,131,131,131,131,131,144,179,191,299,311,346,358,420,450,462,474,511,563,875,901,946,170,190,233,233,326,326,342,361,16,16,34,67,67,110,134,173,173,73,113,41,41,41],"floor_reached":51,"playtime":5912,"items_purged":["Strike_G","Decay"],"score":1696,"play_id":"0287d8f9-c572-4f93-96a8-0e19c93f3a40","local_time":"20180907200829","is_ascension_mode":true,"campfire_choices":[{"floor":10.0,"key":"REST"},{"data":"Footwork","floor":12.0,"key":"SMITH"},{"data":"Dash","floor":15.0,"key":"SMITH"},{"data":"Footwork","floor":23.0,"key":"SMITH"},{"floor":32,"key":"REST"},{"floor":41,"key":"REST"},{"data":"Footwork","floor":45,"key":"SMITH"},{"data":"Noxious Fumes","floor":49,"key":"SMITH"}],"neow_cost":"NONE","seed_source_timestamp":32332348812529,"circlet_count":0,"master_deck":["Defend_G","Defend_G","Defend_G","Defend_G","Defend_G","Survivor","Neutralize+1","AscendersBane","Dash+1","Dagger Spray","Leg Sweep","Footwork+1","Dagger Throw","Dagger Throw","Sucker Punch","Escape Plan","Adrenaline","Blade Dance+1","Deflect+1","Terror+1","Footwork+1","Blade Dance+1","Quick Slash","Distraction","Noxious Fumes+1","Crippling Poison","Malaise","Footwork+1","Heel Hook+1","Tools of the Trade","After Image","Parasite","Sucker Punch+1","Deadly Poison+1","Noxious Fumes+1","Bandage Up+1","Escape Plan+1","Adrenaline+1","Finisher","Blade Dance+1","Distraction+1"],"special_seed":0,"relics":["Ring of the Snake","Regal Pillow","WarpedTongs","Omamori","PreservedInsect","Letter Opener","Golden Idol","MawBank","Astrolabe","Meat on the Bone","Old Coin","Lantern","TwistedFunnel","Unceasing Top","Vajra","Calling Bell","Oddly Smooth Stone","Toxic Egg 2","Thread and Needle","Bag of Preparation","Strawberry","Mummified Hand","Dead Branch","Whetstone","Tough Bandages","Pen Nib"],"potions_floor_usage":[25,27,33,33,39,50,50],"damage_taken":[{"damage":12.0,"enemies":"Jaw Worm","floor":1.0,"turns":5.0},{"damage":1.0,"enemies":"2 Louse","floor":4.0,"turns":3.0},{"damage":10.0,"enemies":"Lagavulin","floor":6.0,"turns":9.0},{"damage":13.0,"enemies":"Gremlin Nob","floor":8.0,"turns":6.0},{"damage":0.0,"enemies":"Cultist","floor":13.0,"turns":4.0},{"damage":2.0,"enemies":"Lagavulin","floor":14.0,"turns":8.0},{"damage":11.0,"enemies":"The Guardian","floor":16.0,"turns":17.0},{"damage":0.0,"enemies":"Chosen","floor":18.0,"turns":4.0},{"damage":12.0,"enemies":"2 Thieves","floor":21.0,"turns":4.0},{"damage":11.0,"enemies":"Snake Plant","floor":24.0,"turns":6.0},{"damage":8,"enemies":"Gremlin Leader","floor":25,"turns":6},{"damage":1,"enemies":"Centurion and Healer","floor":27,"turns":6},{"damage":20,"enemies":"Book of Stabbing","floor":28,"turns":6},{"damage":6,"enemies":"Chosen and Byrds","floor":30,"turns":8},{"damage":13,"enemies":"Gremlin Leader","floor":31,"turns":4},{"damage":14,"enemies":"Automaton","floor":33,"turns":13},{"damage":0,"enemies":"3 Shapes","floor":35,"turns":6},{"damage":0,"enemies":"Orb Walker","floor":36,"turns":4},{"damage":7,"enemies":"Maw","floor":39,"turns":8},{"damage":47,"enemies":"2 Orb Walkers","floor":40,"turns":6},{"damage":2,"enemies":"Nemesis","floor":42,"turns":5},{"damage":0,"enemies":"Giant Head","floor":44,"turns":5},{"damage":0,"enemies":"Nemesis","floor":47,"turns":3},{"damage":0,"enemies":"Donu and Deca","floor":50,"turns":5}],"seed_played":"6350002171086473048","potions_obtained":[{"floor":1.0,"key":"Strength Potion"},{"floor":13.0,"key":"SpeedPotion"},{"floor":21.0,"key":"SpeedPotion"},{"floor":24.0,"key":"EssenceOfSteel"},{"floor":27,"key":"SpeedPotion"},{"floor":30,"key":"EssenceOfSteel"},{"floor":39,"key":"Weak Potion"},{"floor":40,"key":"SteroidPotion"},{"floor":44,"key":"PowerPotion"}],"is_trial":false,"path_per_floor":["M","?","?","M","$","E","?","E","T","R","?","R","M","E","R","B",null,"M","?","?","M","$","R","M","E","T","M","E","$","M","E","R","B",null,"M","M","$","?","M","E","R","E","T","E","R","$","E","$","R","B"],"character_chosen":"THE_SILENT","items_purchased":["Leg Sweep","Footwork","TwistedFunnel","Malaise","Footwork","Unceasing Top","Heel Hook","Noxious Fumes","Bag of Preparation","Strawberry","Distraction+1"],"campfire_rested":3,"item_purchase_floors":[5,5,29,29,29,29,29,37,37,37,48],"current_hp_per_floor":[47,47,47,46,46,36,36,23,23,57,57,57,57,55,55,44,61,61,61,61,49,49,49,38,30,30,41,33,33,39,38,66,52,63,63,63,70,70,69,38,73,73,73,73,73,73,73,73,73,73],"gold":41,"neow_bonus":"RANDOM_COMMON_RELIC","is_prod":false,"is_daily":false,"chose_seed":false,"campfire_upgraded":5,"win_rate":0,"timestamp":1536343709,"path_taken":["M","?","?","M","$","E","?","E","T","R","?","R","M","E","R","BOSS","M","?","?","M","$","R","?","E","T","M","E","$","M","E","R","BOSS","M","?","$","?","?","E","R","E","T","E","R","?","E","$","R","BOSS"],"build_version":"2018-09-06","purchased_purges":2,"victory":true,"max_hp_per_floor":[66,66,66,66,66,66,66,66,66,66,66,66,66,66,66,66,66,66,66,66,66,66,66,66,66,66,66,66,66,66,66,66,66,66,66,66,73,73,73,73,73,73,73,73,73,73,73,73,73,73],"card_choices":[{"not_picked":["Endless Agony","Slice"],"picked":"Dash","floor":1.0},{"not_picked":["Riddle With Holes","Quick Slash"],"picked":"Dagger Spray","floor":4.0},{"not_picked":["Prepared","Dodge and Roll"],"picked":"Dagger Throw","floor":6.0},{"not_picked":["Deadly Poison","PiercingWail"],"picked":"Dagger Throw","floor":8.0},{"not_picked":["Outmaneuver","Prepared"],"picked":"Sucker Punch","floor":13.0},{"not_picked":["Heel Hook","Bouncing Flask"],"picked":"Escape Plan","floor":14.0},{"not_picked":["Glass Knife","Grand Finale"],"picked":"Adrenaline","floor":16.0},{"not_picked":["Deadly Poison","Dagger Throw"],"picked":"Footwork","floor":18.0},{"not_picked":["Riddle With Holes","Tactician"],"picked":"Blade Dance+1","floor":21.0},{"not_picked":["Deflect","Sucker Punch"],"picked":"Quick Slash","floor":24.0},{"not_picked":["Blade Dance","PiercingWail"],"picked":"Distraction","floor":25},{"not_picked":["Slice","Predator"],"picked":"Noxious Fumes+1","floor":27},{"not_picked":["Deadly Poison","Acrobatics"],"picked":"Crippling Poison","floor":28},{"not_picked":["Catalyst","Tactician","Blade Dance"],"picked":"SKIP","floor":30},{"not_picked":["Dash","Phantasmal Killer"],"picked":"Tools of the Trade","floor":31},{"not_picked":["Unload","Night Terror"],"picked":"After Image","floor":33},{"not_picked":["Acrobatics+1","Flying Knee"],"picked":"Sucker Punch+1","floor":35},{"not_picked":["PiercingWail+1","Bane"],"picked":"Deadly Poison+1","floor":36},{"not_picked":["Dramatic Entrance","Blind+1"],"picked":"Bandage Up+1","floor":38},{"not_picked":["Setup+1","Calculated Gamble+1"],"picked":"Escape Plan+1","floor":39},{"not_picked":["Blade Dance+1","Reflex+1"],"picked":"Adrenaline+1","floor":40},{"not_picked":["Slice","Bane"],"picked":"Finisher","floor":42},{"not_picked":["Terror+1","Sucker Punch","Prepared+1"],"picked":"SKIP","floor":44},{"not_picked":["Glass Knife","Dagger Spray"],"picked":"Blade Dance+1","floor":47}],"player_experience":923615,"relics_obtained":[{"floor":6.0,"key":"Omamori"},{"floor":8.0,"key":"PreservedInsect"},{"floor":9.0,"key":"Letter Opener"},{"floor":14.0,"key":"MawBank"},{"floor":25,"key":"Meat on the Bone"},{"floor":26,"key":"Old Coin"},{"floor":28,"key":"Lantern"},{"floor":31,"key":"Vajra"},{"floor":34,"key":"Oddly Smooth Stone"},{"floor":34,"key":"Toxic Egg 2"},{"floor":34,"key":"Thread and Needle"},{"floor":40,"key":"Mummified Hand"},{"floor":42,"key":"Dead Branch"},{"floor":43,"key":"Whetstone"},{"floor":44,"key":"Tough Bandages"},{"floor":47,"key":"Pen Nib"}],"event_choices":[{"event_name":"Golden Wing","player_choice":"Gained Gold","floor":2.0,"damage_taken":0.0},{"event_name":"Accursed Blacksmith","player_choice":"Rummage","floor":3.0,"damage_taken":0.0},{"event_name":"Purifier","player_choice":"One Purge","floor":7.0,"damage_taken":0.0},{"event_name":"Golden Idol","player_choice":"Take Wound","floor":11.0,"damage_taken":0.0},{"event_name":"Bonfire Elementals","player_choice":"BASIC","floor":19.0,"damage_taken":0.0},{"event_name":"Nest","player_choice":"Stole From Cult","floor":20.0,"damage_taken":0.0},{"event_name":"SensoryStone","player_choice":"Memory 1","floor":38,"damage_taken":0}],"is_beta":false,"boss_relics":[{"not_picked":["Lizard Tail","Runic Pyramid"],"picked":"Astrolabe"},{"not_picked":["Runic Dome","Snecko Eye"],"picked":"Calling Bell"}],"items_purged_floors":[29,46],"is_endless":false,"potions_floor_spawned":[1,13,21,24,27,30,39,40,44],"ascension_level":15}