{"gold_per_floor":[99,99,99,99,99,99,99,69,69,39,39,39,16,16,16,16],"floor_reached":16,"playtime":4531,"items_purged":[],"score":206,"play_id":"24fed2c5-9b05-492b-9a2d-41376db3e36e","local_time":"20180627232954","is_ascension_mode":true,"campfire_choices":[{"floor":11,"key":"REST"},{"floor":15,"key":"REST"}],"neow_cost":"NONE","seed_source_timestamp":15658044788336,"circlet_count":0,"master_deck":["Strike_B","Strike_B","Strike_B","Strike_B","Defend_B","Defend_B","Defend_B","Zap","Dualcast","AscendersBane","Fusion","Rebound","Rebound","Glacier","Ball Lightning","Stack","Sweeping Beam","Stack","Reboot","Ball Lightning"],"relics":["Ectoplasm","Incense Burner","Vajra","Question Card","Prayer Wheel"],"potions_floor_usage":[8,10,10,16],"damage_taken":[{"damage":1,"enemies":"Cultist","floor":1,"turns":3},{"damage":9,"enemies":"Jaw Worm","floor":2,"turns":5},{"damage":40,"enemies":"3 Sentries","floor":6,"turns":8},{"damage":0,"enemies":"Small Slimes","floor":7,"turns":3},{"damage":7,"enemies":"Looter","floor":8,"turns":3},{"damage":1,"enemies":"Exordium Thugs","floor":10,"turns":4},{"damage":0,"enemies":"Gremlin Nob","floor":12,"turns":4},{"damage":12,"enemies":"Gremlin Gang","floor":14,"turns":4},{"damage":37,"enemies":"The Guardian","floor":16,"turns":7}],"seed_played":"-5197936335502213570","potions_obtained":[{"floor":2,"key":"SpeedPotion"},{"floor":7,"key":"AttackPotion"},{"floor":8,"key":"Weak Potion"},{"floor":14,"key":"Strength Potion"}],"is_trial":false,"path_per_floor":["M","M","?","?","?","E","M","M","T","M","R","E","$","M","R"],"character_chosen":"DEFECT","items_purchased":["Stack"],"campfire_rested":2,"item_purchase_floors":[13],"current_hp_per_floor":[67,58,58,58,51,11,11,4,4,3,25,25,25,13,35,0],"gold":16,"neow_bonus":"BOSS_RELIC","is_prod":false,"is_daily":false,"chose_seed":false,"campfire_upgraded":0,"win_rate":0,"timestamp":1530134994,"path_taken":["M","?","?","?","?","E","M","?","T","?","R","E","?","M","R","BOSS"],"build_version":"2018-06-21v2","purchased_purges":0,"victory":false,"max_hp_per_floor":[75,75,75,75,75,75,75,75,75,75,75,75,75,75,75,75],"card_choices":[{"not_picked":["Beam Cell","Steam"],"picked":"Fusion","floor":1},{"not_picked":["Go for the Eyes","Heatsinks"],"picked":"Rebound","floor":2},{"not_picked":["Redo","Blizzard"],"picked":"Rebound","floor":6},{"not_picked":["FTL","Melter"],"picked":"Glacier","floor":7},{"not_picked":["Leap","Barrage"],"picked":"Ball Lightning","floor":8},{"not_picked":["Streamline","Go for the Eyes","Barrage"],"picked":"Stack","floor":10},{"not_picked":["Darkness","Reinforced Body","Consume"],"picked":"Sweeping Beam","floor":12},{"not_picked":["FTL","Double Energy","Conserve Battery"],"picked":"Reboot","floor":14},{"not_picked":["Redo","Darkness","Gash"],"picked":"Ball Lightning","floor":14}],"player_experience":778421,"relics_obtained":[{"floor":6,"key":"Vajra"},{"floor":9,"key":"Question Card"},{"floor":12,"key":"Prayer Wheel"}],"event_choices":[{"event_name":"The Woman in Blue","player_choice":"Bought 0 Potions","floor":3,"damage_taken":0},{"event_name":"Purifier","player_choice":"One Purge","floor":4,"damage_taken":0},{"event_name":"Scrap Ooze","player_choice":"success","floor":5,"damage_taken":7}],"boss_relics":[],"items_purged_floors":[],"is_endless":false,"potions_floor_spawned":[2,7,8,14],"killed_by":"The Guardian","ascension_level":10}