{"gold_per_floor":[119,84,96,15,30,30,56,76,76,93,93,118,173,183,183,183],"floor_reached":16,"playtime":978,"items_purged":[],"score":202,"play_id":"3ee0f2ec-be1d-4076-a430-fb49fed17ea0","local_time":"20180909170818","is_ascension_mode":true,"campfire_choices":[{"data":"Storm of Steel","floor":6.0,"key":"SMITH"},{"data":"Backstab","floor":11,"key":"SMITH"},{"floor":15,"key":"REST"}],"neow_cost":"NONE","seed_source_timestamp":15296263397869,"circlet_count":0,"master_deck":["Defend_G","Defend_G","Defend_G","Defend_G","Defend_G","Strike_G","Strike_G","Strike_G","Strike_G","Strike_G","Survivor","Neutralize","AscendersBane","Dagger Throw","Cloak And Dagger","Storm of Steel+1","Flying Knee","Bullet Time","PiercingWail","Backstab+1","Crippling Poison","Dash"],"special_seed":0,"relics":["White Beast Statue","Anchor","PreservedInsect","The Courier"],"potions_floor_usage":[8,10,10,12,16,16],"damage_taken":[{"damage":13.0,"enemies":"Jaw Worm","floor":1.0,"turns":7.0},{"damage":1.0,"enemies":"Small Slimes","floor":3.0,"turns":4.0},{"damage":1.0,"enemies":"Cultist","floor":5.0,"turns":5.0},{"damage":22.0,"enemies":"3 Sentries","floor":7.0,"turns":8.0},{"damage":4,"enemies":"Lots of Slimes","floor":8,"turns":6},{"damage":1,"enemies":"Gremlin Gang","floor":10,"turns":6},{"damage":14,"enemies":"Gremlin Nob","floor":12,"turns":4},{"damage":0,"enemies":"Looter","floor":14,"turns":3},{"damage":42,"enemies":"Hexaghost","floor":16,"turns":11}],"seed_played":"8572284695143709748","potions_obtained":[{"floor":1.0,"key":"LiquidBronze"},{"floor":3.0,"key":"Energy Potion"},{"floor":5.0,"key":"Weak Potion"},{"floor":8,"key":"Dexterity Potion"},{"floor":10,"key":"EssenceOfSteel"},{"floor":12,"key":"GamblersBrew"},{"floor":14,"key":"FearPotion"}],"is_trial":false,"path_per_floor":["M","?","M","$","M","R","E","M","T","M","R","E","?","M","R"],"character_chosen":"THE_SILENT","items_purchased":["Storm of Steel"],"campfire_rested":1,"item_purchase_floors":[4],"current_hp_per_floor":[46,62,61,61,60,60,38,34,34,33,33,19,19,19,38,0],"gold":183,"neow_bonus":"BOSS_RELIC","is_prod":false,"is_daily":false,"chose_seed":false,"campfire_upgraded":2,"win_rate":0,"timestamp":1536505698,"path_taken":["M","?","?","?","M","R","E","M","T","?","R","E","?","M","R","BOSS"],"build_version":"2018-09-06","purchased_purges":0,"victory":false,"max_hp_per_floor":[66,66,66,66,66,66,66,66,66,66,66,66,66,66,66,66],"card_choices":[{"not_picked":["Bouncing Flask","Acrobatics"],"picked":"Dagger Throw","floor":1.0},{"not_picked":["Underhanded Strike","Calculated Gamble"],"picked":"Cloak And Dagger","floor":3.0},{"not_picked":["Blur","Backflip"],"picked":"Flying Knee","floor":5.0},{"not_picked":["Riddle With Holes","Acrobatics"],"picked":"Bullet Time","floor":7.0},{"not_picked":["Outmaneuver","Heel Hook"],"picked":"PiercingWail","floor":8},{"not_picked":["Reflex","Deadly Poison"],"picked":"Backstab","floor":10},{"not_picked":["Backflip","PiercingWail"],"picked":"Crippling Poison","floor":12},{"not_picked":["Flying Knee","Underhanded Strike"],"picked":"Dash","floor":14}],"player_experience":931249,"relics_obtained":[{"floor":7.0,"key":"Anchor"},{"floor":9,"key":"PreservedInsect"},{"floor":12,"key":"The Courier"}],"event_choices":[{"event_name":"The Cleric","player_choice":"Healed","floor":2.0,"damage_taken":0.0},{"event_name":"Golden Wing","player_choice":"Gained Gold","floor":13,"damage_taken":0}],"is_beta":false,"boss_relics":[],"items_purged_floors":[],"is_endless":false,"potions_floor_spawned":[1,3,5,7,8,10,12,14],"killed_by":"Hexaghost","ascension_level":16}