{"gold_per_floor":[114,133,58,77,252,283,283,310,310,310,339,339,377,206,206,325,325,348,200,200,213,213,257,257,292,318,358,374,395,408,408,408,533,533,553,553,566,899,410,441,441,457,483,583,0,0,0,16,16,16],"floor_reached":51,"playtime":3691,"items_purged":["Strike_G","Doubt","Strike_G"],"score":949,"play_id":"5b6b3419-8dbf-408f-a7c0-1bad6a9d435b","local_time":"20190117020023","is_ascension_mode":true,"campfire_choices":[{"data":"Skewer","floor":7,"key":"SMITH"},{"data":"Neutralize","floor":10,"key":"SMITH"},{"data":"All Out Attack","floor":15,"key":"SMITH"},{"data":"Dash","floor":24,"key":"SMITH"},{"data":"Choke","floor":32,"key":"SMITH"},{"floor":41,"key":"REST"},{"floor":47,"key":"REST"},{"floor":49,"key":"REST"}],"neow_cost":"NONE","seed_source_timestamp":208265157025100,"circlet_count":0,"master_deck":["Defend_G","Defend_G","Defend_G","Defend_G","Defend_G","Strike_G","Strike_G","Survivor","Neutralize+1","All Out Attack+1","Skewer+1","Underhanded Strike","Acrobatics+1","Escape Plan+1","Acrobatics+1","Blur+1","Bullet Time+1","Riddle With Holes","Tools of the Trade","Underhanded Strike","Dash+1","Dash+1","Footwork+1","Die Die Die","PiercingWail+1","Choke+1","Phantasmal Killer+1","Predator","Underhanded Strike+1","Calculated Gamble+1","Footwork","Deflect+1","Prepared+1","Madness+1","Madness+1","Backflip+1"],"relics":["Ring of the Snake","Toxic Egg 2","Odd Mushroom","Meat on the Bone","StoneCalendar","Strawberry","Runic Pyramid","Enchiridion","Vajra","Art of War","Smiling Mask","Blood Vial","Fusion Hammer","Frozen Eye","Orichalcum","Frozen Egg 2","Happy Flower","Unceasing Top","Red Mask"],"potions_floor_usage":[11,16,23,27,28,33,33,50,50],"damage_taken":[{"damage":3,"enemies":"Cultist","floor":1,"turns":5},{"damage":0,"enemies":"2 Louse","floor":2,"turns":2},{"damage":2,"enemies":"Jaw Worm","floor":4,"turns":3},{"damage":17,"enemies":"3 Sentries","floor":6,"turns":9},{"damage":4,"enemies":"The Mushroom Lair","floor":8,"turns":4},{"damage":18,"enemies":"Gremlin Nob","floor":11,"turns":4},{"damage":20,"enemies":"3 Sentries","floor":13,"turns":7},{"damage":23,"enemies":"The Guardian","floor":16,"turns":11},{"damage":19,"enemies":"2 Thieves","floor":18,"turns":4},{"damage":0,"enemies":"Chosen","floor":21,"turns":5},{"damage":15,"enemies":"Book of Stabbing","floor":23,"turns":5},{"damage":0,"enemies":"Gremlin Leader","floor":25,"turns":5},{"damage":8,"enemies":"Book of Stabbing","floor":27,"turns":4},{"damage":0,"enemies":"Snake Plant","floor":28,"turns":3},{"damage":0,"enemies":"3 Cultists","floor":29,"turns":2},{"damage":0,"enemies":"Snecko","floor":30,"turns":4},{"damage":51,"enemies":"Collector","floor":33,"turns":7},{"damage":9,"enemies":"3 Darklings","floor":35,"turns":2},{"damage":10,"enemies":"3 Shapes","floor":37,"turns":3},{"damage":0,"enemies":"Nemesis","floor":40,"turns":5},{"damage":0,"enemies":"Sphere and 2 Shapes","floor":42,"turns":4},{"damage":0,"enemies":"Mind Bloom Boss Battle","floor":44,"turns":7},{"damage":1,"enemies":"Transient","floor":48,"turns":5},{"damage":40,"enemies":"Donu and Deca","floor":50,"turns":8}],"seed_played":"2856282011220410940","potions_obtained":[{"floor":1,"key":"LiquidBronze"},{"floor":8,"key":"Poison Potion"},{"floor":13,"key":"SpeedPotion"},{"floor":18,"key":"SteroidPotion"},{"floor":21,"key":"Explosive Potion"},{"floor":25,"key":"Strength Potion"},{"floor":30,"key":"Strength Potion"},{"floor":31,"key":"Regen Potion"},{"floor":31,"key":"SpeedPotion"},{"floor":35,"key":"GhostInAJar"},{"floor":37,"key":"AttackPotion"}],"is_trial":false,"path_per_floor":["M","M","$","M","?","E","R","?","T","R","E","?","E","$","R","B",null,"M","$","?","M","?","E","R","E","T","E","M","M","M","?","R","B",null,"M","?","M","?","$","E","R","M","T","?","?","?","R","M","R","B",null],"character_chosen":"THE_SILENT","items_purchased":["Blur+1","Riddle With Holes","Tools of the Trade","Frozen Eye","Calculated Gamble+1","Orichalcum","Footwork"],"campfire_rested":3,"item_purchase_floors":[14,19,19,39,39,39,39],"current_hp_per_floor":[74,74,74,72,72,55,55,51,51,51,45,45,44,44,44,33,78,59,59,59,59,43,40,40,40,40,44,46,48,50,50,50,27,78,69,69,61,61,61,63,78,78,78,78,78,68,78,77,78,50],"gold":16,"neow_bonus":"TEN_PERCENT_HP_BONUS","is_prod":false,"is_daily":false,"chose_seed":false,"campfire_upgraded":5,"win_rate":0,"timestamp":1547686823,"path_taken":["M","M","?","?","?","E","R","?","T","R","E","?","E","$","R","BOSS","M","$","?","M","?","E","R","E","T","E","M","M","M","?","R","BOSS","M","?","?","?","$","E","R","M","T","?","?","?","R","M","R","BOSS"],"build_version":"2019-01-10","purchased_purges":3,"victory":true,"max_hp_per_floor":[77,77,77,77,77,77,77,77,77,77,77,71,78,78,78,78,78,78,78,78,78,78,78,78,78,78,78,78,78,78,78,78,78,78,78,78,78,78,78,78,78,78,78,78,78,78,78,78,78,78],"card_choices":[{"not_picked":["PiercingWail","Flying Knee"],"picked":"All Out Attack","floor":1},{"not_picked":["Riddle With Holes","Poisoned Stab"],"picked":"Skewer","floor":2},{"not_picked":["Heel Hook","Poisoned Stab"],"picked":"Underhanded Strike","floor":4},{"not_picked":["Doppelganger","Escape Plan"],"picked":"Acrobatics","floor":6},{"not_picked":["Dagger Throw","Noxious Fumes"],"picked":"Escape Plan+1","floor":8},{"not_picked":["Flechettes","Quick Slash","A Thousand Cuts"],"picked":"SKIP","floor":11},{"not_picked":["Flying Knee","Dagger Spray"],"picked":"Acrobatics+1","floor":13},{"not_picked":["Night Terror+1","Glass Knife"],"picked":"Bullet Time+1","floor":16},{"not_picked":["Cloak And Dagger+1","Dodge and Roll+1","Slice"],"picked":"SKIP","floor":18},{"not_picked":["Infinite Blades","Deadly Poison+1"],"picked":"Dash+1","floor":21},{"not_picked":["Outmaneuver+1","Finisher"],"picked":"Dash","floor":23},{"not_picked":["Leg Sweep+1","Quick Slash"],"picked":"Footwork+1","floor":25},{"not_picked":["Dagger Spray","PiercingWail+1"],"picked":"Die Die Die","floor":27},{"not_picked":["Blade Dance+1","Quick Slash+1"],"picked":"PiercingWail+1","floor":28},{"not_picked":["Cloak And Dagger+1","Caltrops"],"picked":"Choke","floor":29},{"not_picked":["Dodge and Roll+1","Blade Dance+1","Outmaneuver+1"],"picked":"SKIP","floor":30},{"not_picked":["Corpse Explosion+1","Doppelganger+1"],"picked":"Phantasmal Killer+1","floor":33},{"not_picked":["Accuracy+1","Dagger Spray+1","Outmaneuver+1"],"picked":"SKIP","floor":35},{"not_picked":["Poisoned Stab","Bouncing Flask+1"],"picked":"Underhanded Strike+1","floor":37},{"not_picked":["Deadly Poison+1","Cloak And Dagger+1"],"picked":"Deflect+1","floor":40},{"not_picked":["Distraction+1","Well Laid Plans+1","Dagger Throw+1"],"picked":"SKIP","floor":42},{"not_picked":["Flechettes+1","Choke+1"],"picked":"Prepared+1","floor":44},{"not_picked":["Slice+1","Acrobatics+1"],"picked":"Backflip+1","floor":48}],"player_experience":197964,"relics_obtained":[{"floor":6,"key":"Toxic Egg 2"},{"floor":8,"key":"Odd Mushroom"},{"floor":9,"key":"Meat on the Bone"},{"floor":11,"key":"StoneCalendar"},{"floor":13,"key":"Strawberry"},{"floor":22,"key":"Enchiridion"},{"floor":23,"key":"Vajra"},{"floor":25,"key":"Art of War"},{"floor":26,"key":"Smiling Mask"},{"floor":27,"key":"Blood Vial"},{"floor":40,"key":"Frozen Egg 2"},{"floor":43,"key":"Happy Flower"},{"floor":44,"key":"Unceasing Top"}],"event_choices":[{"damage_healed":0,"gold_gain":175,"player_choice":"AGREE","damage_taken":0,"max_hp_gain":0,"max_hp_loss":0,"event_name":"Liars Game","floor":5,"gold_loss":0,"cards_obtained":["Doubt"]},{"damage_healed":0,"gold_gain":0,"player_choice":"Fought Mushrooms","damage_taken":0,"max_hp_gain":0,"max_hp_loss":0,"event_name":"Mushrooms","floor":8,"gold_loss":0},{"damage_healed":0,"gold_gain":0,"player_choice":"Lose Max HP","damage_taken":0,"relics_obtained":["Golden Idol"],"max_hp_gain":0,"max_hp_loss":6,"event_name":"Golden Idol","floor":12,"gold_loss":0},{"damage_healed":0,"gold_gain":0,"player_choice":"Read","damage_taken":0,"max_hp_gain":0,"max_hp_loss":0,"event_name":"The Library","floor":20,"gold_loss":0,"cards_obtained":["Underhanded Strike"]},{"damage_healed":0,"gold_gain":0,"player_choice":"Obtained Book","damage_taken":16,"max_hp_gain":0,"max_hp_loss":0,"event_name":"Cursed Tome","floor":22,"gold_loss":0},{"damage_healed":0,"gold_gain":0,"player_choice":"Got Potions","damage_taken":0,"max_hp_gain":0,"max_hp_loss":0,"event_name":"Lab","floor":31,"gold_loss":0},{"damage_healed":0,"gold_gain":0,"cards_transformed":["Strike_G"],"player_choice":"Transformed","damage_taken":0,"max_hp_gain":0,"max_hp_loss":0,"event_name":"Transmorgrifier","floor":36,"gold_loss":0,"cards_obtained":["Predator"]},{"damage_healed":0,"gold_gain":333,"player_choice":"Gave Idol","damage_taken":0,"max_hp_gain":0,"max_hp_loss":0,"event_name":"The Moai Head","floor":38,"relics_lost":["Golden Idol"],"gold_loss":0},{"damage_healed":0,"gold_gain":0,"player_choice":"Fight","damage_taken":0,"max_hp_gain":0,"max_hp_loss":0,"event_name":"MindBloom","floor":44,"gold_loss":0},{"damage_healed":0,"gold_gain":0,"player_choice":"Paid","damage_taken":0,"relics_obtained":["Red Mask"],"max_hp_gain":0,"max_hp_loss":0,"event_name":"Tomb of Lord Red Mask","floor":45,"gold_loss":583},{"damage_healed":0,"gold_gain":0,"player_choice":"Embrace Madness","damage_taken":10,"max_hp_gain":0,"max_hp_loss":0,"event_name":"Winding Halls","floor":46,"gold_loss":0,"cards_obtained":["Madness","Madness"]}],"is_beta":false,"boss_relics":[{"not_picked":["Busted Crown","Velvet Choker"],"picked":"Runic Pyramid"},{"not_picked":["Tiny House","Black Star"],"picked":"Fusion Hammer"}],"items_purged_floors":[3,14,39],"is_endless":false,"potions_floor_spawned":[1,8,13,18,21,25,30,35,37],"ascension_level":4}