{"gold_per_floor":[117,134,147,0,19,19,46,46,46,57,57,57,57,31,31,103,103,103,73,73,73,73,73,73,73,73,73,73,73,73,73,73,73],"floor_reached":33,"playtime":1454,"items_purged":[],"score":447,"play_id":"b6d12712-78bd-4f8b-baff-7ba0a66eb165","local_time":"20190129130719","is_ascension_mode":true,"campfire_choices":[{"data":"Dagger Spray","floor":6,"key":"SMITH"},{"data":"A Thousand Cuts","floor":8,"key":"SMITH"},{"data":"Neutralize","floor":11,"key":"SMITH"},{"data":"Poisoned Stab","floor":13,"key":"SMITH"},{"data":"Cloak And Dagger","floor":15,"key":"SMITH"},{"data":"Night Terror","floor":23,"key":"SMITH"},{"data":"Finisher","floor":25,"key":"SMITH"},{"data":"Phantasmal Killer","floor":28,"key":"SMITH"},{"floor":32,"key":"REST"}],"neow_cost":"NONE","seed_source_timestamp":17149976452006,"circlet_count":0,"master_deck":["AscendersBane","Defend_G","Defend_G","Defend_G","Defend_G","Defend_G","Strike_G","Strike_G","Strike_G","Strike_G","Survivor+1","Neutralize+1","Flying Knee","Finisher+1","Dagger Spray+1","Corpse Explosion","Poisoned Stab+1","A Thousand Cuts+1","Sucker Punch+1","Cloak And Dagger+1","Night Terror+1","Bane+1","Dagger Throw+1","Shame","Underhanded Strike+1","Bane+1","Phantasmal Killer+1","Acrobatics"],"relics":["Ring of the Snake","Juzu Bracelet","Molten Egg 2","Ectoplasm","Tough Bandages","Red Mask","MawBank","Bottled Flame"],"potions_floor_usage":[7,19,24,29],"damage_taken":[{"damage":4,"enemies":"2 Louse","floor":1,"turns":4},{"damage":0,"enemies":"Cultist","floor":2,"turns":5},{"damage":3,"enemies":"Jaw Worm","floor":3,"turns":7},{"damage":1,"enemies":"Looter","floor":5,"turns":4},{"damage":10,"enemies":"3 Sentries","floor":7,"turns":2},{"damage":0,"enemies":"2 Fungi Beasts","floor":10,"turns":4},{"damage":22,"enemies":"Hexaghost","floor":16,"turns":9},{"damage":0,"enemies":"3 Byrds","floor":18,"turns":3},{"damage":0,"enemies":"2 Thieves","floor":19,"turns":2},{"damage":2,"enemies":"Masked Bandits","floor":21,"turns":2},{"damage":0,"enemies":"Chosen and Byrds","floor":24,"turns":4},{"damage":8,"enemies":"Cultist and Chosen","floor":27,"turns":3},{"damage":25,"enemies":"Book of Stabbing","floor":29,"turns":5},{"damage":63,"enemies":"Collector","floor":33,"turns":6}],"seed_played":"-497231586298484171","potions_obtained":[{"floor":1,"key":"FearPotion"},{"floor":7,"key":"Dexterity Potion"},{"floor":10,"key":"Swift Potion"},{"floor":18,"key":"GhostInAJar"},{"floor":21,"key":"FearPotion"}],"is_trial":false,"path_per_floor":["M","M","M","$","M","R","E","R","T","M","R","?","R","$","R","B",null,"M","M","?","?","$","R","M","R","T","M","R","E","?","?","R","B"],"character_chosen":"THE_SILENT","items_purchased":["Corpse Explosion","Cloak And Dagger"],"campfire_rested":1,"item_purchase_floors":[4,14],"current_hp_per_floor":[55,55,52,52,51,51,41,41,41,41,41,41,41,41,41,19,54,54,54,54,52,52,52,52,52,52,44,44,19,19,19,38,0],"gold":73,"neow_bonus":"REMOVE_CARD","is_prod":false,"is_daily":false,"chose_seed":false,"campfire_upgraded":8,"win_rate":0,"timestamp":1548763639,"path_taken":["M","M","M","$","M","R","E","R","T","M","R","?","R","?","R","BOSS","M","M","?","?","$","R","M","R","T","M","R","E","?","?","R","BOSS"],"build_version":"2019-01-23","purchased_purges":0,"victory":false,"max_hp_per_floor":[66,66,66,66,66,66,66,66,66,66,66,66,66,66,66,66,66,66,66,66,66,66,66,66,66,66,66,66,66,66,66,66,66],"card_choices":[{"not_picked":["Blur","Dodge and Roll"],"picked":"Flying Knee","floor":1},{"not_picked":["Dodge and Roll","Poisoned Stab"],"picked":"Finisher","floor":2},{"not_picked":["Flying Knee","Flechettes"],"picked":"Dagger Spray","floor":3},{"not_picked":["Dagger Spray","Dodge and Roll"],"picked":"Poisoned Stab","floor":5},{"not_picked":["Poisoned Stab","Dagger Spray"],"picked":"A Thousand Cuts","floor":7},{"not_picked":["Prepared","Noxious Fumes"],"picked":"Sucker Punch+1","floor":10},{"not_picked":["Phantasmal Killer","Doppelganger"],"picked":"Night Terror","floor":16},{"not_picked":["Dodge and Roll","Deflect"],"picked":"Bane+1","floor":18},{"not_picked":["Finisher+1","Leg Sweep"],"picked":"Dagger Throw+1","floor":19},{"not_picked":["Slice+1","Backflip"],"picked":"Underhanded Strike+1","floor":21},{"not_picked":["Bouncing Flask","Slice+1"],"picked":"Bane+1","floor":24},{"not_picked":["Deflect","Deadly Poison"],"picked":"Phantasmal Killer","floor":27},{"not_picked":["Grand Finale+1","Finisher+1"],"picked":"Acrobatics","floor":29}],"player_experience":414427,"relics_obtained":[{"floor":7,"key":"Juzu Bracelet"},{"floor":9,"key":"Molten Egg 2"},{"floor":21,"key":"Red Mask"},{"floor":26,"key":"MawBank"},{"floor":29,"key":"Bottled Flame"}],"event_choices":[{"damage_healed":0,"gold_gain":0,"player_choice":"Upgraded","damage_taken":0,"max_hp_gain":0,"max_hp_loss":0,"event_name":"Upgrade Shrine","floor":12,"gold_loss":0,"cards_upgraded":["Survivor"]},{"damage_healed":0,"gold_gain":0,"player_choice":"Stole Relic","damage_taken":0,"relics_obtained":["Tough Bandages"],"max_hp_gain":0,"max_hp_loss":0,"event_name":"Addict","floor":20,"gold_loss":0,"cards_obtained":["Shame"]},{"damage_healed":0,"gold_gain":0,"player_choice":"Fought Bandits","damage_taken":0,"max_hp_gain":0,"max_hp_loss":0,"event_name":"Masked Bandits","floor":21,"gold_loss":0},{"damage_healed":0,"gold_gain":0,"player_choice":"Smashed Altar","damage_taken":0,"max_hp_gain":0,"max_hp_loss":0,"event_name":"Forgotten Altar","floor":30,"gold_loss":0,"cards_obtained":["Decay"]},{"cards_removed":["Decay"],"damage_healed":0,"gold_gain":0,"player_choice":"Elegance","damage_taken":0,"max_hp_gain":0,"max_hp_loss":0,"event_name":"Back to Basics","floor":31,"gold_loss":0}],"is_beta":false,"boss_relics":[{"not_picked":["Pandora\u0027s Box","White Beast Statue"],"picked":"Ectoplasm"}],"items_purged_floors":[],"is_endless":false,"potions_floor_spawned":[1,7,10,18,21],"killed_by":"Collector","ascension_level":14}