{"gold_per_floor":[111,127,137,21,21,21,53,71,71,83,114,114,134,52,52,152,152,167,184,37,37,54,6,36,36,36,36,65,79,4,66,66,66],"floor_reached":33,"playtime":2806,"items_purged":["Defend_R"],"score":340,"play_id":"226c1292-ad89-4998-8932-a5b9cfd99bad","local_time":"20190127192027","is_ascension_mode":false,"campfire_choices":[{"data":"True Grit","floor":6,"key":"SMITH"},{"data":"Metallicize","floor":15,"key":"SMITH"},{"data":"Flame Barrier","floor":27,"key":"SMITH"},{"data":"Metallicize","floor":32,"key":"SMITH"}],"neow_cost":"NONE","seed_source_timestamp":89973789469321,"circlet_count":0,"master_deck":["Defend_R","Defend_R","Defend_R","Bash","True Grit+1","Power Through","Carnage","Metallicize+1","Pommel Strike","Feel No Pain","Iron Wave","Metallicize+1","Body Slam","Shockwave","Entrench","Impervious","Twin Strike+1","Juggernaut+1","Rupture+1","Flame Barrier+1","Disarm","Warcry","Armaments","Warcry+1","Ghostly Armor","Shrug It Off","Shockwave"],"relics":["Burning Blood","Mummified Hand","Matryoshka","Mercury Hourglass","Astrolabe","Centennial Puzzle","Red Skull","Boot","Bottled Flame","Smiling Mask","Tiny Chest"],"potions_floor_usage":[13,16,16,28,33,33],"damage_taken":[{"damage":10,"enemies":"Cultist","floor":1,"turns":4},{"damage":5,"enemies":"2 Louse","floor":2,"turns":2},{"damage":0,"enemies":"Small Slimes","floor":3,"turns":6},{"damage":54,"enemies":"Lagavulin","floor":7,"turns":7},{"damage":0,"enemies":"Exordium Wildlife","floor":8,"turns":5},{"damage":21,"enemies":"Exordium Thugs","floor":10,"turns":6},{"damage":0,"enemies":"3 Sentries","floor":11,"turns":9},{"damage":0,"enemies":"3 Louse","floor":13,"turns":2},{"damage":21,"enemies":"Hexaghost","floor":16,"turns":11},{"damage":0,"enemies":"3 Byrds","floor":18,"turns":4},{"damage":5,"enemies":"Spheric Guardian","floor":19,"turns":4},{"damage":3,"enemies":"Centurion and Healer","floor":22,"turns":6},{"damage":3,"enemies":"Book of Stabbing","floor":24,"turns":5},{"damage":24,"enemies":"Gremlin Leader","floor":28,"turns":6},{"damage":5,"enemies":"Snake Plant","floor":29,"turns":3},{"damage":13,"enemies":"Book of Stabbing","floor":31,"turns":6},{"damage":69,"enemies":"Automaton","floor":33,"turns":12}],"seed_played":"817657492411803875","potions_obtained":[{"floor":2,"key":"SteroidPotion"},{"floor":8,"key":"Block Potion"},{"floor":10,"key":"Dexterity Potion"},{"floor":22,"key":"Explosive Potion"},{"floor":28,"key":"Fruit Juice"},{"floor":29,"key":"SpeedPotion"}],"is_trial":false,"path_per_floor":["M","M","M","$","?","R","E","M","T","M","E","?","M","$","R","B",null,"M","M","$","?","M","$","E","$","T","R","E","M","$","E","R","B"],"character_chosen":"IRONCLAD","items_purchased":["Metallicize","Pommel Strike","Entrench","Centennial Puzzle","Armaments","Shrug It Off"],"campfire_rested":0,"item_purchase_floors":[4,4,14,20,23,30],"current_hp_per_floor":[84,85,88,88,88,88,40,46,46,31,37,30,36,36,36,21,88,88,88,88,88,88,88,88,88,88,88,75,76,76,69,69,0],"gold":66,"neow_bonus":"TEN_PERCENT_HP_BONUS","is_prod":false,"is_daily":false,"chose_seed":false,"campfire_upgraded":4,"win_rate":0,"timestamp":1548645627,"path_taken":["M","M","M","?","?","R","E","M","T","M","E","?","M","$","R","BOSS","M","M","$","?","M","$","E","$","T","R","E","M","?","E","R","BOSS"],"build_version":"2019-01-23","purchased_purges":1,"victory":false,"max_hp_per_floor":[88,88,88,88,88,88,88,88,88,88,88,88,88,88,88,88,88,88,88,88,88,88,88,88,88,88,88,93,93,93,93,93,93],"card_choices":[{"not_picked":["Twin Strike","Perfected Strike"],"picked":"True Grit","floor":1},{"not_picked":["Dropkick","Heavy Blade"],"picked":"Power Through","floor":2},{"not_picked":["Thunderclap","Cleave"],"picked":"Carnage","floor":3},{"not_picked":["Anger","Thunderclap"],"picked":"Feel No Pain","floor":7},{"not_picked":["Flex","Rupture"],"picked":"Iron Wave","floor":8},{"not_picked":["Cleave","Perfected Strike"],"picked":"Metallicize","floor":10},{"not_picked":["Armaments","Combust"],"picked":"Body Slam","floor":11},{"not_picked":["Blood for Blood","Armaments"],"picked":"Shockwave","floor":13},{"not_picked":["Exhume","Dark Embrace"],"picked":"Impervious","floor":16},{"not_picked":["Blood for Blood+1","Dual Wield"],"picked":"Flame Barrier","floor":18},{"not_picked":["Body Slam","Corruption"],"picked":"Disarm","floor":19},{"not_picked":["Rage+1","Clash"],"picked":"Warcry","floor":22},{"not_picked":["Perfected Strike","Armaments"],"picked":"Warcry+1","floor":24},{"not_picked":["Power Through","Body Slam","Headbutt+1"],"picked":"SKIP","floor":28},{"not_picked":["Anger+1","Headbutt+1"],"picked":"Ghostly Armor","floor":29},{"not_picked":["Dual Wield","Armaments"],"picked":"Shockwave","floor":31}],"player_experience":180368,"relics_obtained":[{"floor":7,"key":"Mummified Hand"},{"floor":9,"key":"Matryoshka"},{"floor":11,"key":"Mercury Hourglass"},{"floor":24,"key":"Red Skull"},{"floor":26,"key":"Boot"},{"floor":26,"key":"Bottled Flame"},{"floor":28,"key":"Smiling Mask"},{"floor":31,"key":"Tiny Chest"}],"event_choices":[{"damage_healed":0,"gold_gain":0,"player_choice":"Leave","damage_taken":0,"max_hp_gain":0,"max_hp_loss":0,"event_name":"The Cleric","floor":5,"gold_loss":0},{"cards_removed":["Strike_R"],"damage_healed":0,"gold_gain":0,"player_choice":"Card Removal","damage_taken":7,"max_hp_gain":0,"max_hp_loss":0,"event_name":"Golden Wing","floor":12,"gold_loss":0},{"cards_removed":["Strike_R"],"damage_healed":0,"gold_gain":0,"player_choice":"Card Removal","damage_taken":0,"max_hp_gain":0,"max_hp_loss":0,"event_name":"Wheel of Change","floor":21,"gold_loss":0}],"is_beta":false,"boss_relics":[{"not_picked":["Tiny House","Pandora\u0027s Box"],"picked":"Astrolabe"}],"items_purged_floors":[30],"is_endless":false,"potions_floor_spawned":[2,8,10,11,22,28,29],"killed_by":"Automaton","ascension_level":0}