{"path_per_floor":["M","M","?","$","M","E","R","M","T","E","M","?","?","M","R","B",null,"M","$","?","M","?","E","R"],"character_chosen":"IRONCLAD","items_purchased":["Feel No Pain","Impervious"],"gold_per_floor":[116,132,82,2,16,44,44,58,58,85,97,97,97,112,112,243,243,267,54,54,74,74,99,99],"floor_reached":25,"campfire_rested":2,"playtime":3069,"current_hp_per_floor":[73,73,73,73,73,59,59,55,55,34,34,34,34,23,45,31,74,45,45,45,39,39,19,41],"items_purged":["Strike_R"],"gold":99,"play_id":"9d12ccbb-33eb-4b45-be06-3b292cfae740","is_prod":false,"is_daily":false,"is_ascension_mode":false,"campfire_upgraded":1,"path_taken":["M","M","?","$","M","E","R","M","T","E","M","?","?","M","R","BOSS","M","$","?","M","?","E","R","E"],"build_version":"2018-02-01-PROD3","purchased_purges":2,"victory":false,"master_deck":["Strike_R","Strike_R","Defend_R","Defend_R","Defend_R","Defend_R","Bash","Second Wind","Body Slam","Feel No Pain+1","Shrug It Off","Body Slam","Body Slam","Rampage","Dark Embrace","Sever Soul","Juggernaut","Shrug It Off+1","Impervious+1","Metallicize","Infernal Blade+1"],"max_hp_per_floor":[80,80,80,80,80,80,80,80,80,80,80,74,74,74,74,74,74,74,74,74,74,74,74,74],"relics":["Mark of Pain","Orichalcum","Toxic Egg 2","Juzu Bracelet","Bloody Idol","Velvet Choker","Red Skull"],"card_choices":[{"not_picked":["Body Slam","Reckless Charge"],"picked":"Second Wind"},{"not_picked":["Twin Strike","Anger"],"picked":"Body Slam"},{"not_picked":["Anger","Pummel"],"picked":"Shrug It Off"},{"not_picked":["Rage","Flex"],"picked":"Body Slam"},{"not_picked":["Flex","Disarm"],"picked":"Body Slam"},{"not_picked":["Bloodletting","Headbutt"],"picked":"Rampage"},{"not_picked":["Searing Blow","Battle Trance"],"picked":"Dark Embrace"},{"not_picked":["Clash","Perfected Strike"],"picked":"Sever Soul"},{"not_picked":["Reaper","Berserk"],"picked":"Juggernaut"},{"not_picked":["Blood for Blood","Twin Strike"],"picked":"Shrug It Off"},{"not_picked":["Perfected Strike","Pommel Strike"],"picked":"Metallicize"},{"not_picked":["Flex","Clothesline"],"picked":"Infernal Blade"}],"player_experience":4600,"potions_floor_usage":[10,14,16,16,23],"damage_taken":[{"damage":7,"enemies":"2 Louse","floor":1,"turns":4},{"damage":0,"enemies":"Jaw Worm","floor":2,"turns":3},{"damage":0,"enemies":"Small Slimes","floor":5,"turns":3},{"damage":14,"enemies":"3 Sentries","floor":6,"turns":15},{"damage":4,"enemies":"3 Louse","floor":8,"turns":3},{"damage":21,"enemies":"Lagavulin","floor":10,"turns":8},{"damage":0,"enemies":"Large Slime","floor":11,"turns":6},{"damage":11,"enemies":"Red Slaver","floor":14,"turns":6},{"damage":14,"enemies":"Hexaghost","floor":16,"turns":10},{"damage":29,"enemies":"Spheric Guardian","floor":18,"turns":6},{"damage":6,"enemies":"2 Thieves","floor":21,"turns":4},{"damage":25,"enemies":"Slavers","floor":23,"turns":6},{"damage":45,"enemies":"Gremlin Leader","floor":25,"turns":4}],"event_choices":[{"event_name":"The Cleric","player_choice":"Card Removal","floor":3,"damage_taken":0},{"event_name":"Golden Idol","player_choice":"Lose Max HP","floor":12,"damage_taken":0},{"event_name":"Living Wall","player_choice":"Forget","floor":13,"damage_taken":0},{"event_name":"Drug Dealer","player_choice":"Ignored","floor":20,"damage_taken":0},{"event_name":"Forgotten Altar","player_choice":"Gave Idol","floor":22,"damage_taken":0}],"boss_relics":[{"not_picked":["Lizard Tail","Runic Cube"],"picked":"Velvet Choker"}],"potions_floor_spawned":[5,8,11,14,16,23],"seed_played":"-1227642181893326597","killed_by":"Gremlin Leader","ascension_level":0,"is_trial":false}