{"path_per_floor":["M","M","?","$","?","R","E","R","T","M","M","M","M","$","R","B",null,"M","M","?","T","?","R","M","R","T","?","M","M","?","$","R"],"character_chosen":"IRONCLAD","items_purchased":["Body Slam","Toxic Egg 2"],"gold_per_floor":[114,133,133,5,80,80,123,123,123,137,150,168,182,82,82,207,207,230,216,216,241,241,241,254,254,254,254,269,283,283,31,31],"floor_reached":33,"campfire_rested":3,"playtime":1327,"current_hp_per_floor":[85,88,81,81,70,70,46,70,70,75,78,81,81,81,81,43,81,48,27,27,27,11,41,47,77,91,91,69,95,95,95,95],"items_purged":["Strike_R","Strike_R"],"gold":31,"score":272,"play_id":"bce36b43-dada-4603-b062-65a7270a96ed","local_time":"20180319101454","is_prod":false,"is_daily":false,"is_ascension_mode":false,"campfire_upgraded":3,"timestamp":1521450894,"path_taken":["M","M","?","$","?","R","E","R","T","M","M","M","M","$","R","BOSS","M","M","?","?","?","R","M","R","T","?","M","?","?","$","R","BOSS"],"build_version":"2018-03-15v3","purchased_purges":2,"victory":false,"master_deck":["Strike_R","Strike_R","Defend_R","Defend_R","Defend_R","Defend_R","Bash","Shrug It Off","Blood for Blood","Body Slam+1","Bloodletting","True Grit+1","Body Slam+1","Impervious","Shrug It Off"],"max_hp_per_floor":[88,88,81,81,81,81,81,81,81,81,81,81,81,81,81,81,81,81,81,81,81,81,81,81,81,95,95,95,95,95,95,95],"relics":["Burning Blood","Bloody Idol","Mummified Hand","Champion Belt","Eternal Feather","Bag of Preparation","Bag of Marbles","Enchiridion","Mango","Toxic Egg 2"],"card_choices":[{"not_picked":["Armaments","True Grit"],"picked":"Shrug It Off"},{"not_picked":["Feel No Pain","Armaments"],"picked":"Blood for Blood"},{"not_picked":["Hemokinesis","Clash"],"picked":"Bloodletting"},{"not_picked":["Cleave","Burning Pact"],"picked":"True Grit"},{"not_picked":["Perfected Strike","Havoc"],"picked":"Body Slam"},{"not_picked":["Exhume","Limit Break"],"picked":"Impervious"},{"not_picked":["Seeing Red","Pummel"],"picked":"Shrug It Off"}],"player_experience":114332,"potions_floor_usage":[11,11,16,16,24,29],"damage_taken":[{"damage":9,"enemies":"Jaw Worm","floor":1,"turns":5},{"damage":3,"enemies":"Small Slimes","floor":2,"turns":4},{"damage":30,"enemies":"Lagavulin","floor":7,"turns":9},{"damage":1,"enemies":"2 Louse","floor":10,"turns":3},{"damage":3,"enemies":"Large Slime","floor":11,"turns":6},{"damage":1,"enemies":"2 Fungi Beasts","floor":12,"turns":4},{"damage":6,"enemies":"Red Slaver","floor":13,"turns":3},{"damage":44,"enemies":"Slime Boss","floor":16,"turns":10},{"damage":39,"enemies":"Chosen","floor":18,"turns":8},{"damage":27,"enemies":"2 Thieves","floor":19,"turns":4},{"damage":0,"enemies":"Snecko","floor":24,"turns":3},{"damage":33,"enemies":"3 Cultists","floor":28,"turns":9},{"damage":0,"enemies":"Slaver and Parasite","floor":29,"turns":11},{"damage":101,"enemies":"Automaton","floor":33,"turns":10}],"event_choices":[{"event_name":"Golden Idol","player_choice":"Lose Max HP","floor":3,"damage_taken":0},{"event_name":"World of Goop","player_choice":"Gather Gold","floor":5,"damage_taken":0},{"event_name":"The Mausoleum","player_choice":"Yes","floor":20,"damage_taken":0},{"event_name":"Cursed Tome","player_choice":"Obtained Book","floor":22,"damage_taken":0},{"event_name":"Forgotten Altar","player_choice":"Gave Idol","floor":27,"damage_taken":0},{"event_name":"Bonfire Elementals","player_choice":"BASIC","floor":30,"damage_taken":0}],"boss_relics":[{"not_picked":["Runic Cube","Pandora\u0027s Box"],"picked":"Eternal Feather"}],"potions_floor_spawned":[7,10,11,12,19,24],"seed_played":"3575427402209298045","killed_by":"Automaton","ascension_level":0,"is_trial":false}