{"path_per_floor":["M","?","$","M","M","E","M","E","T","M","R","E","M","M","R","B",null,"M","M","$","?","?","R","E","M","T","E","M","$","M","M","R","B",null,"M","?","?","M","M","R"],"character_chosen":"THE_SILENT","items_purchased":["Noxious Fumes","Meat on the Bone","Ancient Tea Set"],"gold_per_floor":[112,112,43,53,69,101,112,138,138,155,155,182,201,218,218,322,322,341,357,104,104,104,104,134,154,154,182,195,38,52,62,62,158,158,174,0,46,66,85,85],"floor_reached":41,"campfire_rested":1,"playtime":5588,"current_hp_per_floor":[35,35,35,35,35,26,22,14,14,14,35,35,31,29,29,44,70,55,55,55,55,55,55,32,32,46,30,32,32,44,50,50,50,84,66,66,61,59,52,52],"items_purged":[],"gold":85,"score":532,"play_id":"7fadaf8a-c5b1-4009-831f-8c33eb492217","local_time":"20180318084114","is_prod":false,"is_daily":false,"is_ascension_mode":false,"campfire_upgraded":4,"timestamp":1521358874,"path_taken":["M","?","?","M","M","E","M","E","T","?","R","E","M","M","R","BOSS","M","M","$","?","?","R","E","M","T","E","?","$","M","M","R","BOSS","M","?","?","M","?","R","E"],"build_version":"2018-03-15v3","purchased_purges":1,"victory":false,"master_deck":["Defend_G","Defend_G+1","Defend_G","Defend_G","Defend_G","Strike_G","Strike_G","Strike_G","Strike_G","Strike_G","Survivor","Neutralize","Bouncing Flask+1","Noxious Fumes+1","Noxious Fumes+1","Catalyst+1","Flying Knee","Backstab","Predator","Bane","Noxious Fumes","Escape Plan","Underhanded Strike","Adrenaline","Dodge and Roll+1","Dagger Throw","Bouncing Flask+1","Outmaneuver+1","Quick Slash+1","Dodge and Roll+1","Quick Slash","Escape Plan","Corpse Explosion+1","All Out Attack+1","Acrobatics+1","Concentrate","Deflect+1"],"max_hp_per_floor":[70,70,70,70,70,70,70,70,70,70,70,70,70,70,70,70,70,70,70,70,70,70,70,70,70,84,84,84,84,84,84,84,84,84,84,84,84,84,84,84],"relics":["Ring of the Snake","Thread and Needle","War Paint","Pantograph","Bag of Marbles","Ginger","The Specimen","Meat on the Bone","Du-Vu Doll","Mango","Pen Nib","Ancient Tea Set","Runic Pyramid","Red Mask","Frozen Eye"],"card_choices":[{"not_picked":["Skewer","Cloak And Dagger"],"picked":"Bouncing Flask"},{"not_picked":["Heel Hook","PiercingWail"],"picked":"Noxious Fumes"},{"not_picked":["Terror","Dodge and Roll"],"picked":"Catalyst"},{"not_picked":["Slice","Prepared"],"picked":"Flying Knee"},{"not_picked":["Storm of Steel","Cloak And Dagger"],"picked":"Backstab"},{"not_picked":["Dagger Spray","Calculated Gamble"],"picked":"Predator"},{"not_picked":["Expertise","Deadly Poison"],"picked":"Bane"},{"not_picked":["Underhanded Strike","All Out Attack"],"picked":"Noxious Fumes"},{"not_picked":["Finisher","Crippling Poison"],"picked":"Escape Plan"},{"not_picked":["Choke","Leg Sweep"],"picked":"Underhanded Strike"},{"not_picked":["Bullet Time","Wraith Form"],"picked":"Adrenaline"},{"not_picked":["Footwork","Skewer"],"picked":"Dodge and Roll"},{"not_picked":["Dash","Masterful Stab"],"picked":"Dagger Throw"},{"not_picked":["After Image","Die Die Die"],"picked":"Bouncing Flask"},{"not_picked":["All Out Attack","Deflect"],"picked":"Outmaneuver"},{"not_picked":["Caltrops","Malaise"],"picked":"Quick Slash"},{"not_picked":["Quick Slash","PiercingWail"],"picked":"Dodge and Roll"},{"not_picked":["Acrobatics","Well Laid Plans"],"picked":"Quick Slash"},{"not_picked":["Accuracy","Setup"],"picked":"Escape Plan"},{"not_picked":["Die Die Die","Adrenaline"],"picked":"Corpse Explosion"},{"not_picked":["Backflip","Deflect"],"picked":"All Out Attack"},{"not_picked":["Terror","Cloak And Dagger"],"picked":"Acrobatics"},{"not_picked":["Dagger Throw","Flechettes"],"picked":"Concentrate"},{"not_picked":["Deadly Poison","Riddle With Holes"],"picked":"Deflect"}],"player_experience":123687,"potions_floor_usage":[6,8,16,24,27,33,35],"damage_taken":[{"damage":0,"enemies":"Jaw Worm","floor":1,"turns":5},{"damage":0,"enemies":"Cultist","floor":4,"turns":4},{"damage":0,"enemies":"2 Louse","floor":5,"turns":3},{"damage":9,"enemies":"Gremlin Nob","floor":6,"turns":4},{"damage":4,"enemies":"Exordium Thugs","floor":7,"turns":5},{"damage":8,"enemies":"Lagavulin","floor":8,"turns":5},{"damage":0,"enemies":"Red Slaver","floor":10,"turns":3},{"damage":0,"enemies":"Gremlin Nob","floor":12,"turns":2},{"damage":4,"enemies":"2 Fungi Beasts","floor":13,"turns":3},{"damage":2,"enemies":"Looter","floor":14,"turns":2},{"damage":10,"enemies":"The Guardian","floor":16,"turns":6},{"damage":15,"enemies":"2 Thieves","floor":18,"turns":3},{"damage":0,"enemies":"Chosen","floor":19,"turns":4},{"damage":35,"enemies":"Slavers","floor":24,"turns":5},{"damage":12,"enemies":"Centurion and Healer","floor":25,"turns":3},{"damage":28,"enemies":"Gremlin Leader","floor":27,"turns":4},{"damage":10,"enemies":"Snake Plant","floor":28,"turns":4},{"damage":0,"enemies":"Snecko","floor":30,"turns":4},{"damage":6,"enemies":"Centurion and Healer","floor":31,"turns":6},{"damage":37,"enemies":"Collector","floor":33,"turns":6},{"damage":18,"enemies":"3 Darklings","floor":35,"turns":6},{"damage":5,"enemies":"Mysterious Sphere","floor":37,"turns":4},{"damage":2,"enemies":"Orb Walker","floor":38,"turns":4},{"damage":19,"enemies":"4 Shapes","floor":39,"turns":4},{"damage":52,"enemies":"Giant Head","floor":41,"turns":7}],"event_choices":[{"event_name":"The Woman in Blue","player_choice":"Bought 0 Potions","floor":2,"damage_taken":0},{"event_name":"Vampires","player_choice":"Ignored","floor":21,"damage_taken":0},{"event_name":"Beggar","player_choice":"Ignored","floor":22,"damage_taken":0},{"event_name":"Tomb of Lord Red Mask","player_choice":"Paid","floor":36,"damage_taken":0},{"event_name":"Mysterious Sphere","player_choice":"Fight","floor":37,"damage_taken":0}],"boss_relics":[{"not_picked":["Tiny House","Philosopher\u0027s Stone"],"picked":"The Specimen"},{"not_picked":["Eternal Feather","White Beast Statue"],"picked":"Runic Pyramid"}],"potions_floor_spawned":[1,4,7,10,14,19,24,25,30,31,37],"seed_played":"4695478730932267511","killed_by":"Giant Head","ascension_level":0,"is_trial":false}