{"path_per_floor":["M","M","$","M","?","R","M","R","T","E","R","M","?","?","R","B",null,"M","$","M","M","T","R","$","?","T","R","M","R","M","M","R"],"character_chosen":"IRONCLAD","items_purchased":["Flex","Metallicize","Flex"],"gold_per_floor":[118,130,10,30,30,30,49,49,49,88,88,102,102,102,102,225,225,246,76,90,106,106,106,54,54,54,54,78,78,92,105,105,105],"floor_reached":33,"campfire_rested":1,"playtime":971,"current_hp_per_floor":[79,80,80,80,60,60,63,63,63,50,50,56,56,56,80,64,80,76,76,77,75,75,75,75,75,75,75,69,69,62,65,65,0],"items_purged":["Strike_R","Strike_R"],"gold":105,"score":247,"play_id":"617c94d8-3dac-4720-bdc4-d201a3fbcbdf","local_time":"20180329093558","is_prod":false,"is_daily":false,"is_ascension_mode":false,"campfire_upgraded":7,"timestamp":1522308958,"path_taken":["M","M","$","M","?","R","M","R","T","E","R","M","?","?","R","BOSS","M","$","M","M","?","R","$","?","T","R","?","R","M","?","R","BOSS"],"build_version":"2018-03-22v2","purchased_purges":2,"victory":false,"master_deck":["Strike_R","Strike_R","Strike_R","Defend_R","Defend_R","Defend_R","Defend_R","Bash+1","Pommel Strike","Cleave","Flex","Searing Blow+5","Flame Barrier+1","Dual Wield","Metallicize+1","Inflame+1","Flex","Sword Boomerang+1","Twin Strike","Shrug It Off"],"max_hp_per_floor":[80,80,80,80,80,80,80,80,80,80,80,80,80,80,80,80,80,80,80,80,80,80,80,80,80,80,80,80,80,80,80,80,80],"relics":["Burning Blood","Golden Idol","Pen Nib","Shuriken","Mark of Pain","Ginger","Art of War"],"card_choices":[{"not_picked":["Carnage","Infernal Blade"],"picked":"Pommel Strike","floor":1},{"not_picked":["Shockwave","Rage"],"picked":"Cleave","floor":2},{"not_picked":["Bloodletting","True Grit"],"picked":"Searing Blow","floor":4},{"not_picked":["Flex","Uppercut"],"picked":"Flame Barrier","floor":10},{"not_picked":["Clothesline","Blood for Blood"],"picked":"Dual Wield","floor":18},{"not_picked":["Havoc","Wild Strike"],"picked":"Inflame","floor":20},{"not_picked":["Flex","Wild Strike"],"picked":"Sword Boomerang","floor":28},{"not_picked":["Clash","Headbutt"],"picked":"Twin Strike","floor":30},{"not_picked":["Corruption","Flame Barrier"],"picked":"Shrug It Off","floor":31}],"player_experience":203795,"potions_floor_usage":[7,10,12,16,18,21,21,30,33],"damage_taken":[{"damage":7,"enemies":"Small Slimes","floor":1,"turns":4},{"damage":1,"enemies":"2 Louse","floor":2,"turns":4},{"damage":1,"enemies":"Cultist","floor":4,"turns":3},{"damage":3,"enemies":"Exordium Wildlife","floor":7,"turns":4},{"damage":19,"enemies":"Lagavulin","floor":10,"turns":5},{"damage":0,"enemies":"Lots of Slimes","floor":12,"turns":1},{"damage":22,"enemies":"Slime Boss","floor":16,"turns":7},{"damage":10,"enemies":"2 Thieves","floor":18,"turns":3},{"damage":5,"enemies":"Shell Parasite","floor":20,"turns":4},{"damage":17,"enemies":"3 Cultists","floor":21,"turns":5},{"damage":12,"enemies":"Snake Plant","floor":28,"turns":2},{"damage":13,"enemies":"Cultist and Chosen","floor":30,"turns":5},{"damage":3,"enemies":"Centurion and Healer","floor":31,"turns":5},{"damage":81,"enemies":"Champ","floor":33,"turns":8}],"event_choices":[{"event_name":"Golden Idol","player_choice":"Take Damage","floor":5,"damage_taken":0},{"event_name":"Match and Keep!","player_choice":"1 cards matched","floor":13,"damage_taken":0},{"event_name":"The Lab","player_choice":"Got Potions","floor":14,"damage_taken":0},{"event_name":"Back to Basics","player_choice":"Elegance","floor":25,"damage_taken":0}],"boss_relics":[{"not_picked":["Calling Bell","Runic Cube"],"picked":"Mark of Pain"}],"potions_floor_spawned":[1,4,10,16,21,30,31],"seed_played":"-202116996982501420","killed_by":"Champ","ascension_level":0,"is_trial":false}