{"path_per_floor":["M","M","?","?","M","R","E","R","T","$","M","M","M","M","R","B",null,"M","M","?","M","M"],"character_chosen":"THE_SILENT","items_purchased":["Deadly Poison","Infinite Blades"],"gold_per_floor":[112,131,131,131,149,149,178,178,178,62,76,93,110,128,128,227,227,244,228,228,244,256],"floor_reached":23,"campfire_rested":2,"playtime":4309,"current_hp_per_floor":[61,61,47,47,47,68,36,57,57,57,53,44,44,44,44,22,70,67,67,67,55,42],"items_purged":[],"gold":256,"score":197,"play_id":"b3e774d1-154b-4340-9f9f-16aec2ded713","local_time":"20180320131314","is_prod":false,"is_daily":false,"is_ascension_mode":false,"campfire_upgraded":1,"timestamp":1521547994,"path_taken":["M","M","?","?","M","R","E","R","T","?","M","M","M","M","R","BOSS","M","M","?","M","?","E"],"build_version":"2018-03-15v3","purchased_purges":0,"victory":false,"master_deck":["Defend_G","Defend_G","Defend_G+1","Defend_G","Defend_G","Strike_G","Strike_G","Strike_G","Strike_G","Survivor","Neutralize","Quick Slash","Leg Sweep+1","Setup","Riddle With Holes","Cloak And Dagger","Deadly Poison","Infinite Blades","Backflip","Dodge and Roll","Storm of Steel+1","Die Die Die","Deadly Poison+1","Deadly Poison+1","Poisoned Stab+1","Storm of Steel"],"max_hp_per_floor":[70,70,70,70,70,70,70,70,70,70,70,70,70,70,70,70,70,70,70,70,70,70],"relics":["Ring of the Snake","Snake Skull","Oddly Smooth Stone","Dream Catcher","Philosopher\u0027s Stone"],"card_choices":[{"not_picked":["Dodge and Roll","Bane"],"picked":"Quick Slash"},{"not_picked":["Acrobatics","Sucker Punch"],"picked":"Leg Sweep"},{"not_picked":["Dagger Spray","Choke"],"picked":"Riddle With Holes"},{"not_picked":["Doppelganger","Flechettes"],"picked":"Cloak And Dagger"},{"not_picked":["Endless Agony","Bane"],"picked":"Backflip"},{"not_picked":["Deflect","Sucker Punch"],"picked":"Dodge and Roll"},{"not_picked":["Deadly Poison","Prepared"],"picked":"Storm of Steel"},{"not_picked":["Tactician","Night Terror"],"picked":"Die Die Die"},{"not_picked":["Setup","Dash"],"picked":"Deadly Poison"},{"not_picked":["Quick Slash","Cloak And Dagger"],"picked":"Deadly Poison"},{"not_picked":["Malaise","Bouncing Flask"],"picked":"Poisoned Stab"},{"not_picked":["Slice","Reflex"],"picked":"Storm of Steel"}],"player_experience":208050,"potions_floor_usage":[13,16,22,23],"damage_taken":[{"damage":9,"enemies":"Jaw Worm","floor":1,"turns":6},{"damage":0,"enemies":"2 Louse","floor":2,"turns":4},{"damage":0,"enemies":"Cultist","floor":5,"turns":4},{"damage":32,"enemies":"Gremlin Nob","floor":7,"turns":7},{"damage":4,"enemies":"2 Fungi Beasts","floor":11,"turns":5},{"damage":9,"enemies":"Exordium Thugs","floor":12,"turns":6},{"damage":0,"enemies":"Looter","floor":13,"turns":4},{"damage":0,"enemies":"Blue Slaver","floor":14,"turns":6},{"damage":22,"enemies":"The Guardian","floor":16,"turns":17},{"damage":3,"enemies":"Shell Parasite","floor":18,"turns":5},{"damage":0,"enemies":"2 Thieves","floor":19,"turns":5},{"damage":12,"enemies":"Snake Plant","floor":21,"turns":5},{"damage":13,"enemies":"Snecko","floor":22,"turns":5},{"damage":43,"enemies":"Slavers","floor":23,"turns":3}],"event_choices":[{"event_name":"Shining Light","player_choice":"Entered Light","floor":3,"damage_taken":0},{"event_name":"Transmorgrifier","player_choice":"Transform","floor":4,"damage_taken":0},{"event_name":"Beggar","player_choice":"Ignored","floor":20,"damage_taken":0}],"boss_relics":[{"not_picked":["The Specimen","Lizard Tail"],"picked":"Philosopher\u0027s Stone"}],"potions_floor_spawned":[7,13,14,16,19],"seed_played":"-7159939261206640487","killed_by":"Slavers","ascension_level":0,"is_trial":false}