{"gold_per_floor":[111,122,132,142,142,142,156,168,194,194,108,108,128,142,142,142],"floor_reached":16,"playtime":1209,"items_purged":[],"score":134,"play_id":"6b3a2c68-7c78-4698-adea-0efbfae0a553","local_time":"20190131123307","is_ascension_mode":true,"campfire_choices":[{"data":"Armaments","floor":6.0,"key":"SMITH"},{"data":"True Grit","floor":10.0,"key":"SMITH"},{"data":"Discovery","floor":12.0,"key":"SMITH"},{"floor":15.0,"key":"REST"}],"neow_cost":"NONE","seed_source_timestamp":663661034055667,"circlet_count":0,"master_deck":["Strike_R","Strike_R","Strike_R","Strike_R","Strike_R","Defend_R","Defend_R","Defend_R","Defend_R","Bash","Deep Breath","Shrug It Off","Sentinel","Armaments+1","Metallicize","Battle Trance","True Grit+1","Discovery+1","Flame Barrier","Limit Break"],"special_seed":0,"relics":["Burning Blood","FaceOfCleric","Centennial Puzzle"],"potions_floor_usage":[16,16],"damage_taken":[{"damage":11.0,"enemies":"Small Slimes","floor":1.0,"turns":4.0},{"damage":6.0,"enemies":"Cultist","floor":2.0,"turns":3.0},{"damage":5.0,"enemies":"Jaw Worm","floor":3.0,"turns":4.0},{"damage":5.0,"enemies":"2 Fungi Beasts","floor":4.0,"turns":4.0},{"damage":14.0,"enemies":"Large Slime","floor":7.0,"turns":7.0},{"damage":16.0,"enemies":"3 Louse","floor":8.0,"turns":5.0},{"damage":24.0,"enemies":"Red Slaver","floor":13.0,"turns":4.0},{"damage":4.0,"enemies":"Gremlin Gang","floor":14.0,"turns":4.0},{"damage":72,"enemies":"Slime Boss","floor":16,"turns":13}],"seed_played":"-297529799789744994","potions_obtained":[{"floor":2.0,"key":"EssenceOfSteel"},{"floor":4.0,"key":"Fire Potion"},{"floor":7.0,"key":"Poison Potion"}],"is_trial":false,"path_per_floor":["M","M","M","M","?","R","M","M","T","R","$","R","M","M","R","B"],"character_chosen":"IRONCLAD","items_purchased":["Discovery"],"campfire_rested":1,"item_purchase_floors":[11],"current_hp_per_floor":[67,67,68,69,69,69,62,53,53,53,53,53,36,39,64,0],"gold":142,"neow_bonus":"RANDOM_COLORLESS","is_prod":false,"is_daily":false,"chose_seed":false,"campfire_upgraded":3,"win_rate":0,"timestamp":1548919987,"path_taken":["M","M","M","M","?","R","M","M","T","R","?","R","M","M","R","BOSS"],"build_version":"2019-01-23","purchased_purges":0,"victory":false,"max_hp_per_floor":[80,80,80,80,80,80,81,82,82,82,82,82,83,84,84,84],"card_choices":[{"not_picked":["Clothesline","Perfected Strike"],"picked":"Shrug It Off","floor":1.0},{"not_picked":["Corruption","Twin Strike"],"picked":"Sentinel","floor":2.0},{"not_picked":["Sentinel","Rampage"],"picked":"Armaments","floor":3.0},{"not_picked":["Reckless Charge","Flex"],"picked":"Metallicize","floor":4.0},{"not_picked":["Thunderclap","Heavy Blade"],"picked":"Battle Trance","floor":7.0},{"not_picked":["Battle Trance","Thunderclap"],"picked":"True Grit","floor":8.0},{"not_picked":["Heavy Blade","Headbutt"],"picked":"Flame Barrier","floor":13.0},{"not_picked":["Anger","Spot Weakness"],"picked":"Limit Break","floor":14.0}],"player_experience":288625,"relics_obtained":[{"floor":9.0,"key":"Centennial Puzzle"}],"event_choices":[{"damage_healed":0.0,"max_hp_gain":0.0,"max_hp_loss":0.0,"gold_gain":0.0,"event_name":"FaceTrader","player_choice":"Trade","floor":5.0,"gold_loss":0.0,"damage_taken":0.0,"relics_obtained":["FaceOfCleric"]}],"is_beta":false,"boss_relics":[],"items_purged_floors":[],"is_endless":false,"potions_floor_spawned":[2,4,7],"killed_by":"Slime Boss","ascension_level":8}