{"gold_per_floor":[114,289,309,309,326,326,339,339,364,384,411,430,430,440,440,543,543,563,575,575,585,214,214,227,227],"floor_reached":25,"playtime":1649,"items_purged":["Doubt"],"score":248,"play_id":"84e61e39-6348-4a1c-a846-35a8ce62ba04","local_time":"20190115161735","is_ascension_mode":true,"campfire_choices":[{"data":"Neutralize","floor":6,"key":"SMITH"},{"data":"Well Laid Plans","floor":8,"key":"SMITH"},{"data":"Endless Agony","floor":13,"key":"SMITH"},{"data":"Setup","floor":15,"key":"SMITH"},{"floor":23,"key":"REST"}],"neow_cost":"PERCENT_DAMAGE","seed_source_timestamp":88967574898518,"circlet_count":0,"master_deck":["Defend_G","Defend_G","Defend_G","Defend_G","Defend_G","Strike_G+1","Strike_G","Strike_G","Strike_G+1","Survivor","Neutralize+1","Sucker Punch","Dagger Throw","Well Laid Plans+1","Endless Agony+1","Finisher","Poisoned Stab","Escape Plan","Deflect","Setup+1","Night Terror","Dagger Throw+1","Underhanded Strike","Endless Agony+1","Cloak And Dagger","Burst"],"relics":["Ring of the Snake","Bird Faced Urn","Whetstone","Strawberry","Philosopher\u0027s Stone","Dodecahedron"],"potions_floor_usage":[10,11,16,16,25,25],"damage_taken":[{"damage":1,"enemies":"2 Louse","floor":1,"turns":3},{"damage":3,"enemies":"Small Slimes","floor":3,"turns":5},{"damage":0,"enemies":"Cultist","floor":5,"turns":4},{"damage":5,"enemies":"Red Slaver","floor":7,"turns":4},{"damage":1,"enemies":"Exordium Thugs","floor":10,"turns":6},{"damage":25,"enemies":"3 Sentries","floor":11,"turns":8},{"damage":3,"enemies":"3 Louse","floor":12,"turns":4},{"damage":0,"enemies":"Blue Slaver","floor":14,"turns":3},{"damage":31,"enemies":"The Guardian","floor":16,"turns":13},{"damage":10,"enemies":"Chosen","floor":18,"turns":6},{"damage":15,"enemies":"3 Byrds","floor":19,"turns":7},{"damage":42,"enemies":"3 Cultists","floor":21,"turns":6},{"damage":31,"enemies":"Cultist and Chosen","floor":24,"turns":6},{"damage":17,"enemies":"Snecko","floor":25,"turns":3}],"seed_played":"1849826210876780903","potions_obtained":[{"floor":1,"key":"SpeedPotion"},{"floor":7,"key":"Poison Potion"},{"floor":10,"key":"Ancient Potion"},{"floor":11,"key":"SteroidPotion"},{"floor":19,"key":"LiquidBronze"},{"floor":24,"key":"SkillPotion"}],"is_trial":false,"path_per_floor":["M","?","M","?","M","R","M","R","T","M","E","M","R","M","R","B",null,"M","M","?","M","$","R","M","M"],"character_chosen":"THE_SILENT","items_purchased":["Dodecahedron","PowerPotion"],"campfire_rested":1,"item_purchase_floors":[22,22],"current_hp_per_floor":[48,48,45,45,47,47,44,44,44,45,29,28,28,30,30,1,77,67,54,54,14,14,37,6,0],"gold":227,"neow_bonus":"ONE_RARE_RELIC","is_prod":false,"is_daily":false,"chose_seed":false,"campfire_upgraded":4,"win_rate":0,"timestamp":1547565455,"path_taken":["M","?","M","?","?","R","M","R","T","M","E","M","R","M","R","BOSS","M","M","?","M","?","R","M","M"],"build_version":"2019-01-10","purchased_purges":1,"victory":false,"max_hp_per_floor":[70,70,70,70,70,70,70,70,70,70,77,77,77,77,77,77,77,77,77,77,77,77,77,77,77],"card_choices":[{"not_picked":["Eviscerate","Dodge and Roll"],"picked":"Sucker Punch","floor":1},{"not_picked":["Slice","Catalyst"],"picked":"Dagger Throw","floor":3},{"not_picked":["Quick Slash","Dagger Throw"],"picked":"Endless Agony","floor":5},{"not_picked":["Underhanded Strike","Slice"],"picked":"Finisher","floor":7},{"not_picked":["Dagger Throw","Sucker Punch"],"picked":"Poisoned Stab","floor":10},{"not_picked":["Eviscerate","Dodge and Roll"],"picked":"Escape Plan","floor":11},{"not_picked":["Sucker Punch","Skewer"],"picked":"Deflect","floor":12},{"not_picked":["Dash","Leg Sweep"],"picked":"Setup","floor":14},{"not_picked":["Tools of the Trade","Corpse Explosion"],"picked":"Night Terror","floor":16},{"not_picked":["Deflect+1","All Out Attack"],"picked":"Dagger Throw+1","floor":18},{"not_picked":["Backflip","Bane"],"picked":"Underhanded Strike","floor":19},{"not_picked":["Prepared","PiercingWail"],"picked":"Cloak And Dagger","floor":21},{"not_picked":["Leg Sweep","All Out Attack"],"picked":"Burst","floor":24}],"player_experience":172801,"relics_obtained":[{"floor":9,"key":"Whetstone"},{"floor":11,"key":"Strawberry"}],"event_choices":[{"damage_healed":0,"gold_gain":175,"player_choice":"AGREE","damage_taken":0,"max_hp_gain":0,"max_hp_loss":0,"event_name":"Liars Game","floor":2,"gold_loss":0,"cards_obtained":["Doubt"]},{"damage_healed":0,"gold_gain":0,"cards_transformed":["Strike_G"],"player_choice":"Transformed","damage_taken":0,"max_hp_gain":0,"max_hp_loss":0,"event_name":"Transmorgrifier","floor":4,"gold_loss":0,"cards_obtained":["Well Laid Plans"]},{"damage_healed":0,"gold_gain":0,"player_choice":"Copied","damage_taken":0,"max_hp_gain":0,"max_hp_loss":0,"event_name":"Duplicator","floor":20,"gold_loss":0,"cards_obtained":["Endless Agony"]}],"is_beta":false,"boss_relics":[{"not_picked":["Tiny House","Velvet Choker"],"picked":"Philosopher\u0027s Stone"}],"items_purged_floors":[22],"is_endless":false,"potions_floor_spawned":[1,7,10,11,19,24],"killed_by":"Snecko","ascension_level":4}