{"gold_per_floor":[117,117,127,140,140,140,171,191,215,215,242,253,253,270,270,345,345,305,305,305,305,305,305,305,305,305,305],"floor_reached":27,"playtime":751,"items_purged":[],"score":624,"play_id":"fa48d38b-68a9-4ff5-8d44-757117c17f90","local_time":"20181213040748","is_ascension_mode":true,"campfire_choices":[{"data":"Rip and Tear","floor":6.0,"key":"SMITH"},{"data":"Sunder","floor":10.0,"key":"SMITH"},{"data":"Undo","floor":13.0,"key":"SMITH"},{"data":"Redo","floor":15.0,"key":"SMITH"},{"floor":23.0,"key":"REST"},{"data":"Genetic Algorithm","floor":25,"key":"SMITH"}],"neow_cost":"NONE","seed_source_timestamp":0,"circlet_count":0,"master_deck":["AscendersBane","Strike_B+1","Strike_B","Strike_B+1","Strike_B","Defend_B","Defend_B","Defend_B","Zap+1","Dualcast","Auto Shields","Rip and Tear+1","Undo+1","Melter","Sunder+1","Meteor Strike","Reinforced Body","Redo+1","Buffer","Ball Lightning","Chill","Genetic Algorithm+1","Reprogram+1","Meteor Strike"],"special_seed":0,"relics":["Cracked Core","DataDisk","Happy Flower","Regal Pillow","Ectoplasm","Nloth\u0027s Gift","Sundial","Strawberry"],"potions_floor_usage":[24,24,27],"damage_taken":[{"damage":0.0,"enemies":"Cultist","floor":1.0,"turns":3.0},{"damage":7.0,"enemies":"Jaw Worm","floor":3.0,"turns":3.0},{"damage":10.0,"enemies":"2 Louse","floor":4.0,"turns":2.0},{"damage":17.0,"enemies":"Gremlin Nob","floor":7.0,"turns":4.0},{"damage":5.0,"enemies":"Gremlin Gang","floor":8.0,"turns":2.0},{"damage":0.0,"enemies":"Lagavulin","floor":11.0,"turns":5.0},{"damage":0.0,"enemies":"2 Fungi Beasts","floor":12.0,"turns":2.0},{"damage":2.0,"enemies":"Exordium Wildlife","floor":14.0,"turns":4.0},{"damage":0.0,"enemies":"Slime Boss","floor":16.0,"turns":6.0},{"damage":1.0,"enemies":"2 Thieves","floor":18.0,"turns":2.0},{"damage":17.0,"enemies":"Shell Parasite","floor":20.0,"turns":4.0},{"damage":0.0,"enemies":"Snecko","floor":21.0,"turns":4.0},{"damage":23.0,"enemies":"Cultist and Chosen","floor":22.0,"turns":7.0},{"damage":2,"enemies":"Slavers","floor":24,"turns":4},{"damage":75,"enemies":"Gremlin Leader","floor":27,"turns":8}],"seed_played":"-187074258708127561","potions_obtained":[{"floor":1.0,"key":"Explosive Potion"},{"floor":4.0,"key":"Energy Potion"},{"floor":7.0,"key":"PowerPotion"},{"floor":11.0,"key":"PowerPotion"},{"floor":12.0,"key":"FearPotion"},{"floor":20.0,"key":"FearPotion"},{"floor":22.0,"key":"GamblersBrew"},{"floor":24,"key":"GamblersBrew"}],"is_trial":false,"path_per_floor":["M","?","M","M","?","R","E","M","T","R","E","M","R","M","R","B",null,"M","?","M","M","M","R","E","R","T","E"],"character_chosen":"DEFECT","items_purchased":[],"campfire_rested":1,"item_purchase_floors":[],"current_hp_per_floor":[64,64,57,47,47,47,30,25,25,25,25,25,25,23,23,23,59,58,58,41,41,18,54,52,52,59,0],"gold":305,"neow_bonus":"RANDOM_COMMON_RELIC","is_prod":false,"is_daily":false,"chose_seed":false,"campfire_upgraded":5,"win_rate":0,"timestamp":1544641668,"path_taken":["M","?","?","M","?","R","E","M","T","R","E","M","R","M","R","BOSS","M","?","?","M","M","R","E","R","T","E"],"build_version":"2018-12-06","purchased_purges":0,"victory":false,"max_hp_per_floor":[71,71,71,71,71,71,71,71,71,71,71,71,71,71,71,71,71,71,71,71,71,71,71,71,71,78,78],"card_choices":[{"not_picked":["Loop","Leap"],"picked":"Auto Shields","floor":1.0},{"not_picked":["White Noise","Fusion"],"picked":"Rip and Tear","floor":3.0},{"not_picked":["Skim","Cold Snap"],"picked":"Undo","floor":4.0},{"not_picked":["Sweeping Beam","Capacitor"],"picked":"Melter","floor":7.0},{"not_picked":["Steam","Sweeping Beam"],"picked":"Sunder","floor":8.0},{"not_picked":["Stack","Coolheaded"],"picked":"Meteor Strike","floor":11.0},{"not_picked":["Glacier","Barrage"],"picked":"Reinforced Body","floor":12.0},{"not_picked":["Hello World","Consume"],"picked":"Redo","floor":14.0},{"not_picked":["Thunder Strike","Machine Learning"],"picked":"Buffer","floor":16.0},{"not_picked":["Stack","Melter"],"picked":"Ball Lightning","floor":18.0},{"not_picked":["Rebound","Hologram"],"picked":"Chill","floor":20.0},{"not_picked":["Ball Lightning","Rip and Tear"],"picked":"Genetic Algorithm","floor":21.0},{"not_picked":["Hologram","Skim"],"picked":"Reprogram+1","floor":22.0},{"not_picked":["Go for the Eyes","Steam"],"picked":"Meteor Strike","floor":24}],"player_experience":990265,"relics_obtained":[{"floor":7.0,"key":"Happy Flower"},{"floor":9.0,"key":"Whetstone"},{"floor":11.0,"key":"Regal Pillow"},{"floor":24,"key":"Sundial"},{"floor":26,"key":"Strawberry"}],"event_choices":[{"cards_removed":["Defend_B"],"damage_healed":0.0,"max_hp_gain":0.0,"max_hp_loss":0.0,"gold_gain":0.0,"event_name":"Purifier","player_choice":"Purged","floor":2.0,"gold_loss":0.0,"damage_taken":0.0},{"damage_healed":0.0,"max_hp_gain":0.0,"max_hp_loss":0.0,"gold_gain":0.0,"event_name":"Living Wall","player_choice":"Grow","floor":5.0,"gold_loss":0.0,"damage_taken":0.0,"cards_upgraded":["Zap"]},{"damage_healed":0.0,"max_hp_gain":0.0,"max_hp_loss":0.0,"gold_gain":0.0,"event_name":"N\u0027loth","player_choice":"Traded Relic","floor":19.0,"relics_lost":["Whetstone"],"gold_loss":0.0,"damage_taken":0.0,"relics_obtained":["Nloth\u0027s Gift"]}],"is_beta":false,"boss_relics":[{"not_picked":["Calling Bell","Empty Cage"],"picked":"Ectoplasm"}],"items_purged_floors":[],"is_endless":false,"potions_floor_spawned":[1,4,7,11,12,20,22,24],"killed_by":"Gremlin Leader","ascension_level":19}