{"path_per_floor":["M","?","$","M","M","R","M","R","T","M","M","R","?","T","R","B",null,"M","$","?","M"],"character_chosen":"IRONCLAD","items_purchased":["Shrug It Off"],"gold_per_floor":[116,116,18,35,48,48,66,66,66,80,98,98,273,273,273,370,370,383,283,283,300],"floor_reached":22,"campfire_rested":0,"playtime":638,"current_hp_per_floor":[78,78,78,77,77,77,60,60,60,58,53,53,53,53,53,24,80,40,40,25,10],"items_purged":["Strike_R","Doubt"],"gold":300,"score":176,"play_id":"bc1107a3-3daf-4811-9dae-233d81e82046","local_time":"20180311173731","is_prod":false,"is_daily":false,"is_ascension_mode":false,"campfire_upgraded":4,"timestamp":1520786251,"path_taken":["M","?","?","M","M","R","M","R","T","M","?","R","?","?","R","BOSS","M","$","?","M","?"],"build_version":"2018-03-09","purchased_purges":3,"victory":false,"master_deck":["Strike_R+1","Strike_R","Strike_R","Strike_R","Defend_R","Defend_R","Defend_R","Defend_R","Bash+1","Flame Barrier+1","Shrug It Off+1","Rampage+1","Feed","Uppercut","Writhe"],"max_hp_per_floor":[80,80,80,80,80,80,80,80,80,80,80,80,80,80,80,80,80,80,80,85,85],"relics":["Mark of Pain","Bag of Preparation"],"card_choices":[{"not_picked":["Pummel","Sword Boomerang"],"picked":"Flame Barrier"},{"not_picked":["Pommel Strike","Perfected Strike"],"picked":"Rampage"},{"not_picked":["Brutality","Impervious"],"picked":"Feed"},{"not_picked":["Armaments","Pummel"],"picked":"Uppercut"}],"player_experience":140874,"potions_floor_usage":[16,16],"damage_taken":[{"damage":2,"enemies":"2 Louse","floor":1,"turns":3},{"damage":1,"enemies":"Cultist","floor":4,"turns":4},{"damage":0,"enemies":"Small Slimes","floor":5,"turns":3},{"damage":17,"enemies":"Exordium Thugs","floor":7,"turns":4},{"damage":2,"enemies":"Exordium Wildlife","floor":10,"turns":3},{"damage":5,"enemies":"Looter","floor":11,"turns":3},{"damage":29,"enemies":"The Guardian","floor":16,"turns":11},{"damage":40,"enemies":"Spheric Guardian","floor":18,"turns":6},{"damage":15,"enemies":"2 Thieves","floor":21,"turns":5}],"event_choices":[{"event_name":"Upgrade Shrine","player_choice":"Upgraded","floor":2,"damage_taken":0},{"event_name":"Liars Game","player_choice":"agreed","floor":13,"damage_taken":0},{"event_name":"Forgotten Altar","player_choice":"Shed Blood","floor":20,"damage_taken":0},{"event_name":"The Mausoleum","player_choice":"Yes","floor":22,"damage_taken":0}],"boss_relics":[{"not_picked":["Snecko Eye","Runic Cube","Sozu"]}],"potions_floor_spawned":[1,5,11,21],"seed_played":"6635419551358016474","ascension_level":0,"is_trial":false}