{"gold_per_floor":[111,111,111,25,49,49,80,104,104,104,123,141,19,62,62,185,185,205,205,226,18,18,18,38,38,88,88],"floor_reached":27,"playtime":702,"items_purged":[],"score":271,"play_id":"c5b4e314-7506-484b-b245-6ac3716e97b6","local_time":"20190129213346","is_ascension_mode":false,"campfire_choices":[{"data":"Shockwave","floor":6,"key":"SMITH"},{"floor":10,"key":"RECALL"},{"floor":15,"key":"REST"},{"data":"Corruption","floor":23,"key":"SMITH"}],"neow_cost":"NONE","seed_source_timestamp":91146010222613,"circlet_count":0,"master_deck":["Strike_R","Strike_R","Strike_R","Strike_R","Strike_R","Defend_R","Defend_R","Defend_R","Defend_R","Bash","Shockwave+1","Inflame","Cleave","Shrug It Off","Cleave","Flex","Iron Wave","Double Tap","Cleave","Pommel Strike","Infernal Blade","Metallicize","Cleave","Demon Form","Fiend Fire","Shockwave","Armaments+1","Writhe","Sword Boomerang","Corruption+1","Heatsinks","Sweeping Beam"],"relics":["Burning Blood","NeowsBlessing","Golden Idol","Prayer Wheel","Orichalcum","Eternal Feather","Pen Nib","PrismaticShard","Strawberry"],"potions_floor_usage":[12,14],"damage_taken":[{"damage":0,"enemies":"2 Louse","floor":1,"turns":1},{"damage":0,"enemies":"Jaw Worm","floor":5,"turns":1},{"damage":0,"enemies":"Gremlin Nob","floor":7,"turns":1},{"damage":3,"enemies":"Small Slimes","floor":8,"turns":2},{"damage":10,"enemies":"Looter","floor":11,"turns":2},{"damage":16,"enemies":"Large Slime","floor":12,"turns":5},{"damage":28,"enemies":"Lagavulin","floor":14,"turns":6},{"damage":39,"enemies":"Hexaghost","floor":16,"turns":10},{"damage":11,"enemies":"Shell Parasite","floor":18,"turns":5},{"damage":24,"enemies":"Spheric Guardian","floor":20,"turns":7},{"damage":31,"enemies":"Centurion and Healer","floor":24,"turns":8},{"damage":62,"enemies":"Book of Stabbing","floor":27,"turns":4}],"seed_played":"2651521081429513346","potions_obtained":[{"floor":1,"key":"Poison Potion"},{"floor":5,"key":"BloodPotion"},{"floor":20,"key":"GamblersBrew"}],"is_trial":false,"path_per_floor":["M","?","?","$","M","R","E","M","T","R","M","M","$","E","R","B",null,"M","?","M","$","?","R","M","?","T","E"],"character_chosen":"IRONCLAD","items_purchased":["Inflame","Cleave","Metallicize","Cleave","PrismaticShard"],"campfire_rested":1,"item_purchase_floors":[4,4,13,13,21],"current_hp_per_floor":[80,74,74,74,74,74,74,74,74,74,70,67,67,45,67,34,74,69,69,51,51,51,69,44,44,51,0],"gold":88,"neow_bonus":"THREE_ENEMY_KILL","is_prod":false,"is_daily":false,"chose_seed":false,"campfire_upgraded":2,"win_rate":0,"timestamp":1548750826,"path_taken":["M","?","?","$","M","R","E","M","T","R","M","M","?","E","R","BOSS","M","?","M","$","?","R","M","?","T","E"],"build_version":"2019-01-23","purchased_purges":0,"victory":false,"max_hp_per_floor":[80,74,74,74,74,74,74,74,74,74,74,74,74,74,74,74,74,74,74,74,74,74,74,74,74,81,81],"card_choices":[{"not_picked":["Warcry","True Grit"],"picked":"Shockwave","floor":1},{"not_picked":["Bloodletting","Warcry"],"picked":"Shrug It Off","floor":5},{"not_picked":["Perfected Strike","Ghostly Armor"],"picked":"Cleave","floor":7},{"not_picked":["True Grit","Headbutt"],"picked":"Flex","floor":8},{"not_picked":["Pommel Strike","Power Through"],"picked":"Iron Wave","floor":8},{"not_picked":["Power Through","Twin Strike"],"picked":"Double Tap","floor":11},{"not_picked":["Searing Blow","Reckless Charge"],"picked":"Cleave","floor":11},{"not_picked":["Shockwave","Warcry"],"picked":"Pommel Strike","floor":12},{"not_picked":["Thunderclap","Havoc"],"picked":"Infernal Blade","floor":12},{"not_picked":["Reckless Charge","Iron Wave"],"picked":"Demon Form","floor":14},{"not_picked":["Exhume","Offering"],"picked":"Fiend Fire","floor":16},{"not_picked":["Twin Strike","Perfected Strike"],"picked":"Shockwave","floor":18},{"not_picked":["Power Through","Entrench"],"picked":"Armaments+1","floor":18},{"not_picked":["Sever Soul","Wild Strike"],"picked":"Sword Boomerang","floor":20},{"not_picked":["Headbutt","Shrug It Off"],"picked":"Corruption","floor":20},{"not_picked":["Clothesline","Trip"],"picked":"Heatsinks","floor":24},{"not_picked":["Exhume","Sucker Punch"],"picked":"Sweeping Beam","floor":24}],"player_experience":606170,"relics_obtained":[{"floor":7,"key":"Prayer Wheel"},{"floor":14,"key":"Orichalcum"},{"floor":26,"key":"Strawberry"}],"event_choices":[{"damage_healed":0,"gold_gain":0,"player_choice":"Lose Max HP","damage_taken":0,"relics_obtained":["Golden Idol"],"max_hp_gain":0,"max_hp_loss":6,"event_name":"Golden Idol","floor":2,"gold_loss":0},{"damage_healed":0,"gold_gain":0,"player_choice":"Ignored","damage_taken":0,"max_hp_gain":0,"max_hp_loss":0,"event_name":"Golden Wing","floor":3,"gold_loss":0},{"damage_healed":0,"gold_gain":0,"player_choice":"Opened","damage_taken":0,"relics_obtained":["Pen Nib"],"max_hp_gain":0,"max_hp_loss":0,"event_name":"The Mausoleum","floor":19,"gold_loss":0,"cards_obtained":["Writhe"]},{"damage_healed":0,"gold_gain":0,"player_choice":"Ignored","damage_taken":0,"max_hp_gain":0,"max_hp_loss":0,"event_name":"Ghosts","floor":22,"gold_loss":0},{"damage_healed":0,"gold_gain":0,"player_choice":"Ignored","damage_taken":0,"max_hp_gain":0,"max_hp_loss":0,"event_name":"Cursed Tome","floor":25,"gold_loss":0}],"is_beta":false,"boss_relics":[{"not_picked":["Velvet Choker","Calling Bell"],"picked":"Eternal Feather"}],"items_purged_floors":[],"is_endless":false,"potions_floor_spawned":[1,5,20],"killed_by":"Book of Stabbing","ascension_level":0}