{"gold_per_floor":[111,261,231,250,250,250,284,284,284,300,300,330,340,359,359,432,432,451,49,49,68,68,68,25,25],"floor_reached":25,"playtime":618,"items_purged":["Doubt"],"score":408,"play_id":"b480c2ab-0f53-4887-b695-4b8733f1ff8e","local_time":"20190106014301","is_ascension_mode":true,"campfire_choices":[{"data":"Zap","floor":6.0,"key":"SMITH"},{"data":"Loop","floor":8.0,"key":"SMITH"},{"floor":11.0,"key":"REST"},{"data":"Beam Cell","floor":15.0,"key":"SMITH"},{"floor":23,"key":"REST"}],"neow_cost":"NONE","seed_source_timestamp":0,"circlet_count":0,"master_deck":["AscendersBane","Strike_B","Strike_B","Strike_B","Strike_B","Defend_B","Defend_B","Defend_B","Defend_B","Zap+1","Dualcast","Rebound","Loop+1","Sweeping Beam","BootSequence","Steam","Conserve Battery","Beam Cell+1","Buffer","Redo","Conserve Battery","Ball Lightning","FTL"],"special_seed":0,"relics":["Cracked Core","Ornamental Fan","Cables","Sundial","Eternal Feather","Sling"],"potions_floor_usage":[21,25],"damage_taken":[{"damage":0.0,"enemies":"2 Louse","floor":1.0,"turns":3.0},{"damage":1.0,"enemies":"Cultist","floor":4.0,"turns":3.0},{"damage":62.0,"enemies":"Gremlin Nob","floor":7.0,"turns":6.0},{"damage":4.0,"enemies":"Jaw Worm","floor":10.0,"turns":3.0},{"damage":21.0,"enemies":"3 Sentries","floor":12.0,"turns":6.0},{"damage":0.0,"enemies":"Lots of Slimes","floor":13.0,"turns":3.0},{"damage":0.0,"enemies":"Looter","floor":14.0,"turns":3.0},{"damage":18.0,"enemies":"The Guardian","floor":16.0,"turns":11.0},{"damage":16.0,"enemies":"2 Thieves","floor":18.0,"turns":3.0},{"damage":30,"enemies":"3 Byrds","floor":21,"turns":6},{"damage":61,"enemies":"Book of Stabbing","floor":25,"turns":4}],"seed_played":"-8009166845204685283","potions_obtained":[{"floor":3.0,"key":"Swift Potion"},{"floor":3.0,"key":"Strength Potion"},{"floor":5.0,"key":"Fire Potion"},{"floor":5.0,"key":"Regen Potion"},{"floor":10.0,"key":"Poison Potion"},{"floor":12.0,"key":"Explosive Potion"},{"floor":18.0,"key":"Regen Potion"}],"is_trial":false,"path_per_floor":["M","?","?","M","?","R","E","R","T","M","R","E","M","M","R","B",null,"M","$","?","M","?","R","$","E"],"character_chosen":"DEFECT","items_purchased":["Sling","Conserve Battery","FocusPotion","FTL"],"campfire_rested":2,"item_purchase_floors":[19,19,19,24],"current_hp_per_floor":[71,71,71,70,70,70,8,8,8,4,27,21,21,21,21,3,59,43,43,59,44,22,58,58,0],"gold":25,"neow_bonus":"TEN_PERCENT_HP_BONUS","is_prod":false,"is_daily":false,"chose_seed":false,"campfire_upgraded":3,"win_rate":0,"timestamp":1546706581,"path_taken":["M","?","?","?","?","R","E","R","T","M","R","E","M","M","R","BOSS","M","?","?","M","?","R","$","E"],"build_version":"2019-01-03v4","purchased_purges":1,"victory":false,"max_hp_per_floor":[78,78,78,78,78,78,78,78,78,78,78,78,78,78,78,78,78,78,78,78,78,83,83,83,83],"card_choices":[{"not_picked":["Fusion","Compile Driver"],"picked":"Rebound","floor":1.0},{"not_picked":["Go for the Eyes","Leap"],"picked":"Loop","floor":4.0},{"not_picked":["Hologram","Skim"],"picked":"Sweeping Beam","floor":7.0},{"not_picked":["Steam Power","Rebound"],"picked":"BootSequence","floor":10.0},{"not_picked":["Stack","Leap"],"picked":"Steam","floor":12.0},{"not_picked":["Steam","Beam Cell"],"picked":"Conserve Battery","floor":13.0},{"not_picked":["Go for the Eyes","Static Discharge"],"picked":"Beam Cell","floor":14.0},{"not_picked":["Creative AI","Hyperbeam"],"picked":"Buffer","floor":16.0},{"not_picked":["Conserve Battery","Recycle+1"],"picked":"Redo","floor":18.0},{"not_picked":["Streamline+1","Turbo"],"picked":"Ball Lightning","floor":21}],"player_experience":1008015,"relics_obtained":[{"floor":7.0,"key":"Ornamental Fan"},{"floor":9.0,"key":"Cables"},{"floor":12.0,"key":"Sundial"}],"event_choices":[{"damage_healed":0.0,"max_hp_gain":0.0,"max_hp_loss":0.0,"gold_gain":150.0,"event_name":"Liars Game","player_choice":"AGREE","floor":2.0,"gold_loss":0.0,"damage_taken":0.0,"cards_obtained":["Doubt"]},{"damage_healed":0.0,"max_hp_gain":0.0,"max_hp_loss":0.0,"gold_gain":0.0,"event_name":"The Woman in Blue","player_choice":"Bought 2 Potions","floor":3.0,"gold_loss":0.0,"damage_taken":0.0},{"damage_healed":0.0,"max_hp_gain":0.0,"max_hp_loss":0.0,"gold_gain":0.0,"event_name":"Lab","player_choice":"Got Potions","floor":5.0,"gold_loss":0.0,"damage_taken":0.0},{"damage_healed":16.0,"max_hp_gain":0.0,"max_hp_loss":0.0,"gold_gain":0.0,"event_name":"The Library","player_choice":"Heal","floor":20.0,"gold_loss":0.0,"damage_taken":0.0},{"damage_healed":0,"gold_gain":0,"player_choice":"Shed Blood","damage_taken":27,"max_hp_gain":5,"max_hp_loss":0,"event_name":"Forgotten Altar","floor":22,"gold_loss":0}],"is_beta":false,"boss_relics":[{"not_picked":["Philosopher\u0027s Stone","Ectoplasm"],"picked":"Eternal Feather"}],"items_purged_floors":[19],"is_endless":false,"potions_floor_spawned":[10,12,14,18],"killed_by":"Book of Stabbing","ascension_level":19}