{"gold_per_floor":[116,132,147,159,177,205,205,280,280,280,293,293,312,312,312,312],"floor_reached":16,"playtime":389,"items_purged":[],"score":208,"play_id":"5976e28f-8a3c-4ae9-8fd3-acb8f5dc56bf","local_time":"20190126013650","is_ascension_mode":true,"campfire_choices":[{"data":"Tempest","floor":7.0,"key":"SMITH"},{"data":"Conserve Battery","floor":12.0,"key":"SMITH"},{"data":"Static Discharge","floor":15.0,"key":"SMITH"}],"neow_cost":"NONE","seed_source_timestamp":0,"circlet_count":0,"master_deck":["AscendersBane","Strike_B","Strike_B","Strike_B","Strike_B","Defend_B","Defend_B","Defend_B","Defend_B","Zap+1","Dualcast","Auto Shields","Tempest+1","Stack","FTL+1","Conserve Battery","Conserve Battery+1","Static Discharge+1"],"special_seed":0,"relics":["Cracked Core","Anchor","Bottled Flame","Mercury Hourglass"],"potions_floor_usage":[16],"damage_taken":[{"damage":1.0,"enemies":"2 Louse","floor":1.0,"turns":3.0},{"damage":0.0,"enemies":"Small Slimes","floor":2.0,"turns":4.0},{"damage":0.0,"enemies":"Cultist","floor":3.0,"turns":3.0},{"damage":4.0,"enemies":"3 Louse","floor":4.0,"turns":4.0},{"damage":2.0,"enemies":"2 Fungi Beasts","floor":5.0,"turns":3.0},{"damage":20.0,"enemies":"3 Sentries","floor":6.0,"turns":8.0},{"damage":0.0,"enemies":"Large Slime","floor":11.0,"turns":4.0},{"damage":0.0,"enemies":"Blue Slaver","floor":13.0,"turns":3.0},{"damage":8,"enemies":"Slime Boss","floor":16,"turns":4}],"seed_played":"3175712776879907671","potions_obtained":[{"floor":1.0,"key":"Strength Potion"},{"floor":2.0,"key":"Strength Potion"},{"floor":11.0,"key":"GamblersBrew"},{"floor":13.0,"key":"AttackPotion"}],"is_trial":false,"path_per_floor":["M","M","M","M","M","E","R","?","T","?","M","R","M","?","R","B"],"character_chosen":"DEFECT","items_purchased":[],"campfire_rested":0,"item_purchase_floors":[],"current_hp_per_floor":[63,63,63,59,57,37,37,26,26,26,26,26,26,8,8,0],"gold":312,"neow_bonus":"UPGRADE_CARD","is_prod":false,"is_daily":false,"chose_seed":false,"campfire_upgraded":3,"win_rate":0,"timestamp":1548434210,"path_taken":["M","M","M","M","M","E","R","?","T","?","?","R","M","?","R","BOSS"],"build_version":"2019-01-23","purchased_purges":0,"victory":false,"max_hp_per_floor":[71,71,71,71,71,71,71,71,71,71,71,71,71,71,71,71],"card_choices":[{"not_picked":["Static Discharge","Recycle"],"picked":"Auto Shields","floor":1.0},{"not_picked":["Lockon","Gash"],"picked":"Tempest","floor":2.0},{"not_picked":["Steam Power","Rebound"],"picked":"Stack","floor":3.0},{"not_picked":["Beam Cell","Redo"],"picked":"FTL","floor":4.0},{"not_picked":["Redo","Undo"],"picked":"Conserve Battery","floor":5.0},{"not_picked":["Double Energy","Compile Driver","Scrape"],"picked":"SKIP","floor":6.0},{"not_picked":["Sweeping Beam","Barrage"],"picked":"Conserve Battery","floor":11.0},{"not_picked":["Darkness","Leap"],"picked":"Static Discharge","floor":13.0}],"player_experience":1078552,"relics_obtained":[{"floor":6.0,"key":"Anchor"},{"floor":9.0,"key":"Bottled Flame"}],"event_choices":[{"damage_healed":0.0,"max_hp_gain":0.0,"max_hp_loss":0.0,"gold_gain":75.0,"event_name":"World of Goop","player_choice":"Gather Gold","floor":8.0,"gold_loss":0.0,"damage_taken":11.0},{"damage_healed":0.0,"max_hp_gain":0.0,"max_hp_loss":0.0,"gold_gain":0.0,"event_name":"Upgrade Shrine","player_choice":"Upgraded","floor":10.0,"gold_loss":0.0,"damage_taken":0.0,"cards_upgraded":["FTL"]},{"damage_healed":0.0,"max_hp_gain":0.0,"max_hp_loss":0.0,"gold_gain":0.0,"event_name":"Scrap Ooze","player_choice":"Success","floor":14.0,"gold_loss":0.0,"damage_taken":18.0,"relics_obtained":["Mercury Hourglass"]}],"is_beta":false,"boss_relics":[],"items_purged_floors":[],"is_endless":false,"potions_floor_spawned":[1,2,5,11,13],"killed_by":"Slime Boss","ascension_level":20}