{"gold_per_floor":[113,3,22,36,56,90,90,106,133,197,208,228,228,228,228,331,331,313,238,250,250,250,250],"floor_reached":23,"playtime":3909,"items_purged":["Normality"],"score":315,"play_id":"2237ed62-47ef-46db-9221-974af150af2d","local_time":"20180630165115","is_ascension_mode":true,"campfire_choices":[{"floor":7.0,"key":"REST"},{"floor":13.0,"key":"REST"},{"data":"Defragment","floor":15.0,"key":"SMITH"}],"neow_cost":"","seed_source_timestamp":0,"circlet_count":0,"master_deck":["Strike_B","Strike_B","Strike_B","Strike_B","Defend_B","Defend_B","Defend_B","Defend_B","Zap","Dualcast","AscendersBane","Hologram","Genetic Algorithm","Defragment+1","Steam","Go for the Eyes","Chaos","Cold Snap","Hologram","Buffer","Capacitor","Hologram","Normality","Reboot","Writhe","Leap+1","Ball Lightning+1","Defragment+1"],"special_seed":0,"relics":["Cracked Core","Boot","Oddly Smooth Stone","Tiny Chest","Blood Vial","Calling Bell","Bag of Preparation","Ornamental Fan","Ginger"],"potions_floor_usage":[23],"damage_taken":[{"damage":3.0,"enemies":"Jaw Worm","floor":1.0,"turns":4.0},{"damage":6.0,"enemies":"Cultist","floor":3.0,"turns":4.0},{"damage":0.0,"enemies":"2 Louse","floor":4.0,"turns":4.0},{"damage":4.0,"enemies":"2 Fungi Beasts","floor":5.0,"turns":3.0},{"damage":43.0,"enemies":"3 Sentries","floor":6.0,"turns":8.0},{"damage":4.0,"enemies":"Red Slaver","floor":8.0,"turns":4.0},{"damage":6.0,"enemies":"Lagavulin","floor":10.0,"turns":7.0},{"damage":16.0,"enemies":"Gremlin Gang","floor":11.0,"turns":5.0},{"damage":0.0,"enemies":"Large Slime","floor":12.0,"turns":7.0},{"damage":26.0,"enemies":"Hexaghost","floor":16.0,"turns":13.0},{"damage":16,"enemies":"2 Thieves","floor":18,"turns":4},{"damage":39,"enemies":"Spheric Guardian","floor":20,"turns":6},{"damage":14,"enemies":"Gremlin Leader","floor":23,"turns":3}],"seed_played":"7782574339839477630","potions_obtained":[{"floor":4.0,"key":"FearPotion"},{"floor":5.0,"key":"PowerPotion"},{"floor":11.0,"key":"FearPotion"},{"floor":12.0,"key":"PowerPotion"},{"floor":16.0,"key":"EssenceOfSteel"}],"is_trial":false,"path_per_floor":["M","$","M","M","M","E","R","M","T","E","M","M","R","?","R","B",null,"M","$","M","?","?"],"character_chosen":"DEFECT","items_purchased":["Genetic Algorithm","Defragment"],"campfire_rested":2,"item_purchase_floors":[],"current_hp_per_floor":[65,65,59,59,55,12,34,30,30,24,8,8,30,30,30,6,58,44,44,7,7,7,0],"gold":250,"neow_bonus":"","is_prod":false,"is_daily":false,"chose_seed":false,"campfire_upgraded":1,"win_rate":0,"timestamp":1530370275,"path_taken":["M","$","M","M","M","E","R","M","T","E","M","M","R","?","R","BOSS","M","$","M","?","?","E"],"build_version":"2018-06-28","purchased_purges":1,"victory":false,"max_hp_per_floor":[75,75,75,75,75,75,75,75,75,75,75,75,75,75,75,75,75,75,75,75,75,75,75],"card_choices":[{"not_picked":["Beam Cell","Barrage"],"picked":"Hologram","floor":1.0},{"not_picked":["Compile Driver","Redo"],"picked":"Steam","floor":3.0},{"not_picked":["Redo","Thunder Strike"],"picked":"Go for the Eyes","floor":4.0},{"not_picked":["Turbo","Beam Cell"],"picked":"Chaos","floor":5.0},{"not_picked":["Hologram","Skim"],"picked":"Cold Snap","floor":6.0},{"not_picked":["Steam","Static Discharge"],"picked":"Hologram","floor":8.0},{"not_picked":["Reprogram","BootSequence"],"picked":"Buffer","floor":10.0},{"not_picked":["Fusion","Steam"],"picked":"Capacitor","floor":11.0},{"not_picked":["Chaos","Self Repair"],"picked":"Hologram","floor":12.0},{"not_picked":["Meteor Strike","Fission"],"picked":"Reboot","floor":16.0},{"not_picked":["Coolheaded+1","Sweeping Beam"],"picked":"Leap+1","floor":18},{"not_picked":["Beam Cell+1","Go for the Eyes+1"],"picked":"Ball Lightning+1","floor":20}],"player_experience":787226,"relics_obtained":[{"floor":6.0,"key":"Boot"},{"floor":9.0,"key":"Oddly Smooth Stone"},{"floor":10.0,"key":"Tiny Chest"},{"floor":17,"key":"Bag of Preparation"},{"floor":17,"key":"Ornamental Fan"},{"floor":17,"key":"Ginger"}],"event_choices":[{"event_name":"Accursed Blacksmith","player_choice":"Rummage","floor":14.0,"damage_taken":0.0},{"event_name":"Duplicator","player_choice":"One dupe","floor":21,"damage_taken":0},{"event_name":"Purifier","player_choice":"One Purge","floor":22,"damage_taken":0}],"boss_relics":[{"not_picked":["Orrery","Busted Crown"],"picked":"Calling Bell"}],"items_purged_floors":[19],"is_endless":false,"potions_floor_spawned":[4,5,6,11,12,16,18],"killed_by":"Gremlin Leader","ascension_level":11}