{"path_per_floor":["M","?","?","M","$","E","R","M","T","R","?","M","M","?","R","B",null,"M","?","$","M","M","E","R","M","T","R","M","E","?","E","R","B",null,"M","$","?","M","M","E","R","M","T","M","?","R","E","M","R","B"],"character_chosen":"THE_SILENT","items_purchased":["Flying Knee","Vajra","Blood Vial","Gremlin Horn","Pear"],"gold_per_floor":[117,117,292,309,61,92,92,110,182,182,182,202,219,219,219,315,315,335,250,105,125,140,471,471,484,484,484,499,527,527,561,561,661,661,671,54,109,128,146,171,171,181,181,198,198,198,224,239,239,239],"floor_reached":51,"campfire_rested":2,"playtime":9726,"current_hp_per_floor":[70,70,70,70,70,54,54,54,54,54,54,54,53,39,39,29,70,59,59,59,52,48,47,47,49,49,49,40,33,56,54,54,15,70,43,53,54,42,25,19,43,36,36,34,34,34,36,34,58,11],"items_purged":["Doubt","Decay"],"gold":239,"score":866,"play_id":"6aa24fd1-08c1-4099-8f79-768132c27d69","local_time":"20180324200250","is_prod":false,"is_daily":false,"is_ascension_mode":true,"campfire_upgraded":5,"timestamp":1521918170,"path_taken":["M","?","?","M","?","E","R","?","T","R","?","M","M","?","R","BOSS","M","?","$","?","?","E","R","M","T","R","M","E","?","E","R","BOSS","M","$","?","M","M","E","R","M","T","M","?","R","E","M","R","BOSS"],"build_version":"2018-03-22v2","purchased_purges":3,"victory":true,"master_deck":["Defend_G","Defend_G","Defend_G","Defend_G","Defend_G+1","Strike_G","Strike_G+1","Strike_G","Strike_G","Strike_G","Survivor","Neutralize+1","Backflip","Adrenaline+1","Flying Knee+1","All Out Attack","Terror+1","Setup+1","Endless Agony","Doppelganger+1","Backflip","Escape Plan","Burst+1","Infinite Blades+1","Cloak And Dagger","Doppelganger","Phantasmal Killer","Quick Slash+1","Cloak And Dagger+1","Quick Slash","Quick Slash+1","Envenom+1","Injury","Leg Sweep","Footwork","PiercingWail+1"],"max_hp_per_floor":[70,70,70,70,70,70,70,70,70,70,70,70,70,70,70,70,70,70,70,70,70,70,70,70,70,70,70,70,70,70,70,70,70,70,70,80,80,80,80,80,80,80,80,80,80,80,80,80,80,80],"relics":["Runic Dome","Vajra","Pen Nib","Paper Crane","Cursed Key","Shuriken","Blood Vial","Old Coin","Ginger","Whetstone","Girya","White Beast Statue","Gremlin Horn","Pear","Shovel","The Courier","Bottled Lightning","Happy Flower"],"card_choices":[{"not_picked":["Outmaneuver","Deflect"],"picked":"Backflip","floor":1.0},{"not_picked":["Flying Knee","Dagger Spray"],"picked":"Adrenaline","floor":4.0},{"not_picked":["Malaise","Slice"],"picked":"All Out Attack","floor":6.0},{"not_picked":["Prepared","Deadly Poison"],"picked":"Terror","floor":8.0},{"not_picked":["Cloak And Dagger","Deflect"],"picked":"Setup","floor":12.0},{"not_picked":["Terror","Backflip"],"picked":"Endless Agony","floor":13.0},{"not_picked":["After Image","Wraith Form"],"picked":"Doppelganger","floor":16.0},{"not_picked":["Prepared","All Out Attack"],"picked":"Backflip","floor":18.0},{"not_picked":["Deflect","Dagger Spray"],"picked":"Escape Plan","floor":22.0},{"not_picked":["Bane","Quick Slash"],"picked":"Burst","floor":23.0},{"not_picked":["Noxious Fumes","Choke"],"picked":"Infinite Blades","floor":25.0},{"not_picked":["Footwork","Underhanded Strike"],"picked":"Cloak And Dagger","floor":28.0},{"not_picked":["Flechettes","Acrobatics"],"picked":"Doppelganger","floor":29.0},{"not_picked":["Corpse Explosion","Tactician"],"picked":"Phantasmal Killer","floor":33.0},{"not_picked":["Outmaneuver","Choke"],"picked":"Quick Slash","floor":35.0},{"not_picked":["Slice","Quick Slash"],"picked":"Cloak And Dagger","floor":38.0},{"not_picked":["Choke","Underhanded Strike"],"picked":"Quick Slash","floor":39},{"not_picked":["Expertise","Escape Plan"],"picked":"Quick Slash","floor":40},{"not_picked":["Sucker Punch","Setup"],"picked":"Envenom","floor":42},{"not_picked":["Dagger Spray","Predator"],"picked":"Leg Sweep","floor":44},{"not_picked":["Reflex","Blade Dance"],"picked":"Footwork","floor":47},{"not_picked":["Outmaneuver","Sucker Punch"],"picked":"PiercingWail","floor":48}],"player_experience":312594,"potions_floor_usage":[40,40,42,48,50,50,50],"damage_taken":[{"damage":0.0,"enemies":"Small Slimes","floor":1.0,"turns":4.0},{"damage":0.0,"enemies":"Cultist","floor":4.0,"turns":4.0},{"damage":16.0,"enemies":"Lagavulin","floor":6.0,"turns":8.0},{"damage":0.0,"enemies":"Jaw Worm","floor":8.0,"turns":3.0},{"damage":0.0,"enemies":"Large Slime","floor":12.0,"turns":4.0},{"damage":1.0,"enemies":"3 Louse","floor":13.0,"turns":2.0},{"damage":25.0,"enemies":"Hexaghost","floor":16.0,"turns":9.0},{"damage":11.0,"enemies":"2 Thieves","floor":18.0,"turns":4.0},{"damage":9.0,"enemies":"Shell Parasite","floor":21.0,"turns":4.0},{"damage":6.0,"enemies":"Snake Plant","floor":22.0,"turns":3.0},{"damage":3.0,"enemies":"Book of Stabbing","floor":23.0,"turns":4.0},{"damage":0.0,"enemies":"Snecko","floor":25.0,"turns":4.0},{"damage":11.0,"enemies":"Sentry and Sphere","floor":28.0,"turns":3.0},{"damage":9.0,"enemies":"Gremlin Leader","floor":29.0,"turns":5.0},{"damage":4.0,"enemies":"Book of Stabbing","floor":31.0,"turns":3.0},{"damage":41.0,"enemies":"Automaton","floor":33.0,"turns":8.0},{"damage":27.0,"enemies":"3 Darklings","floor":35.0,"turns":3.0},{"damage":1.0,"enemies":"Mysterious Sphere","floor":37.0,"turns":3.0},{"damage":14.0,"enemies":"3 Shapes","floor":38.0,"turns":3.0},{"damage":19.0,"enemies":"3 Darklings","floor":39.0,"turns":3.0},{"damage":8,"enemies":"2 Orb Walkers","floor":40,"turns":4},{"damage":18,"enemies":"Sphere and 2 Shapes","floor":42,"turns":5},{"damage":4,"enemies":"3 Darklings","floor":44,"turns":4},{"damage":0,"enemies":"Giant Head","floor":47,"turns":3},{"damage":4,"enemies":"4 Shapes","floor":48,"turns":4},{"damage":49,"enemies":"Donu and Deca","floor":50,"turns":6}],"event_choices":[{"event_name":"The Woman in Blue","player_choice":"Bought 0 Potions","floor":2.0,"damage_taken":0.0},{"event_name":"Liars Game","player_choice":"agreed","floor":3.0,"damage_taken":0.0},{"event_name":"The Cleric","player_choice":"Leave","floor":11.0,"damage_taken":0.0},{"event_name":"Shining Light","player_choice":"Entered Light","floor":14.0,"damage_taken":0.0},{"event_name":"Addict","player_choice":"Obtained Relic","floor":19.0,"damage_taken":0.0},{"event_name":"The Library","player_choice":"Heal","floor":30.0,"damage_taken":0.0},{"event_name":"Mysterious Sphere","player_choice":"Fight","floor":37.0,"damage_taken":0.0},{"event_name":"Upgrade Shrine","player_choice":"Upgraded","floor":45,"damage_taken":0}],"boss_relics":[],"potions_floor_spawned":[4,12,16,22,25,29,31,35,37,38,39,40,42,44,47,48],"seed_played":"7705673720409392132","ascension_level":2,"is_trial":false}