{"gold_per_floor":[210,3,14,32,207,240,240,259,338,357,76,76,89,106,106,201,201,211,229,105,85,85,85,97,97,121,167,14,14,14,40,40,144,144,157,207,74,141,156,187,187,200,251,21,71,83,83,93,93,93],"floor_reached":51,"playtime":2864,"items_purged":["Doubt"],"score":1117,"play_id":"ee61e2c8-5954-446f-8d81-83696aee3954","local_time":"20181005235512","is_ascension_mode":true,"campfire_choices":[{"data":"Core Surge","floor":7.0,"key":"SMITH"},{"floor":12.0,"key":"REST"},{"floor":15.0,"key":"REST"},{"data":"Biased Cognition","floor":23.0,"key":"SMITH"},{"data":"Loop","floor":25.0,"key":"SMITH"},{"data":"Rainbow","floor":32.0,"key":"SMITH"},{"floor":41,"key":"REST"},{"floor":47,"key":"REST"},{"floor":49,"key":"REST"}],"neow_cost":"NONE","seed_source_timestamp":0,"circlet_count":0,"master_deck":["Strike_B","Strike_B","Strike_B","Strike_B","Defend_B","Defend_B","Defend_B","Defend_B","Zap","Dualcast","AscendersBane","Cold Snap","Barrage","Ball Lightning","Loop+1","Core Surge+1","Go for the Eyes","Coolheaded","Self Repair","Hologram","Chaos","Biased Cognition+1","Coolheaded","FTL+1","Coolheaded","Stack","Core Surge","Rainbow+1","Biased Cognition","Hologram+1","Conserve Battery","Barrage+1","Leap","Tempest","Deep Breath","Reboot","Secret Technique","Skim+1","Double Energy+1","Darkness+1","Skim+1","Steam+1"],"special_seed":0,"relics":["Cracked Core","Membership Card","Pocketwatch","Question Card","Runic Capacitor","Centennial Puzzle","Velvet Choker","Strange Spoon","Strawberry","Bag of Marbles","DataDisk","SsserpentHead","Oddly Smooth Stone","Orrery","Pen Nib","Vajra","DollysMirror","Orichalcum"],"potions_floor_usage":[40,46,46,46,50,50],"damage_taken":[{"damage":13.0,"enemies":"Jaw Worm","floor":1.0,"turns":4.0},{"damage":0.0,"enemies":"2 Louse","floor":3.0,"turns":2.0},{"damage":1.0,"enemies":"Cultist","floor":4.0,"turns":3.0},{"damage":30.0,"enemies":"Gremlin Nob","floor":6.0,"turns":4.0},{"damage":2.0,"enemies":"Red Slaver","floor":8.0,"turns":3.0},{"damage":4.0,"enemies":"Exordium Thugs","floor":10.0,"turns":3.0},{"damage":0.0,"enemies":"Large Slime","floor":13.0,"turns":4.0},{"damage":10.0,"enemies":"3 Louse","floor":14.0,"turns":2.0},{"damage":9.0,"enemies":"The Guardian","floor":16.0,"turns":9.0},{"damage":12.0,"enemies":"3 Byrds","floor":18.0,"turns":6.0},{"damage":0.0,"enemies":"Spheric Guardian","floor":19.0,"turns":4.0},{"damage":7.0,"enemies":"Cultist and Chosen","floor":24.0,"turns":4.0},{"damage":25.0,"enemies":"Gremlin Leader","floor":31.0,"turns":7.0},{"damage":23.0,"enemies":"Collector","floor":33.0,"turns":8.0},{"damage":17.0,"enemies":"3 Shapes","floor":35.0,"turns":3.0},{"damage":0,"enemies":"Orb Walker","floor":38,"turns":3},{"damage":7,"enemies":"Sphere and 2 Shapes","floor":39,"turns":4},{"damage":23,"enemies":"2 Orb Walkers","floor":40,"turns":4},{"damage":2,"enemies":"Maw","floor":42,"turns":6},{"damage":32,"enemies":"4 Shapes","floor":46,"turns":4},{"damage":27,"enemies":"Reptomancer","floor":48,"turns":6},{"damage":8,"enemies":"Awakened One","floor":50,"turns":14}],"seed_played":"3244943337397874285","potions_obtained":[{"floor":6.0,"key":"Block Potion"},{"floor":8.0,"key":"Energy Potion"},{"floor":10.0,"key":"Poison Potion"},{"floor":16.0,"key":"Strength Potion"},{"floor":21.0,"key":"Explosive Potion"},{"floor":24.0,"key":"Ancient Potion"},{"floor":39,"key":"GamblersBrew"},{"floor":40,"key":"Regen Potion"},{"floor":48,"key":"AttackPotion"}],"is_trial":false,"path_per_floor":["M","$","M","M","?","E","R","M","T","M","$","R","M","M","R","B",null,"M","M","$","?","?","R","M","R","T","T","$","?","$","E","R","B",null,"M","?","$","M","M","E","R","M","T","$","?","M","R","M","R","B"],"character_chosen":"DEFECT","items_purchased":["Membership Card","Barrage","Runic Capacitor","Coolheaded","Self Repair","Centennial Puzzle","Strange Spoon","Coolheaded","DataDisk","Core Surge","Reboot","Secret Technique","DollysMirror","Orichalcum","EntropicBrew"],"campfire_rested":5,"item_purchase_floors":[2,2,11,11,11,11,20,20,28,28,37,37,44,44,44],"current_hp_per_floor":[55,55,55,54,54,24,24,22,22,18,18,40,47,37,59,57,71,66,73,73,73,73,73,73,73,80,80,80,80,80,62,62,46,73,63,63,63,63,63,40,64,69,69,69,69,56,80,53,77,76],"gold":93,"neow_bonus":"HUNDRED_GOLD","is_prod":false,"is_daily":false,"chose_seed":false,"campfire_upgraded":4,"win_rate":0,"timestamp":1538776512,"path_taken":["M","$","M","M","?","E","R","M","T","M","?","R","M","M","R","BOSS","M","M","$","?","?","R","?","R","T","?","$","?","$","E","R","BOSS","M","?","?","?","M","E","R","M","T","$","?","M","R","M","R","BOSS"],"build_version":"2018-09-27","purchased_purges":1,"victory":true,"max_hp_per_floor":[75,75,75,75,75,75,75,75,75,75,75,75,75,75,75,75,75,75,75,75,75,75,75,75,75,82,82,82,82,82,82,82,82,82,82,82,82,82,82,82,82,82,82,82,82,82,82,82,82,82],"card_choices":[{"not_picked":["Turbo","Consume"],"picked":"Cold Snap","floor":1.0},{"not_picked":["Turbo","Leap"],"picked":"Ball Lightning","floor":3.0},{"not_picked":["Sunder","Cold Snap"],"picked":"Loop","floor":4.0},{"not_picked":["Loop","Redo"],"picked":"Core Surge","floor":6.0},{"not_picked":["Leap","Loop"],"picked":"Go for the Eyes","floor":8.0},{"not_picked":["Barrage","Loop","Cold Snap"],"picked":"Leap","floor":10.0},{"not_picked":["Cold Snap","Steam","Compile Driver"],"picked":"Hologram","floor":13.0},{"not_picked":["Loop","Steam","Auto Shields"],"picked":"Chaos","floor":14.0},{"not_picked":["Machine Learning","All For One","Amplify"],"picked":"Biased Cognition","floor":16.0},{"not_picked":["Heatsinks+1","White Noise+1","Leap"],"picked":"Coolheaded","floor":18.0},{"not_picked":["Coolheaded","Steam Power","Redo"],"picked":"FTL+1","floor":19.0},{"not_picked":["Coolheaded","Turbo+1","Steam"],"picked":"Stack","floor":24.0},{"not_picked":["Sunder","Sweeping Beam+1","Turbo"],"picked":"Rainbow","floor":31.0},{"not_picked":["Buffer","Amplify","Rainbow"],"picked":"Biased Cognition","floor":33.0},{"not_picked":["Beam Cell+1","Compile Driver","Turbo"],"picked":"Hologram+1","floor":34.0},{"not_picked":["Streamline","Turbo","Barrage"],"picked":"Conserve Battery","floor":34.0},{"not_picked":["Beam Cell","Compile Driver","Melter"],"picked":"Barrage+1","floor":34.0},{"not_picked":["Cold Snap","Turbo","Rebound"],"picked":"Leap","floor":34.0},{"not_picked":["Sweeping Beam+1","Leap+1","Recycle"],"picked":"Tempest","floor":35.0},{"not_picked":["Metamorphosis","Jack Of All Trades","Madness"],"picked":"Deep Breath","floor":36},{"not_picked":["Ball Lightning+1","Cold Snap","Capacitor+1"],"picked":"Skim+1","floor":38},{"not_picked":["Streamline","Melter","Stack"],"picked":"Double Energy+1","floor":39},{"not_picked":["Conserve Battery+1","Static Discharge","Gash","Streamline"],"picked":"SKIP","floor":40},{"not_picked":["Ball Lightning","Coolheaded+1","Storm"],"picked":"Darkness+1","floor":42},{"not_picked":["Turbo","Conserve Battery","Coolheaded","Leap"],"picked":"SKIP","floor":46},{"not_picked":["BootSequence","Sweeping Beam+1","Aggregate"],"picked":"Steam+1","floor":48}],"player_experience":855619,"relics_obtained":[{"floor":6.0,"key":"Pocketwatch"},{"floor":9.0,"key":"Question Card"},{"floor":26.0,"key":"Strawberry"},{"floor":27.0,"key":"Bag of Marbles"},{"floor":31.0,"key":"Oddly Smooth Stone"},{"floor":40,"key":"Pen Nib"},{"floor":43,"key":"Vajra"}],"event_choices":[{"event_name":"Liars Game","player_choice":"agreed","floor":5.0,"damage_taken":0.0},{"event_name":"The Woman in Blue","player_choice":"Bought 1 Potion","floor":21.0,"damage_taken":0.0},{"event_name":"Vampires","player_choice":"Ignored","floor":22.0,"damage_taken":0.0},{"event_name":"FaceTrader","player_choice":"Trade","floor":29.0,"damage_taken":0.0},{"event_name":"SensoryStone","player_choice":"Memory 1","floor":36,"damage_taken":0},{"event_name":"Falling","player_choice":"Removed Skill","floor":45,"damage_taken":0}],"is_beta":false,"boss_relics":[{"not_picked":["Philosopher\u0027s Stone","Coffee Dripper"],"picked":"Velvet Choker"},{"not_picked":["Busted Crown","Eternal Feather"],"picked":"Orrery"}],"items_purged_floors":[11],"is_endless":false,"potions_floor_spawned":[6,8,10,13,16,24,39,40,48],"ascension_level":11}