{"gold_per_floor":[119,119,129,147,159,159,171,184,209,241,253,253,285,344,344,418,418,431,441,452,502,516,516,530,561,600,612,636,648,660,691,703,790,802,826,838,860,885,908,920,1032,1044],"floor_reached":42,"playtime":1867,"items_purged":[],"score":925,"play_id":"881e2b59-aba6-4136-9f72-92976a66d1fb","local_time":"20181213034627","is_ascension_mode":true,"campfire_choices":[{"data":"Zap","floor":6.0,"key":"SMITH"},{"data":"Beam Cell","floor":12.0,"key":"SMITH"},{"floor":15.0,"key":"REST"},{"data":"Fission","floor":23.0,"key":"SMITH"},{"floor":27.0,"key":"REST"},{"data":"White Noise","floor":29.0,"key":"SMITH"},{"floor":32.0,"key":"REST"},{"floor":40.0,"key":"REST"}],"neow_cost":"NONE","seed_source_timestamp":0,"circlet_count":0,"master_deck":["AscendersBane","Strike_B","Strike_B","Strike_B","Defend_B","Defend_B","Defend_B","Defend_B","Zap+1","Dualcast","Compile Driver","Reboot","Ball Lightning","FTL","White Noise","Beam Cell+1","Redo","Leap","Leap","Melter","FTL","Echo Form","Ball Lightning","White Noise+1","Ball Lightning","Fission+1","Conserve Battery+1","Undo","Multi-Cast","Seek","Melter","Steam Power+1","Ball Lightning","Barrage+1","Steam+1"],"special_seed":0,"relics":["Cracked Core","Bronze Scales","Centennial Puzzle","Blood Vial","DataDisk","Black Star","Ornamental Fan","MawBank","Lantern","Nilry\u0027s Codex","Eternal Feather","Emotion Chip"],"potions_floor_usage":[42],"damage_taken":[{"damage":5.0,"enemies":"2 Louse","floor":1.0,"turns":3.0},{"damage":1.0,"enemies":"Cultist","floor":3.0,"turns":4.0},{"damage":0.0,"enemies":"Small Slimes","floor":4.0,"turns":2.0},{"damage":4.0,"enemies":"2 Fungi Beasts","floor":5.0,"turns":3.0},{"damage":7.0,"enemies":"Lots of Slimes","floor":7.0,"turns":4.0},{"damage":1.0,"enemies":"Looter","floor":8.0,"turns":2.0},{"damage":20.0,"enemies":"Lagavulin","floor":10.0,"turns":4.0},{"damage":4.0,"enemies":"2 Fungi Beasts","floor":11.0,"turns":3.0},{"damage":8.0,"enemies":"Gremlin Nob","floor":13.0,"turns":3.0},{"damage":20.0,"enemies":"Lagavulin Event","floor":14.0,"turns":5.0},{"damage":12.0,"enemies":"The Guardian","floor":16.0,"turns":8.0},{"damage":12.0,"enemies":"Shell Parasite","floor":18.0,"turns":3.0},{"damage":3.0,"enemies":"Chosen","floor":19.0,"turns":3.0},{"damage":10.0,"enemies":"Snecko","floor":20.0,"turns":3.0},{"damage":10.0,"enemies":"Sentry and Sphere","floor":22.0,"turns":4.0},{"damage":8.0,"enemies":"Cultist and Chosen","floor":24.0,"turns":5.0},{"damage":19.0,"enemies":"Book of Stabbing","floor":25.0,"turns":4.0},{"damage":6.0,"enemies":"Snecko","floor":28.0,"turns":4.0},{"damage":0.0,"enemies":"Snake Plant","floor":31.0,"turns":2.0},{"damage":26.0,"enemies":"Champ","floor":33.0,"turns":14.0},{"damage":7.0,"enemies":"Orb Walker","floor":35.0,"turns":4.0},{"damage":17.0,"enemies":"3 Shapes","floor":37.0,"turns":2.0},{"damage":0.0,"enemies":"Maw","floor":38.0,"turns":7.0},{"damage":34.0,"enemies":"Transient","floor":39.0,"turns":6.0},{"damage":0.0,"enemies":"Mind Bloom Boss Battle","floor":41.0,"turns":5.0},{"damage":62,"enemies":"Nemesis","floor":42,"turns":3}],"seed_played":"-9221375224817390701","potions_obtained":[{"floor":7.0,"key":"Strength Potion"},{"floor":8.0,"key":"Fire Potion"},{"floor":10.0,"key":"Energy Potion"},{"floor":16.0,"key":"Swift Potion"},{"floor":19.0,"key":"PowerPotion"},{"floor":20.0,"key":"Explosive Potion"},{"floor":25.0,"key":"PowerPotion"},{"floor":31.0,"key":"EssenceOfSteel"},{"floor":35.0,"key":"EssenceOfSteel"},{"floor":38.0,"key":"EssenceOfSteel"},{"floor":39.0,"key":"EssenceOfSteel"},{"floor":41.0,"key":"AttackPotion"}],"is_trial":false,"path_per_floor":["M","?","M","M","M","R","M","M","T","E","M","R","E","?","R","B",null,"M","M","M","?","M","R","M","E","T","R","M","R","?","M","R","B",null,"M","?","M","M","M","R","?","E"],"character_chosen":"DEFECT","items_purchased":[],"campfire_rested":4,"item_purchase_floors":[],"current_hp_per_floor":[66,66,65,65,61,61,54,53,53,33,29,29,21,3,26,16,63,53,52,44,44,36,36,30,13,13,36,32,32,11,13,36,12,62,57,57,42,44,12,53,55,0],"gold":1044,"neow_bonus":"TEN_PERCENT_HP_BONUS","is_prod":false,"is_daily":false,"chose_seed":false,"campfire_upgraded":4,"win_rate":0,"timestamp":1544640387,"path_taken":["M","?","M","M","?","R","M","M","T","E","M","R","E","?","R","BOSS","M","M","M","?","?","R","M","E","T","R","M","R","?","M","R","BOSS","M","?","M","?","M","R","?","E"],"build_version":"2018-12-06","purchased_purges":0,"victory":false,"max_hp_per_floor":[78,78,78,78,78,78,78,78,78,78,78,78,78,78,78,78,78,78,78,78,78,78,78,78,78,78,78,78,78,78,78,78,78,78,78,78,78,78,78,78,78,78],"card_choices":[{"not_picked":["Steam","Blizzard"],"picked":"Compile Driver","floor":1.0},{"not_picked":["Skim","Static Discharge"],"picked":"Ball Lightning","floor":3.0},{"not_picked":["Consume","Hologram"],"picked":"FTL","floor":4.0},{"not_picked":["Storm","Stack"],"picked":"White Noise","floor":5.0},{"not_picked":["BootSequence","Capacitor"],"picked":"Beam Cell","floor":7.0},{"not_picked":["Sweeping Beam","Double Energy"],"picked":"Redo","floor":8.0},{"not_picked":["Hyperbeam","Chaos"],"picked":"Leap","floor":10.0},{"not_picked":["Gash","Go for the Eyes"],"picked":"Leap","floor":11.0},{"not_picked":["BootSequence","Fusion"],"picked":"Melter","floor":13.0},{"not_picked":["Go for the Eyes","Redo"],"picked":"FTL","floor":14.0},{"not_picked":["Buffer","Meteor Strike"],"picked":"Echo Form","floor":16.0},{"not_picked":["Streamline","Rebound"],"picked":"Ball Lightning","floor":18.0},{"not_picked":["Cold Snap","Chill"],"picked":"White Noise","floor":19.0},{"not_picked":["Scrape","Rebound"],"picked":"Ball Lightning","floor":20.0},{"not_picked":["Coolheaded","Go for the Eyes"],"picked":"Fission","floor":22.0},{"not_picked":["Barrage","Hologram"],"picked":"Conserve Battery+1","floor":24.0},{"not_picked":["Ball Lightning","Consume"],"picked":"Undo","floor":25.0},{"not_picked":["Turbo","Go for the Eyes","Coolheaded"],"picked":"SKIP","floor":28.0},{"not_picked":["Go for the Eyes","Streamline"],"picked":"Multi-Cast","floor":31.0},{"not_picked":["Machine Learning","Multi-Cast"],"picked":"Seek","floor":33.0},{"not_picked":["Beam Cell","Hologram"],"picked":"Melter","floor":35.0},{"not_picked":["Barrage","Conserve Battery"],"picked":"Steam Power+1","floor":37.0},{"not_picked":["Gash","Steam Power"],"picked":"Ball Lightning","floor":38.0},{"not_picked":["Leap","Capacitor"],"picked":"Barrage+1","floor":39.0},{"not_picked":["Multi-Cast","Lockon"],"picked":"Steam+1","floor":41.0}],"player_experience":988398,"relics_obtained":[{"floor":9.0,"key":"Bronze Scales"},{"floor":10.0,"key":"Centennial Puzzle"},{"floor":13.0,"key":"Blood Vial"},{"floor":25.0,"key":"Ornamental Fan"},{"floor":25.0,"key":"MawBank"},{"floor":26.0,"key":"Lantern"},{"floor":30.0,"key":"Nilry\u0027s Codex"},{"floor":41.0,"key":"Emotion Chip"}],"event_choices":[{"damage_healed":0.0,"max_hp_gain":0.0,"max_hp_loss":0.0,"gold_gain":0.0,"cards_transformed":["Strike_B"],"event_name":"Transmorgrifier","player_choice":"Transformed","floor":2.0,"gold_loss":0.0,"damage_taken":0.0,"cards_obtained":["Reboot"]},{"damage_healed":0.0,"max_hp_gain":0.0,"max_hp_loss":0.0,"gold_gain":30.0,"event_name":"Dead Adventurer","player_choice":"Searched \u00273\u0027 times","floor":14.0,"gold_loss":0.0,"damage_taken":0.0,"relics_obtained":["DataDisk"]},{"damage_healed":0.0,"max_hp_gain":0.0,"max_hp_loss":0.0,"gold_gain":100.0,"event_name":"The Joust","player_choice":"Bet on Murderer","floor":21.0,"gold_loss":50.0,"damage_taken":0.0},{"damage_healed":0.0,"max_hp_gain":0.0,"max_hp_loss":0.0,"gold_gain":0.0,"event_name":"Cursed Tome","player_choice":"Obtained Book","floor":30.0,"gold_loss":0.0,"damage_taken":21.0},{"damage_healed":0.0,"max_hp_gain":0.0,"max_hp_loss":0.0,"gold_gain":0.0,"event_name":"SecretPortal","player_choice":"Ignored","floor":36.0,"gold_loss":0.0,"damage_taken":0.0},{"damage_healed":0.0,"max_hp_gain":0.0,"max_hp_loss":0.0,"gold_gain":0.0,"event_name":"MindBloom","player_choice":"Fight","floor":41.0,"gold_loss":0.0,"damage_taken":0.0}],"is_beta":false,"boss_relics":[{"not_picked":["FrozenCore","White Beast Statue"],"picked":"Black Star"},{"not_picked":["Astrolabe","Orrery"],"picked":"Eternal Feather"}],"items_purged_floors":[],"is_endless":false,"potions_floor_spawned":[7,8,10,11,13,16,19,20,22,25,31,35,38,39,41],"killed_by":"Nemesis","ascension_level":19}