{"gold_per_floor":[212,512,529,541,139,139,192,192,192,223,223,243,68,84,84,157,157,174,6,56,56,56,68,83,83,83,83],"floor_reached":27,"playtime":2120,"items_purged":["Strike_R","Strike_R","Strike_R"],"score":422,"play_id":"788c60f9-3d60-4c2a-a3b0-4d2dc73b787d","local_time":"20190121202556","is_ascension_mode":true,"campfire_choices":[{"data":"Armaments","floor":6,"key":"SMITH"},{"data":"Bash","floor":8,"key":"SMITH"},{"data":"Flame Barrier","floor":15,"key":"SMITH"},{"data":"Whirlwind","floor":25,"key":"SMITH"}],"neow_cost":"NONE","seed_source_timestamp":797059370330859,"circlet_count":0,"master_deck":["AscendersBane","Strike_R","Strike_R","Defend_R","Defend_R","Defend_R","Defend_R","Bash+1","Battle Trance","Pommel Strike","Headbutt","Armaments+1","Battle Trance","Spot Weakness","Flame Barrier+1","Reaper","Dual Wield","Whirlwind+1","Inflame+1","Flame Barrier+1"],"relics":["Burning Blood","Old Coin","Matryoshka","Happy Flower","Centennial Puzzle","Pen Nib","Paper Frog","Blue Candle","Frozen Egg 2","Runic Pyramid","Sundial"],"potions_floor_usage":[27],"damage_taken":[{"damage":7,"enemies":"Small Slimes","floor":1,"turns":4},{"damage":6,"enemies":"Jaw Worm","floor":3,"turns":5},{"damage":0,"enemies":"2 Louse","floor":4,"turns":3},{"damage":28,"enemies":"Gremlin Nob","floor":10,"turns":4},{"damage":9,"enemies":"Red Slaver","floor":12,"turns":2},{"damage":0,"enemies":"Large Slime","floor":14,"turns":3},{"damage":8,"enemies":"The Guardian","floor":16,"turns":9},{"damage":5,"enemies":"3 Byrds","floor":18,"turns":2},{"damage":34,"enemies":"Shell Parasite","floor":23,"turns":8},{"damage":71,"enemies":"Cultist and Chosen","floor":24,"turns":9},{"damage":105,"enemies":"Gremlin Leader","floor":27,"turns":5}],"seed_played":"4850856293825935956","potions_obtained":[{"floor":10,"key":"Dexterity Potion"},{"floor":12,"key":"SteroidPotion"}],"is_trial":false,"path_per_floor":["M","?","M","M","$","R","T","R","T","E","T","M","$","M","R","B",null,"M","$","?","?","?","M","M","R","T","E"],"character_chosen":"IRONCLAD","items_purchased":["Armaments","Matryoshka","Spot Weakness","Whirlwind"],"campfire_rested":0,"item_purchase_floors":[5,5,13,19],"current_hp_per_floor":[67,62,62,68,68,68,68,68,68,46,46,43,43,49,49,47,68,69,69,69,69,69,66,42,42,42,0],"gold":83,"neow_bonus":"HUNDRED_GOLD","is_prod":false,"is_daily":false,"chose_seed":false,"campfire_upgraded":4,"win_rate":0,"timestamp":1548062756,"path_taken":["M","?","M","M","$","R","?","R","T","E","?","M","$","M","R","BOSS","M","$","?","?","?","M","?","R","T","E"],"build_version":"2019-01-17v2","purchased_purges":3,"victory":false,"max_hp_per_floor":[75,75,75,75,75,75,75,75,75,75,75,75,75,75,75,75,75,75,75,75,75,75,75,75,75,75,75],"card_choices":[{"not_picked":["Havoc","Clash"],"picked":"Battle Trance","floor":1},{"not_picked":["Flex","Second Wind"],"picked":"Pommel Strike","floor":3},{"not_picked":["Twin Strike","Feel No Pain"],"picked":"Headbutt","floor":4},{"not_picked":["Warcry","Anger"],"picked":"Battle Trance","floor":10},{"not_picked":["Battle Trance","Wild Strike","Burning Pact"],"picked":"SKIP","floor":12},{"not_picked":["Battle Trance","Wild Strike","Burning Pact"],"picked":"SKIP","floor":12},{"not_picked":["Metallicize+1","Cleave"],"picked":"Flame Barrier","floor":14},{"not_picked":["Brutality+1","Barricade+1"],"picked":"Reaper","floor":16},{"not_picked":["Sword Boomerang","Burning Pact"],"picked":"Dual Wield","floor":18},{"not_picked":["Headbutt","Flame Barrier","Thunderclap"],"picked":"SKIP","floor":23},{"not_picked":["Cleave","Iron Wave"],"picked":"Flame Barrier+1","floor":24}],"player_experience":649324,"relics_obtained":[{"floor":7,"key":"Happy Flower"},{"floor":7,"key":"Centennial Puzzle"},{"floor":9,"key":"Pen Nib"},{"floor":9,"key":"Paper Frog"},{"floor":10,"key":"Blue Candle"},{"floor":11,"key":"Frozen Egg 2"},{"floor":26,"key":"Sundial"}],"event_choices":[{"damage_healed":0,"gold_gain":0,"player_choice":"Success","damage_taken":5,"relics_obtained":["Old Coin"],"max_hp_gain":0,"max_hp_loss":0,"event_name":"Scrap Ooze","floor":2,"gold_loss":0},{"damage_healed":0,"gold_gain":50,"player_choice":"Stole From Cult","damage_taken":0,"max_hp_gain":0,"max_hp_loss":0,"event_name":"Nest","floor":20,"gold_loss":0},{"damage_healed":0,"gold_gain":0,"player_choice":"Read","damage_taken":0,"max_hp_gain":0,"max_hp_loss":0,"event_name":"The Library","floor":21,"gold_loss":0,"cards_obtained":["Inflame"]},{"damage_healed":0,"gold_gain":0,"player_choice":"Got Potions","damage_taken":0,"max_hp_gain":0,"max_hp_loss":0,"event_name":"Lab","floor":22,"gold_loss":0}],"is_beta":false,"boss_relics":[{"not_picked":["Runic Dome","Mark of Pain"],"picked":"Runic Pyramid"}],"items_purged_floors":[5,13,19],"is_endless":false,"potions_floor_spawned":[10,12,18],"killed_by":"Gremlin Leader","ascension_level":20}