{"gold_per_floor":[118,130,10,23,23,23,41,61,61,61,71,100,129,158,158,262,262,278,298,311,7,22,22,36,36,61,73,105,117,154,201,213,321,333,364,395,5,16,0,28,44,54,133,148,78,89,103,129,129,129],"floor_reached":51,"playtime":2720,"items_purged":["Juggernaut","Barricade"],"score":940,"play_id":"41f0de95-0e67-4222-904a-cfa25dcb7965","local_time":"20181011032602","daily_mods":["Shiny","Colorless Cards","DeadlyEvents"],"is_ascension_mode":false,"campfire_choices":[{"data":"Feed","floor":6.0,"key":"SMITH"},{"data":"Immolate","floor":10.0,"key":"SMITH"},{"data":"Chrysalis","floor":15.0,"key":"SMITH"},{"floor":23,"key":"REST"},{"floor":25,"key":"REST"},{"floor":27,"key":"REST"},{"floor":32,"key":"REST"},{"floor":49,"key":"REST"}],"neow_cost":"","seed_source_timestamp":0,"circlet_count":0,"master_deck":["Double Tap","Demon Form","Bludgeon","Feed+1","Limit Break","Fiend Fire","Dark Embrace","Berserk","Impervious","Brutality","Reaper","Exhume","Offering","Immolate+1","Shrug It Off","Iron Wave","Armaments","Thunderclap","Trip","Sword Boomerang","Impatience","Sword Boomerang","Chrysalis+1","Good Instincts","Limit Break","Headbutt","Sword Boomerang+1","Dramatic Entrance+1","True Grit","Wild Strike+1","Shrug It Off","Apotheosis","Flash of Steel","Headbutt+1","Secret Technique","Shrug It Off","Clothesline+1","Warcry+1","Shrug It Off","Twin Strike+1","Madness","Sentinel","Spot Weakness","Shrug It Off","Shrug It Off+1","Bandage Up+1","Mind Blast+1"],"special_seed":0,"relics":["Burning Blood","Mercury Hourglass","Odd Mushroom","Bottled Flame","Self Forming Clay","Fusion Hammer","Pen Nib","MawBank","The Courier","Bag of Preparation","Pear","Snecko Eye","Thread and Needle","Strange Spoon","Red Mask","Mummified Hand","Sundial","Strawberry"],"potions_floor_usage":[28,31,33,44],"damage_taken":[{"damage":1.0,"enemies":"Small Slimes","floor":1.0,"turns":2.0},{"damage":12.0,"enemies":"Cultist","floor":2.0,"turns":3.0},{"damage":6.0,"enemies":"2 Louse","floor":4.0,"turns":1.0},{"damage":28.0,"enemies":"Exordium Thugs","floor":7.0,"turns":3.0},{"damage":10.0,"enemies":"Looter","floor":8.0,"turns":2.0},{"damage":4.0,"enemies":"Large Slime","floor":11.0,"turns":3.0},{"damage":0.0,"enemies":"The Mushroom Lair","floor":12.0,"turns":1.0},{"damage":24.0,"enemies":"Lagavulin","floor":13.0,"turns":4.0},{"damage":6.0,"enemies":"Gremlin Nob","floor":14.0,"turns":2.0},{"damage":42.0,"enemies":"Hexaghost","floor":16.0,"turns":7.0},{"damage":6.0,"enemies":"Chosen","floor":18.0,"turns":2.0},{"damage":25.0,"enemies":"Shell Parasite","floor":19.0,"turns":4.0},{"damage":18.0,"enemies":"Centurion and Healer","floor":20.0,"turns":4.0},{"damage":20,"enemies":"Snake Plant","floor":22,"turns":3},{"damage":10,"enemies":"Chosen and Byrds","floor":24,"turns":2},{"damage":12,"enemies":"Centurion and Healer","floor":28,"turns":2},{"damage":0,"enemies":"Gremlin Leader","floor":30,"turns":3},{"damage":16,"enemies":"Book of Stabbing","floor":31,"turns":4},{"damage":76,"enemies":"Automaton","floor":33,"turns":8},{"damage":0,"enemies":"3 Shapes","floor":35,"turns":1},{"damage":15,"enemies":"3 Darklings","floor":36,"turns":2},{"damage":1,"enemies":"Maw","floor":38,"turns":3},{"damage":39,"enemies":"Giant Head","floor":40,"turns":7},{"damage":0,"enemies":"Sphere and 2 Shapes","floor":41,"turns":1},{"damage":6,"enemies":"Reptomancer","floor":42,"turns":2},{"damage":23,"enemies":"Transient","floor":44,"turns":5},{"damage":11,"enemies":"Maw","floor":46,"turns":6},{"damage":0,"enemies":"4 Shapes","floor":47,"turns":1},{"damage":0,"enemies":"Nemesis","floor":48,"turns":5},{"damage":68,"enemies":"Time Eater","floor":50,"turns":8}],"seed_played":"5191382051335078500","potions_obtained":[{"floor":2.0,"key":"SteroidPotion"},{"floor":7.0,"key":"FearPotion"},{"floor":8.0,"key":"Regen Potion"},{"floor":16.0,"key":"Regen Potion"},{"floor":22,"key":"SneckoOil"},{"floor":28,"key":"Weak Potion"},{"floor":36,"key":"Swift Potion"},{"floor":42,"key":"Ancient Potion"},{"floor":44,"key":"Block Potion"}],"is_trial":true,"path_per_floor":["M","M","$","M","?","R","M","M","T","R","M","?","E","E","R","B",null,"M","M","M","$","M","R","M","R","T","R","M","?","E","E","R","B",null,"M","M","$","M","?","E","M","M","T","M","$","M","M","E","R","B"],"character_chosen":"IRONCLAD","items_purchased":["Armaments","Pen Nib","True Grit","Thread and Needle","Strange Spoon","Spot Weakness","Shrug It Off"],"campfire_rested":5,"item_purchase_floors":[3,21,21,37,37,45,45],"current_hp_per_floor":[83,80,80,86,91,91,73,75,75,75,77,83,65,69,69,37,99,99,84,91,91,77,103,99,103,103,103,101,101,111,111,121,56,121,121,112,112,117,117,88,95,105,105,92,92,87,93,106,132,76],"gold":129,"neow_bonus":"","is_prod":false,"is_daily":false,"chose_seed":false,"campfire_upgraded":3,"win_rate":0,"timestamp":1539221162,"path_taken":["M","M","$","M","?","R","M","M","T","R","M","?","?","E","R","BOSS","M","M","M","$","M","R","M","R","T","R","M","?","E","?","R","BOSS","M","M","$","?","?","E","M","M","T","?","$","M","M","E","R","BOSS"],"build_version":"2018-10-04v2","purchased_purges":2,"victory":true,"max_hp_per_floor":[83,86,86,86,91,91,95,95,95,95,95,95,95,95,95,99,99,99,99,103,103,103,103,103,103,103,103,107,107,111,121,121,121,121,121,121,121,121,121,125,125,125,125,125,125,125,125,132,132,132],"card_choices":[{"not_picked":["Heavy Blade","True Grit"],"picked":"Shrug It Off","floor":1.0},{"not_picked":["Cleave","Warcry"],"picked":"Iron Wave","floor":2.0},{"not_picked":["Clothesline","Armaments"],"picked":"Thunderclap","floor":4.0},{"not_picked":["Clash","Cleave"],"picked":"Trip","floor":7.0},{"not_picked":["Clash","Searing Blow"],"picked":"Sword Boomerang","floor":8.0},{"not_picked":["Corruption","Armaments"],"picked":"Impatience","floor":11.0},{"not_picked":["Sadistic Nature","Heavy Blade"],"picked":"Sword Boomerang","floor":12.0},{"not_picked":["Transmutation","Heavy Blade"],"picked":"Chrysalis","floor":13.0},{"not_picked":["Havoc","Armaments"],"picked":"Good Instincts","floor":14.0},{"not_picked":["Transmutation","Panache"],"picked":"Limit Break","floor":16.0},{"not_picked":["Reckless Charge","PanicButton"],"picked":"Headbutt","floor":18.0},{"not_picked":["Perfected Strike","Impatience"],"picked":"Sword Boomerang+1","floor":19.0},{"not_picked":["Heavy Blade","Combust"],"picked":"Dramatic Entrance+1","floor":20.0},{"not_picked":["Anger","Heavy Blade"],"picked":"Wild Strike+1","floor":22},{"not_picked":["Anger","Blind"],"picked":"Shrug It Off","floor":24},{"not_picked":["Pommel Strike","Armaments"],"picked":"Apotheosis","floor":28},{"not_picked":["Havoc","Dark Shackles"],"picked":"Flash of Steel","floor":30},{"not_picked":["Cleave","Thunderclap+1"],"picked":"Headbutt+1","floor":31},{"not_picked":["Violence","Transmutation"],"picked":"Secret Technique","floor":33},{"not_picked":["Purity+1","Reckless Charge"],"picked":"Shrug It Off","floor":35},{"not_picked":["Heavy Blade+1","Havoc"],"picked":"Clothesline+1","floor":36},{"not_picked":["Havoc","Enlightenment+1"],"picked":"Warcry+1","floor":38},{"not_picked":["Pommel Strike","PanicButton"],"picked":"Shrug It Off","floor":40},{"not_picked":["Ghostly Armor","Wild Strike+1"],"picked":"Twin Strike+1","floor":41},{"not_picked":["Metamorphosis","Wild Strike+1"],"picked":"Madness","floor":42},{"not_picked":["Bloodletting+1","Perfected Strike+1"],"picked":"Sentinel","floor":44},{"not_picked":["Corruption","Havoc"],"picked":"Shrug It Off+1","floor":46},{"not_picked":["Headbutt+1","Pommel Strike"],"picked":"Bandage Up+1","floor":47},{"not_picked":["Warcry","Searing Blow"],"picked":"Mind Blast+1","floor":48}],"player_experience":957980,"relics_obtained":[{"floor":9.0,"key":"Mercury Hourglass"},{"floor":12.0,"key":"Odd Mushroom"},{"floor":13.0,"key":"Bottled Flame"},{"floor":14.0,"key":"Self Forming Clay"},{"floor":26,"key":"MawBank"},{"floor":30,"key":"Bag of Preparation"},{"floor":31,"key":"Pear"},{"floor":40,"key":"Mummified Hand"},{"floor":43,"key":"Sundial"},{"floor":48,"key":"Strawberry"}],"event_choices":[{"event_name":"Big Fish","player_choice":"Donut","floor":5.0,"damage_taken":0.0},{"event_name":"Mushrooms","player_choice":"Fought Mushrooms","floor":12.0,"damage_taken":0.0},{"event_name":"The Mausoleum","player_choice":"Yes","floor":29,"damage_taken":0},{"event_name":"Tomb of Lord Red Mask","player_choice":"Paid","floor":39,"damage_taken":0}],"is_beta":false,"boss_relics":[{"not_picked":["Philosopher\u0027s Stone","Empty Cage"],"picked":"Fusion Hammer"},{"not_picked":["Tiny House","Coffee Dripper"],"picked":"Snecko Eye"}],"items_purged_floors":[3,21],"is_endless":false,"potions_floor_spawned":[2,7,8,11,14,16,18,22,28,36,42,44,47],"ascension_level":0}