{"gold_per_floor":[109,34,45,45,65,65,78,109,182,182,197,16,191,205,205,205],"floor_reached":16,"playtime":830,"items_purged":["Strike_R"],"score":102,"play_id":"3d62469b-e876-46b7-973e-7d43583ac396","local_time":"20181025191416","is_ascension_mode":false,"campfire_choices":[{"data":"Corruption","floor":6,"key":"SMITH"},{"floor":10,"key":"REST"},{"data":"Body Slam","floor":15,"key":"SMITH"}],"neow_cost":"NONE","seed_source_timestamp":1215409214934009,"circlet_count":0,"master_deck":["Strike_R+1","Strike_R","Strike_R","Strike_R","Defend_R","Defend_R","Defend_R","Bash","Juggernaut","Body Slam+1","Corruption+1","Armaments","Thunderclap+1","Metallicize","Iron Wave","Disarm","Doubt","Twin Strike"],"relics":["Burning Blood","Calipers","Bottled Tornado","Whetstone"],"potions_floor_usage":[8,16,16],"damage_taken":[{"damage":1,"enemies":"Cultist","floor":1,"turns":4},{"damage":6,"enemies":"Jaw Worm","floor":3,"turns":4},{"damage":12,"enemies":"Small Slimes","floor":5,"turns":5},{"damage":12,"enemies":"Exordium Wildlife","floor":7,"turns":5},{"damage":35,"enemies":"Gremlin Nob","floor":8,"turns":5},{"damage":9,"enemies":"2 Fungi Beasts","floor":11,"turns":4},{"damage":9,"enemies":"Blue Slaver","floor":14,"turns":4},{"damage":40,"enemies":"Slime Boss","floor":16,"turns":7}],"seed_played":"-4260345696152312714","potions_obtained":[{"floor":7,"key":"PowerPotion"},{"floor":8,"key":"Swift Potion"},{"floor":14,"key":"Fire Potion"}],"is_trial":false,"path_per_floor":["M","$","M","$","M","R","M","E","T","R","M","$","?","M","R"],"character_chosen":"IRONCLAD","items_purchased":["Whetstone","Disarm"],"campfire_rested":1,"item_purchase_floors":[12,12],"current_hp_per_floor":[80,80,80,80,74,74,68,39,39,63,60,60,60,57,57,17],"gold":205,"neow_bonus":"TRANSFORM_CARD","is_prod":false,"is_daily":false,"chose_seed":false,"campfire_upgraded":2,"win_rate":0.0,"timestamp":1540448056,"path_taken":["M","$","?","?","M","R","M","E","T","R","M","$","?","?","R","BOSS"],"build_version":"2018-10-18","purchased_purges":1,"victory":false,"max_hp_per_floor":[80,80,80,80,80,80,80,80,80,80,80,80,80,80,80,80],"card_choices":[{"not_picked":["Sever Soul","Carnage"],"picked":"Body Slam","floor":1},{"not_picked":["Perfected Strike","True Grit"],"picked":"Corruption","floor":3},{"not_picked":["Carnage","Headbutt"],"picked":"Armaments","floor":5},{"not_picked":["Headbutt","Searing Blow"],"picked":"Thunderclap","floor":7},{"not_picked":["Bloodletting","Offering"],"picked":"Metallicize","floor":8},{"not_picked":["Intimidate","Clash"],"picked":"Iron Wave","floor":11},{"not_picked":["Cleave","Sword Boomerang"],"picked":"Twin Strike","floor":14}],"player_experience":221911,"relics_obtained":[{"floor":8,"key":"Calipers"},{"floor":9,"key":"Bottled Tornado"}],"event_choices":[{"damage_healed":0,"gold_gain":175,"player_choice":"AGREE","damage_taken":0,"max_hp_gain":0,"max_hp_loss":0,"event_name":"Liars Game","floor":13,"gold_loss":0,"cards_obtained":["Doubt"]}],"is_beta":false,"boss_relics":[],"items_purged_floors":[2],"is_endless":false,"potions_floor_spawned":[7,8,14],"killed_by":"Slime Boss","ascension_level":0}