{"gold_per_floor":[115,115,129,140,153,181,181,181,181,181,205,70,70,20,20,141,141,141,141,15,15,15,15,15,15,15,15,15,15,15,15,15,15,15,15,15,15,15,15,15,15,15,15,15,15,15,15,15,15,15],"floor_reached":51,"playtime":1489,"items_purged":["Strike_R"],"score":681,"play_id":"0d7a9ce1-51ca-4d91-be57-eb8de5afcf93","local_time":"20190201005910","is_ascension_mode":false,"campfire_choices":[{"data":"Uppercut","floor":7.0,"key":"SMITH"},{"data":"Rage","floor":10.0,"key":"SMITH"},{"data":"Enlightenment","floor":13.0,"key":"SMITH"},{"data":"Metallicize","floor":15.0,"key":"SMITH"},{"data":"Fiend Fire","floor":23.0,"key":"SMITH"},{"data":"Burning Pact","floor":29.0,"key":"SMITH"},{"data":"Shockwave","floor":32.0,"key":"SMITH"},{"data":"Offering","floor":40.0,"key":"SMITH"},{"data":"Bash","floor":42.0,"key":"SMITH"},{"floor":49,"key":"REST"}],"neow_cost":"NONE","seed_source_timestamp":12657688896451,"circlet_count":0,"master_deck":["Strike_R","Defend_R","Defend_R","Defend_R","Defend_R","Bash+1","Uppercut+1","Uppercut+1","Corruption+1","Rage+1","Thunderclap","Ghostly Armor","Metallicize+1","Enlightenment+1","Fiend Fire+1","Necronomicurse","Burning Pact+1","Whirlwind+1","Shockwave+1","Offering+1","Pain","Infernal Blade+1"],"special_seed":0,"relics":["Burning Blood","NeowsBlessing","Pear","Golden Idol","Pocketwatch","Ectoplasm","Necronomicon","Ice Cream","Strawberry","Cursed Key","Old Coin","Paper Frog","Orichalcum"],"potions_floor_usage":[50,50],"damage_taken":[{"damage":0.0,"enemies":"Small Slimes","floor":1.0,"turns":1.0},{"damage":0.0,"enemies":"Cultist","floor":3.0,"turns":1.0},{"damage":0.0,"enemies":"2 Louse","floor":4.0,"turns":1.0},{"damage":8.0,"enemies":"Red Slaver","floor":5.0,"turns":4.0},{"damage":24.0,"enemies":"Lagavulin","floor":6.0,"turns":8.0},{"damage":0.0,"enemies":"Looter","floor":11.0,"turns":2.0},{"damage":17.0,"enemies":"The Guardian","floor":16.0,"turns":10.0},{"damage":0.0,"enemies":"Chosen","floor":18.0,"turns":5.0},{"damage":1.0,"enemies":"3 Byrds","floor":22.0,"turns":5.0},{"damage":2.0,"enemies":"Snecko","floor":24.0,"turns":5.0},{"damage":18.0,"enemies":"Centurion and Healer","floor":25.0,"turns":5.0},{"damage":3.0,"enemies":"Snake Plant","floor":28.0,"turns":4.0},{"damage":19.0,"enemies":"Shelled Parasite and Fungi","floor":30.0,"turns":5.0},{"damage":0.0,"enemies":"Sentry and Sphere","floor":31.0,"turns":2.0},{"damage":1.0,"enemies":"Automaton","floor":33.0,"turns":6.0},{"damage":6.0,"enemies":"Orb Walker","floor":35.0,"turns":2.0},{"damage":25.0,"enemies":"2 Orb Walkers","floor":36.0,"turns":4.0},{"damage":10.0,"enemies":"3 Darklings","floor":38.0,"turns":2.0},{"damage":3.0,"enemies":"Transient","floor":41.0,"turns":5.0},{"damage":26.0,"enemies":"Sphere and 2 Shapes","floor":44.0,"turns":3.0},{"damage":33.0,"enemies":"Nemesis","floor":45.0,"turns":3.0},{"damage":7,"enemies":"Maw","floor":46,"turns":5},{"damage":12,"enemies":"4 Shapes","floor":48,"turns":5},{"damage":35,"enemies":"Time Eater","floor":50,"turns":8}],"seed_played":"5784199166615653935","potions_obtained":[{"floor":1.0,"key":"FairyPotion"},{"floor":11.0,"key":"SteroidPotion"},{"floor":18.0,"key":"GamblersBrew"},{"floor":24.0,"key":"PowerPotion"},{"floor":30.0,"key":"Regen Potion"},{"floor":35.0,"key":"LiquidBronze"},{"floor":41.0,"key":"Dexterity Potion"},{"floor":44.0,"key":"Regen Potion"}],"is_trial":false,"path_per_floor":["M","?","M","M","M","E","R","?","T","R","M","$","R","?","R","B",null,"M","?","$","?","M","R","M","M","T","$","M","R","M","M","R","B",null,"M","?","?","M","?","R","M","R","T","M","E","M","$","M","R","B",null],"character_chosen":"IRONCLAD","items_purchased":["Metallicize","Enlightenment","PowerPotion"],"campfire_rested":1,"item_purchase_floors":[12,12,20],"current_hp_per_floor":[80,80,80,80,78,70,70,70,70,70,76,76,76,76,76,65,83,83,67,67,67,72,72,76,64,71,71,74,74,61,67,67,87,90,90,71,71,67,67,67,70,70,70,50,23,22,22,16,43,29],"gold":15,"neow_bonus":"THREE_ENEMY_KILL","is_prod":false,"is_daily":false,"chose_seed":false,"campfire_upgraded":9,"win_rate":0,"timestamp":1549004350,"path_taken":["M","?","?","M","M","E","R","?","T","R","M","$","R","?","R","BOSS","M","?","$","?","M","R","M","?","T","?","M","R","M","M","R","BOSS","M","?","?","M","?","R","M","R","T","?","E","M","$","M","R","BOSS"],"build_version":"2019-01-23","purchased_purges":1,"victory":true,"max_hp_per_floor":[80,80,80,80,80,90,90,83,83,83,83,83,83,83,83,83,83,83,83,83,83,83,83,83,83,90,90,90,90,90,90,90,90,90,90,90,90,90,90,90,90,90,90,90,90,90,90,90,90,90],"card_choices":[{"not_picked":["Power Through","Cleave"],"picked":"Uppercut","floor":1.0},{"not_picked":["Reckless Charge","Spot Weakness"],"picked":"Corruption","floor":3.0},{"not_picked":["Reckless Charge","Pommel Strike","Rupture"],"picked":"SKIP","floor":4.0},{"not_picked":["Reckless Charge","Pommel Strike","Rupture"],"picked":"SKIP","floor":4.0},{"not_picked":["Clash","Wild Strike"],"picked":"Rage","floor":5.0},{"not_picked":["Reckless Charge","Clash"],"picked":"Thunderclap","floor":6.0},{"not_picked":["Battle Trance","Twin Strike"],"picked":"Ghostly Armor","floor":11.0},{"not_picked":["Offering","Immolate"],"picked":"Fiend Fire","floor":16.0},{"not_picked":["Twin Strike","Thunderclap","Seeing Red+1"],"picked":"SKIP","floor":18.0},{"not_picked":["Havoc","Clash","True Grit"],"picked":"SKIP","floor":22.0},{"not_picked":["Sword Boomerang","Havoc","Thunderclap"],"picked":"SKIP","floor":24.0},{"not_picked":["Barricade","Warcry","True Grit"],"picked":"SKIP","floor":25.0},{"not_picked":["Bloodletting+1","Havoc"],"picked":"Burning Pact","floor":28.0},{"not_picked":["Dual Wield","Clothesline"],"picked":"Whirlwind+1","floor":30.0},{"not_picked":["Shrug It Off","Burning Pact"],"picked":"Shockwave","floor":31.0},{"not_picked":["Limit Break","Bludgeon"],"picked":"Offering","floor":33.0},{"not_picked":["Cleave","Warcry+1","Havoc"],"picked":"SKIP","floor":35.0},{"not_picked":["Clothesline","Twin Strike+1","Thunderclap"],"picked":"SKIP","floor":38.0},{"not_picked":["Bloodletting+1","Combust+1","Heavy Blade"],"picked":"SKIP","floor":41.0},{"not_picked":["Twin Strike+1","Perfected Strike+1","Clothesline"],"picked":"SKIP","floor":44.0},{"not_picked":["Reckless Charge+1","Rampage+1","Twin Strike+1"],"picked":"SKIP","floor":45.0},{"not_picked":["Berserk","Sentinel","Cleave"],"picked":"SKIP","floor":46},{"not_picked":["Heavy Blade","Pommel Strike+1"],"picked":"Infernal Blade+1","floor":48}],"player_experience":689707,"relics_obtained":[{"floor":6.0,"key":"Pear"},{"floor":9.0,"key":"Pocketwatch"},{"floor":19.0,"key":"Necronomicon"},{"floor":21.0,"key":"Ice Cream"},{"floor":26.0,"key":"Strawberry"},{"floor":36.0,"key":"Old Coin"},{"floor":43.0,"key":"Paper Frog"},{"floor":45.0,"key":"Orichalcum"}],"event_choices":[{"cards_removed":["Strike_R"],"damage_healed":0.0,"max_hp_gain":0.0,"max_hp_loss":0.0,"gold_gain":0.0,"event_name":"NoteForYourself","player_choice":"Took Card","floor":2.0,"gold_loss":0.0,"damage_taken":0.0,"cards_obtained":["Uppercut"]},{"damage_healed":0.0,"max_hp_gain":0.0,"max_hp_loss":7.0,"gold_gain":0.0,"event_name":"Golden Idol","player_choice":"Lose Max HP","floor":8.0,"gold_loss":0.0,"damage_taken":0.0,"relics_obtained":["Golden Idol"]},{"cards_removed":["Strike_R"],"damage_healed":0.0,"max_hp_gain":0.0,"max_hp_loss":0.0,"gold_gain":0.0,"event_name":"The Cleric","player_choice":"Card Removal","floor":14.0,"gold_loss":50.0,"damage_taken":0.0},{"damage_healed":0.0,"max_hp_gain":0.0,"max_hp_loss":0.0,"gold_gain":0.0,"event_name":"Cursed Tome","player_choice":"Obtained Book","floor":19.0,"gold_loss":0.0,"damage_taken":16.0},{"damage_healed":0.0,"max_hp_gain":0.0,"max_hp_loss":0.0,"gold_gain":0.0,"event_name":"Wheel of Change","player_choice":"Relic","floor":21.0,"gold_loss":0.0,"damage_taken":0.0},{"damage_healed":0.0,"max_hp_gain":0.0,"max_hp_loss":0.0,"gold_gain":0.0,"event_name":"Mysterious Sphere","player_choice":"Fight","floor":36.0,"gold_loss":0.0,"damage_taken":0.0},{"cards_removed":["Strike_R"],"damage_healed":0.0,"max_hp_gain":0.0,"max_hp_loss":0.0,"gold_gain":0.0,"event_name":"Falling","player_choice":"Removed Attack","floor":37.0,"gold_loss":0.0,"damage_taken":0.0},{"damage_healed":0.0,"max_hp_gain":0.0,"max_hp_loss":0.0,"gold_gain":0.0,"event_name":"Accursed Blacksmith","player_choice":"Forge","floor":39.0,"gold_loss":0.0,"damage_taken":0.0,"cards_upgraded":["Corruption"]}],"is_beta":false,"boss_relics":[{"not_picked":["Calling Bell","Tiny House"],"picked":"Ectoplasm"},{"not_picked":["Coffee Dripper","Runic Dome"],"picked":"Cursed Key"}],"items_purged_floors":[20],"is_endless":false,"potions_floor_spawned":[1,11,18,24,28,30,35,41,44,45],"ascension_level":0}