{"gold_per_floor":[116,41,56,72,87,87,262,262,262,262,279,37,66,84,84,189,189,208,65,81,81,81,112,112,129,154,184,184,184,184,198,198,296,296,308,322,372,392,492,525,525,551,551,576,137,137,172,189,189,189],"floor_reached":51,"playtime":1736,"items_purged":["Searing Blow","Doubt"],"score":1289,"play_id":"de0de0d5-a2e5-4b22-bd0c-9897d2bf35b8","local_time":"20181011110238","daily_mods":["Draft","Time Dilation","Elite Swarm"],"is_ascension_mode":true,"campfire_choices":[{"data":"Whirlwind","floor":6.0,"key":"SMITH"},{"data":"Armaments","floor":8.0,"key":"SMITH"},{"data":"Uppercut","floor":10.0,"key":"SMITH"},{"data":"Spot Weakness","floor":15,"key":"SMITH"},{"data":"Limit Break","floor":24,"key":"SMITH"},{"data":"Inflame","floor":28,"key":"SMITH"},{"data":"Inflame","floor":30,"key":"SMITH"},{"floor":32,"key":"REST"},{"floor":41,"key":"REST"},{"floor":46,"key":"DIG"},{"floor":49,"key":"DIG"}],"neow_cost":"","seed_source_timestamp":0,"circlet_count":0,"master_deck":["Shrug It Off","Inflame+1","Spot Weakness","Sword Boomerang+1","True Grit","Headbutt","Flex","Twin Strike","Whirlwind+1","Power Through","Sword Boomerang+1","Uppercut+1","Armaments+1","Spot Weakness+1","Flame Barrier","Inflame+1","Double Tap","Disarm","Offering","Inflame+1","True Grit","Limit Break+1","Fiend Fire","Double Tap+1","Ghostly Armor+1","Wild Strike+1","Battle Trance+1","Discovery","Impervious","Shockwave"],"special_seed":0,"relics":["Burning Blood","Sundial","Mercury Hourglass","Mark of Pain","PreservedInsect","Singing Bowl","Enchiridion","Question Card","Centennial Puzzle","Anchor","Astrolabe","Mango","Thread and Needle","Shovel","Pear","Potion Belt","HandDrill","Blood Vial","Pen Nib","Whetstone","Happy Flower"],"potions_floor_usage":[27,33,35,50,50,50],"damage_taken":[{"damage":0.0,"enemies":"2 Louse","floor":1.0,"turns":1.0},{"damage":0.0,"enemies":"Small Slimes","floor":3.0,"turns":1.0},{"damage":0.0,"enemies":"Cultist","floor":4.0,"turns":3.0},{"damage":10.0,"enemies":"Large Slime","floor":5.0,"turns":4.0},{"damage":8.0,"enemies":"Exordium Thugs","floor":11.0,"turns":3.0},{"damage":15,"enemies":"3 Sentries","floor":13,"turns":3},{"damage":6,"enemies":"3 Louse","floor":14,"turns":2},{"damage":11,"enemies":"The Guardian","floor":16,"turns":5},{"damage":8,"enemies":"Shell Parasite","floor":18,"turns":2},{"damage":6,"enemies":"3 Byrds","floor":20,"turns":3},{"damage":7,"enemies":"Slavers","floor":23,"turns":2},{"damage":14,"enemies":"Shelled Parasite and Fungi","floor":25,"turns":3},{"damage":14,"enemies":"Book of Stabbing","floor":27,"turns":2},{"damage":4,"enemies":"Snake Plant","floor":31,"turns":3},{"damage":16,"enemies":"Champ","floor":33,"turns":5},{"damage":0,"enemies":"Orb Walker","floor":35,"turns":2},{"damage":20,"enemies":"3 Darklings","floor":36,"turns":3},{"damage":11,"enemies":"Mysterious Sphere","floor":37,"turns":2},{"damage":13,"enemies":"Reptomancer","floor":38,"turns":3},{"damage":23,"enemies":"Nemesis","floor":40,"turns":3},{"damage":14,"enemies":"Giant Head","floor":42,"turns":5},{"damage":0,"enemies":"2 Orb Walkers","floor":44,"turns":2},{"damage":0,"enemies":"Giant Head","floor":47,"turns":5},{"damage":6,"enemies":"Sphere and 2 Shapes","floor":48,"turns":2},{"damage":54,"enemies":"Time Eater","floor":50,"turns":8}],"seed_played":"-5751001929205130975","potions_obtained":[{"floor":4.0,"key":"FearPotion"},{"floor":5.0,"key":"GamblersBrew"},{"floor":13,"key":"PowerPotion"},{"floor":31,"key":"Weak Potion"},{"floor":33,"key":"EssenceOfSteel"},{"floor":35,"key":"BloodPotion"},{"floor":44,"key":"FearPotion"},{"floor":48,"key":"SneckoOil"}],"is_trial":true,"path_per_floor":["M","$","M","M","M","R","?","R","T","R","M","$","E","M","R","B",null,"M","$","M","?","?","E","R","M","T","E","R","?","R","M","R","B",null,"M","M","?","M","?","E","R","E","T","E","$","R","E","M","R","B"],"character_chosen":"IRONCLAD","items_purchased":["Flame Barrier","Inflame","PreservedInsect","HandDrill","Blood Vial","Discovery"],"campfire_rested":2,"item_purchase_floors":[12,12,19,45,45,45],"current_hp_per_floor":[78,78,80,80,76,76,76,76,76,76,74,74,65,65,65,60,75,73,73,73,73,57,56,56,50,50,44,44,44,44,48,73,63,80,88,74,85,80,80,65,97,91,101,109,109,109,117,119,119,80],"gold":189,"neow_bonus":"","is_prod":false,"is_daily":false,"chose_seed":false,"campfire_upgraded":7,"win_rate":0,"timestamp":1539248558,"path_taken":["M","$","M","M","M","R","?","R","T","R","M","$","E","M","R","BOSS","M","$","M","?","?","E","R","M","T","E","R","?","R","?","R","BOSS","M","M","?","M","?","E","R","E","T","E","?","R","E","M","R","BOSS"],"build_version":"2018-10-04v2","purchased_purges":2,"victory":true,"max_hp_per_floor":[80,80,80,80,80,80,80,80,80,80,80,80,80,80,80,80,80,80,80,80,80,80,80,80,82,82,84,84,84,84,86,86,86,86,88,88,104,106,106,108,108,110,120,122,122,122,122,122,122,122],"card_choices":[{"not_picked":["Seeing Red","Anger"],"picked":"Shrug It Off","floor":0.0},{"not_picked":["Flex","Anger"],"picked":"Headbutt","floor":0.0},{"not_picked":["Flame Barrier","Perfected Strike"],"picked":"Searing Blow","floor":0.0},{"not_picked":["Body Slam","Anger"],"picked":"Infernal Blade","floor":0.0},{"not_picked":["Shockwave","Clash"],"picked":"Inflame","floor":0.0},{"not_picked":["Cleave","Seeing Red"],"picked":"Spot Weakness","floor":0.0},{"not_picked":["Warcry","Seeing Red"],"picked":"Sword Boomerang","floor":0.0},{"not_picked":["Flex","Heavy Blade"],"picked":"True Grit","floor":0.0},{"not_picked":["Infernal Blade","Anger"],"picked":"Headbutt","floor":0.0},{"not_picked":["Flex","Entrench"],"picked":"Cleave","floor":0.0},{"not_picked":["Perfected Strike","Headbutt"],"picked":"Flex","floor":0.0},{"not_picked":["Infernal Blade","Flex"],"picked":"Twin Strike","floor":0.0},{"not_picked":["Rampage","Second Wind"],"picked":"Whirlwind","floor":0.0},{"not_picked":["True Grit","Clash"],"picked":"Power Through","floor":0.0},{"not_picked":["Headbutt","Infernal Blade"],"picked":"Carnage","floor":0.0},{"not_picked":["Twin Strike","Carnage"],"picked":"Sword Boomerang","floor":1.0},{"not_picked":["Sword Boomerang","Thunderclap","Perfected Strike"],"picked":"SKIP","floor":3.0},{"not_picked":["Clash","Pommel Strike"],"picked":"Uppercut","floor":4.0},{"not_picked":["Uppercut","Clothesline"],"picked":"Armaments","floor":5.0},{"not_picked":["Infernal Blade","Flex"],"picked":"Spot Weakness","floor":11.0},{"not_picked":["Berserk","Demon Form"],"picked":"Double Tap","floor":13},{"not_picked":["Body Slam","Seeing Red"],"picked":"Disarm","floor":14},{"not_picked":["Bludgeon","Feed"],"picked":"Offering","floor":16},{"not_picked":["Flex","Twin Strike"],"picked":"Inflame+1","floor":18},{"not_picked":["Bloodletting","Rupture"],"picked":"True Grit","floor":20},{"not_picked":["Feed","Bludgeon"],"picked":"Limit Break","floor":23},{"not_picked":["Spot Weakness","Armaments","Perfected Strike","Sever Soul"],"picked":"Singing Bowl","floor":25},{"not_picked":["Juggernaut","Dark Embrace","Limit Break","Immolate"],"picked":"Singing Bowl","floor":27},{"not_picked":["Dual Wield","Spot Weakness+1","Rupture","Havoc"],"picked":"Singing Bowl","floor":31},{"not_picked":["Juggernaut","Feed","Berserk"],"picked":"Fiend Fire","floor":33},{"not_picked":["Clash+1","Havoc","Iron Wave","Perfected Strike"],"picked":"Singing Bowl","floor":35},{"not_picked":["Evolve","Inflame+1","Cleave"],"picked":"Battle Trance+1","floor":36},{"not_picked":["True Grit","Feed","Clash","Cleave"],"picked":"Singing Bowl","floor":37},{"not_picked":["Sword Boomerang+1","Warcry","Perfected Strike+1","Whirlwind+1"],"picked":"Singing Bowl","floor":38},{"not_picked":["Exhume","Limit Break","Double Tap","Fiend Fire"],"picked":"Singing Bowl","floor":40},{"not_picked":["Double Tap","Berserk","Limit Break","Bludgeon"],"picked":"Singing Bowl","floor":42},{"not_picked":["Fiend Fire","Limit Break","Dark Embrace","Barricade"],"picked":"Singing Bowl","floor":44},{"not_picked":["Double Tap","Immolate","Berserk"],"picked":"Impervious","floor":47},{"not_picked":["Evolve+1","Armaments","Clash"],"picked":"Shockwave","floor":48}],"player_experience":960700,"relics_obtained":[{"floor":9.0,"key":"Sundial"},{"floor":13,"key":"Mercury Hourglass"},{"floor":22,"key":"Enchiridion"},{"floor":23,"key":"Question Card"},{"floor":26,"key":"Centennial Puzzle"},{"floor":27,"key":"Anchor"},{"floor":37,"key":"Mango"},{"floor":40,"key":"Thread and Needle"},{"floor":42,"key":"Shovel"},{"floor":43,"key":"Pear"},{"floor":44,"key":"Potion Belt"},{"floor":46,"key":"Pen Nib"},{"floor":47,"key":"Whetstone"},{"floor":49,"key":"Happy Flower"}],"event_choices":[{"event_name":"Liars Game","player_choice":"agreed","floor":7.0,"damage_taken":0.0},{"event_name":"WeMeetAgain","player_choice":"Card","floor":21,"damage_taken":0},{"event_name":"Cursed Tome","player_choice":"Obtained Book","floor":22,"damage_taken":0},{"event_name":"Ghosts","player_choice":"Ignored","floor":29,"damage_taken":0},{"event_name":"Mysterious Sphere","player_choice":"Fight","floor":37,"damage_taken":0},{"event_name":"Golden Shrine","player_choice":"Pray","floor":39,"damage_taken":0}],"is_beta":false,"boss_relics":[{"not_picked":["Fusion Hammer","Philosopher\u0027s Stone"],"picked":"Mark of Pain"},{"not_picked":["Snecko Eye","Calling Bell"],"picked":"Astrolabe"}],"items_purged_floors":[2,12],"is_endless":false,"potions_floor_spawned":[4,5,13,14,20,25,31,33,35,40,42,44,48],"ascension_level":9}