{"gold_per_floor":[114,127,70,70,40,65,65,96,120,140,140,5,121,3,3,101,101,121,21,21,32,49,49,74,74,128,128,159,178,53,64,64,166,166,183,38,38,53,64,64,92,92,141,141,141,158,175,49,49,144,144,159,175,175,192,208,208,208,208,208,57,57,76,76,94,94,198,248,267,111,111,121,121,121,132,145,172,199,199,209,226,238,238,333,333,350,361,361,372,372,372,372],"floor_reached":92,"playtime":4070,"items_purged":["Strike_R","Strike_R","Strike_R"],"score":2296,"play_id":"94ec1c69-62a1-4b31-9000-96e3e9376192","local_time":"20181015151151","is_ascension_mode":true,"campfire_choices":[{"data":"hubris:StunningStrike","floor":7.0,"key":"SMITH"},{"floor":11.0,"key":"REST"},{"floor":15.0,"key":"REST"},{"floor":23.0,"key":"REST"},{"floor":25.0,"key":"REST"},{"floor":27.0,"key":"REST"},{"floor":32.0,"key":"REST"},{"floor":40.0,"key":"REST"},{"floor":42.0,"key":"REST"},{"data":"infinitespire:Gouge","floor":44.0,"key":"SMITH"},{"floor":49.0,"key":"REST"},{"data":"True Grit","floor":57.0,"key":"SMITH"},{"data":"Armaments","floor":59.0,"key":"SMITH"},{"data":"Evolve","floor":62.0,"key":"SMITH"},{"data":"True Grit","floor":64.0,"key":"SMITH"},{"floor":66.0,"key":"REST"},{"data":"Inflame","floor":74.0,"key":"SMITH"},{"data":"Disarm","floor":79.0,"key":"SMITH"},{"data":"Pot Of Greed","floor":83.0,"key":"SMITH"},{"data":"Clothesline","floor":91,"key":"SMITH"}],"neow_cost":"TEN_PERCENT_HP_LOSS","seed_source_timestamp":751642870661,"circlet_count":0,"master_deck":["Strike_R","Strike_R+1","Defend_R+1","Defend_R","Defend_R","Defend_R","Bash+1","hubris:StunningStrike+1","Iron Wave+1","Battle Trance+1","Life Link+1","Headbutt+1","Ghostly Armor+1","Inflame","Inflame+1","Cleave","Disarm+1","Rampage","Limit Break+1","Whirlwind+1","Dual Wield+1","Sword Boomerang","Shrug It Off+1","True Grit+1","infinitespire:Gouge+1","Writhe","Anger+1","Metallicize","True Grit+1","Armaments+1","Pot Of Greed","Pot Of Greed","Pot Of Greed+1","Impervious","Evolve+1","Battle Trance","Writhe","Uppercut+1","Shrug It Off","Pot Of Greed+1","Offering","ReplayTheSpireMod:Limb From Limb","Clothesline+1"],"special_seed":0,"relics":["Ring of Chaos","Vajra","ReplayTheSpireMod:TigerMarble","Baseball","Sozu","hubris:64BitClover","PreservedInsect","hubris:TinFlute","ChewingGum","Gremlin Food","ReplayTheSpireMod:Lightbulb","Red Skull","Centennial Puzzle","hubris:Backtick","Meat on the Bone","Grinning Jar","Pen Nib","Whetstone","Unceasing Top","Tiny House","infinitespire:Burning Sword","Oddly Smooth Stone","infinitespire:Lucky Rock","infinitespire:Beetle Shell","infinitespire:HealingShard","hubris:TerracottaHorce","infinitespire:Joker Card"],"potions_floor_usage":[],"damage_taken":[{"damage":0.0,"enemies":"Small Slimes","floor":1.0,"turns":4.0},{"damage":6.0,"enemies":"Jaw Worm","floor":2.0,"turns":4.0},{"damage":31.0,"enemies":"Lagavulin","floor":6.0,"turns":7.0},{"damage":5.0,"enemies":"Gremlin Nob","floor":8.0,"turns":4.0},{"damage":7.0,"enemies":"2 Louse","floor":10.0,"turns":2.0},{"damage":11.0,"enemies":"Gremlin Gang","floor":13.0,"turns":4.0},{"damage":14.0,"enemies":"Slime Boss","floor":16.0,"turns":4.0},{"damage":6.0,"enemies":"Spheric Guardian","floor":18.0,"turns":3.0},{"damage":10.0,"enemies":"3 Byrds","floor":21.0,"turns":3.0},{"damage":22.0,"enemies":"Snecko","floor":22.0,"turns":4.0},{"damage":31.0,"enemies":"Book of Stabbing","floor":24.0,"turns":5.0},{"damage":14.0,"enemies":"Book of Stabbing","floor":28.0,"turns":5.0},{"damage":0.0,"enemies":"Centurion and Healer","floor":29.0,"turns":3.0},{"damage":6.0,"enemies":"Snake Plant","floor":31.0,"turns":3.0},{"damage":18.0,"enemies":"hubris:MusketHawk","floor":33.0,"turns":5.0},{"damage":1.0,"enemies":"3 Shapes","floor":35.0,"turns":5.0},{"damage":4.0,"enemies":"Orb Walker","floor":38.0,"turns":3.0},{"damage":26.0,"enemies":"Sphere and 2 Shapes","floor":39.0,"turns":8.0},{"damage":15.0,"enemies":"Nemesis","floor":41.0,"turns":4.0},{"damage":13.0,"enemies":"Spire Growth","floor":46.0,"turns":3.0},{"damage":13.0,"enemies":"Maw","floor":47.0,"turns":5.0},{"damage":31.0,"enemies":"Time Eater","floor":50.0,"turns":7.0},{"damage":0.0,"enemies":"Jaw Worm","floor":52.0,"turns":2.0},{"damage":0.0,"enemies":"2 Louse","floor":53.0,"turns":2.0},{"damage":0.0,"enemies":"Cultist","floor":55.0,"turns":3.0},{"damage":0.0,"enemies":"2 Fungi Beasts","floor":56.0,"turns":2.0},{"damage":17.0,"enemies":"Exordium Thugs","floor":63.0,"turns":3.0},{"damage":20.0,"enemies":"Exordium Wildlife","floor":65.0,"turns":2.0},{"damage":0.0,"enemies":"Hexaghost","floor":67.0,"turns":6.0},{"damage":0.0,"enemies":"3 Byrds","floor":69.0,"turns":3.0},{"damage":0.0,"enemies":"Shell Parasite","floor":72.0,"turns":3.0},{"damage":0.0,"enemies":"3 Cultists","floor":75.0,"turns":3.0},{"damage":0.0,"enemies":"Cultist and Chosen","floor":76.0,"turns":3.0},{"damage":9.0,"enemies":"Gremlin Leader","floor":78.0,"turns":5.0},{"damage":0.0,"enemies":"Chosen and Byrds","floor":80.0,"turns":3.0},{"damage":0.0,"enemies":"Snake Plant","floor":81.0,"turns":2.0},{"damage":0.0,"enemies":"Cultist and Chosen","floor":82.0,"turns":4.0},{"damage":27.0,"enemies":"Collector","floor":84.0,"turns":6.0},{"damage":12.0,"enemies":"3 Shapes","floor":86.0,"turns":1.0},{"damage":2.0,"enemies":"Orb Walker","floor":87.0,"turns":3.0},{"damage":3.0,"enemies":"4 Shapes","floor":89.0,"turns":2.0},{"damage":0,"enemies":"Mind Bloom Boss Battle","floor":90,"turns":2},{"damage":77,"enemies":"Transient","floor":92,"turns":1}],"seed_played":"-317722396146225245","potions_obtained":[{"floor":1.0,"key":"GamblersBrew"},{"floor":5.0,"key":"Milkshake"},{"floor":5.0,"key":"AttackPotion"},{"floor":10.0,"key":"Weak Potion"},{"floor":16.0,"key":"Fire Potion"}],"is_trial":false,"path_per_floor":["M","M","$","?","?","E","R","E","T","M","R","$","M","$","R","B",null,"M","$","?","M","M","R","E","R","T","R","NM","M","$","M","R","B",null,"M","$","?","M","M","R","E","R","T","R","?","M","M","$","R","B",null,"M","M","?","M","M","R","?","R","T","$","R","M","R","M","R","B",null,"M","$","?","M","?","R","M","M","T","E","R","M","M","M","R","B",null,"M","M","?","M","?","R"],"character_chosen":"IRONCLAD","items_purchased":["Life Link+1","Inflame","Disarm","Rampage","Gremlin Food","Metallicize","True Grit","Evolve","Battle Trance","infinitespire:Burning Sword"],"campfire_rested":10,"item_purchase_floors":[3,12,14,14,36,48,48,61,61,70],"current_hp_per_floor":[72,66,66,52,52,21,21,16,16,9,30,30,19,19,40,26,61,55,55,55,45,23,44,13,34,34,55,41,41,41,35,56,38,64,63,63,45,45,19,40,25,46,46,46,64,51,38,38,59,28,61,61,61,61,61,61,61,61,61,61,61,61,51,51,47,68,68,76,76,76,76,76,76,76,76,76,76,67,67,67,68,69,69,44,69,59,59,59,58,60,60,0],"gold":372,"neow_bonus":"THREE_RARE_CARDS","is_prod":false,"is_daily":false,"chose_seed":false,"campfire_upgraded":10,"win_rate":0,"timestamp":1539609111,"path_taken":["M","M","$","?","?","E","R","E","T","M","R","$","?","?","R","BOSS","M","$","?","M","?","R","E","R","T","R","NM","M","$","?","R","BOSS","M","$","?","?","M","R","E","R","T","R","?","M","?","$","R","BOSS","M","?","?","M","M","R","?","R","T","$","R","M","R","M","R","BOSS","M","$","?","M","?","R","M","M","T","E","R","?","?","M","R","BOSS","BOSS","M","M","?","M","?","R","?"],"build_version":"2018-10-04v2","purchased_purges":3,"victory":false,"max_hp_per_floor":[72,72,72,72,72,72,72,72,72,72,72,72,72,72,72,72,72,72,72,72,72,72,72,72,72,72,72,72,72,72,72,72,72,72,72,72,72,72,72,72,72,72,72,72,72,72,72,72,72,72,72,72,72,72,72,72,72,72,72,72,72,72,72,72,72,72,72,77,77,77,77,77,77,77,77,77,77,77,77,77,77,77,77,77,77,77,77,77,77,77,77,77],"card_choices":[{"not_picked":["Abandon","Berserk"],"picked":"hubris:StunningStrike","floor":0.0},{"not_picked":["Rage","Flex"],"picked":"Iron Wave","floor":1.0},{"not_picked":["Heavy Blade","Pommel Strike"],"picked":"Battle Trance","floor":2.0},{"not_picked":["Evolve","Cleave"],"picked":"Headbutt","floor":6.0},{"not_picked":["Cleave","Body Slam"],"picked":"Ghostly Armor","floor":8.0},{"not_picked":["Anger","Combust","Dark Embrace"],"picked":"SKIP","floor":10.0},{"not_picked":["Burning Pact","True Grit"],"picked":"Cleave","floor":13.0},{"not_picked":["Reaper","Berserk"],"picked":"Limit Break","floor":16.0},{"not_picked":["Second Wind+1","Thunderclap+1"],"picked":"Whirlwind","floor":18.0},{"not_picked":["Pummel","Headbutt"],"picked":"Dual Wield+1","floor":21.0},{"not_picked":["Run Through","Cleave","infinitespire:OneForAll+1"],"picked":"SKIP","floor":22.0},{"not_picked":["Flex","Sever Soul","Run Through"],"picked":"SKIP","floor":24.0},{"not_picked":["Shockwave","Iron Wave"],"picked":"Sword Boomerang","floor":28.0},{"not_picked":["Thunderclap","Metallicize"],"picked":"Shrug It Off+1","floor":29.0},{"not_picked":["Clash","Body Slam"],"picked":"True Grit","floor":31.0},{"not_picked":["Body Slam+1","Carnage+1","Dropkick+1"],"picked":"SKIP","floor":35.0},{"not_picked":["infinitespire:ReplayTheSpireMod:Dark Transmutation","infinitespire:FinalStrike"],"picked":"infinitespire:Gouge","floor":37.0},{"not_picked":["Body Slam","Twin Strike","Wild Strike"],"picked":"SKIP","floor":38.0},{"not_picked":["Carnage+1","Perfected Strike+1","Body Slam+1"],"picked":"SKIP","floor":39.0},{"not_picked":["Iron Wave","Dual Wield","Perfected Strike"],"picked":"SKIP","floor":41.0},{"not_picked":["Intimidate","ReplayTheSpireMod:Strike From Hell","Flex"],"picked":"SKIP","floor":46.0},{"not_picked":["Defy Death+1","Searing Blow"],"picked":"Anger+1","floor":47.0},{"not_picked":["Sever Soul","Reckless Charge","True Grit"],"picked":"SKIP","floor":52.0},{"not_picked":["hubris:CleavingFinish","Hemokinesis"],"picked":"Armaments","floor":53.0},{"not_picked":["Impervious","hubris:ReadiedAction","Anger"],"picked":"SKIP","floor":55.0},{"not_picked":["hubris:ReadiedAction","Anger"],"picked":"Impervious","floor":55.0},{"not_picked":["Combust","Reckless Charge","Wild Strike"],"picked":"SKIP","floor":56.0},{"not_picked":["Massacre","Headbutt","Rupture"],"picked":"SKIP","floor":63.0},{"not_picked":["Sword Boomerang","Clothesline","Combust"],"picked":"SKIP","floor":65.0},{"not_picked":["Twin Strike","Sword Boomerang+1","Seeing Red"],"picked":"SKIP","floor":69.0},{"not_picked":["Body Slam","Rage","Hemogenesis"],"picked":"SKIP","floor":72.0},{"not_picked":["Flex","Perfected Strike","ReplayTheSpireMod:Strike From Hell"],"picked":"SKIP","floor":75.0},{"not_picked":["Second Wind+1","Sword Boomerang","Armaments"],"picked":"SKIP","floor":76.0},{"not_picked":["Run Through","Warcry","Uppercut+1"],"picked":"SKIP","floor":78.0},{"not_picked":["Run Through","Warcry"],"picked":"Uppercut+1","floor":78.0},{"not_picked":["Hemokinesis","Defy Death+1","Sword Boomerang+1"],"picked":"SKIP","floor":80.0},{"not_picked":["Immolate","Fire Breathing","Warcry+1"],"picked":"SKIP","floor":81.0},{"not_picked":["Inflame","Iron Wave"],"picked":"Shrug It Off","floor":82.0},{"not_picked":["Hemogenesis","Berserk"],"picked":"Offering","floor":84.0},{"not_picked":["Havoc","Cleave","Burning Pact+1"],"picked":"SKIP","floor":86.0},{"not_picked":["Ghostly Armor","Flex"],"picked":"ReplayTheSpireMod:Limb From Limb","floor":87.0},{"not_picked":["Shockwave+1","Demonic Infusion","True Grit"],"picked":"SKIP","floor":89.0},{"not_picked":["Shockwave","Run Through"],"picked":"Clothesline","floor":90}],"player_experience":984526,"relics_obtained":[{"floor":6.0,"key":"Vajra"},{"floor":8.0,"key":"ReplayTheSpireMod:TigerMarble"},{"floor":9.0,"key":"Baseball"},{"floor":24.0,"key":"hubris:64BitClover"},{"floor":26.0,"key":"PreservedInsect"},{"floor":28.0,"key":"hubris:TinFlute"},{"floor":41.0,"key":"ReplayTheSpireMod:Lightbulb"},{"floor":43.0,"key":"Red Skull"},{"floor":46.0,"key":"Centennial Puzzle"},{"floor":54.0,"key":"Grinning Jar"},{"floor":60.0,"key":"Pen Nib"},{"floor":63.0,"key":"Whetstone"},{"floor":77.0,"key":"infinitespire:Lucky Rock"},{"floor":78.0,"key":"infinitespire:Beetle Shell"},{"floor":80.0,"key":"infinitespire:HealingShard"},{"floor":90,"key":"infinitespire:Joker Card"}],"event_choices":[{"event_name":"Shining Light","player_choice":"Entered Light","floor":4.0,"damage_taken":0.0},{"event_name":"The Woman in Blue","player_choice":"Bought 2 Potions","floor":5.0,"damage_taken":0.0},{"event_name":"Accursed Blacksmith","player_choice":"Forge","floor":20.0,"damage_taken":0.0},{"event_name":"Winding Halls","player_choice":"Writhe","floor":45.0,"damage_taken":0.0},{"event_name":"Vampires","player_choice":"Ignored","floor":71.0,"damage_taken":0.0},{"event_name":"The Mausoleum","player_choice":"Yes","floor":73.0,"damage_taken":0.0},{"event_name":"Tomb of Lord Red Mask","player_choice":"Ignored","floor":88.0,"damage_taken":0.0},{"event_name":"MindBloom","player_choice":"Fight","floor":90,"damage_taken":0}],"is_beta":false,"boss_relics":[{"not_picked":["Velvet Choker","Pandora\u0027s Box"],"picked":"Sozu"},{"not_picked":["Ring of Chaos","hubris:CrackedHourglass"],"picked":"ChewingGum"},{"not_picked":["ReplayTheSpireMod:DimensionalGlitch","Black Star"],"picked":"hubris:Backtick"},{"not_picked":["Snecko Eye","Cursed Key"],"picked":"Tiny House"},{"not_picked":["Orrery","Coffee Dripper"],"picked":"hubris:TerracottaHorce"}],"items_purged_floors":[12,19,30],"is_endless":true,"potions_floor_spawned":[1,10,16,22,24,33,35,46,47,50,52,53,55,67,78,80,84,90],"killed_by":"Transient","ascension_level":9}