{"path_per_floor":["M","?","?","M","?","E","R","E","T","T","$","M","M","M","R","B",null,"M","$","M","M","$","R","E","R","T","M","?","$","E","M","R"],"character_chosen":"THE_SILENT","items_purchased":["Accuracy","PiercingWail","Infinite Blades","War Paint","Poisoned Stab","Bane"],"gold_per_floor":[113,113,113,129,129,164,164,199,199,199,111,122,136,156,156,261,261,274,40,38,58,4,4,31,31,31,41,41,18,347,364,364],"floor_reached":33,"campfire_rested":5,"playtime":3488,"current_hp_per_floor":[70,70,70,70,63,34,70,41,41,41,41,41,40,40,70,48,70,64,64,36,36,36,70,11,50,50,33,33,33,28,4,43],"items_purged":[],"gold":364,"score":310,"play_id":"ca15f699-8806-4b00-b976-683a22ae8390","local_time":"20180322144435","is_prod":false,"is_daily":false,"is_ascension_mode":true,"campfire_upgraded":0,"timestamp":1521726275,"path_taken":["M","?","?","M","?","E","R","E","T","?","$","M","?","M","R","BOSS","M","?","M","M","$","R","E","R","T","M","?","?","E","M","R","BOSS"],"build_version":"2018-03-15v3","purchased_purges":2,"victory":false,"master_deck":["Defend_G","Defend_G","Defend_G","Defend_G","Defend_G","Strike_G","Strike_G","Strike_G","Strike_G","Strike_G","Survivor","Neutralize","Cloak And Dagger","Flying Knee","Poisoned Stab","Bane","Flying Knee","Accuracy","PiercingWail","Deflect","Deflect+1","Backflip","Storm of Steel","Blur+1","Infinite Blades","Dodge and Roll","Flying Knee+1","Poisoned Stab","Infinite Blades+1","Leg Sweep","Bane","Escape Plan+1","Sucker Punch"],"max_hp_per_floor":[70,70,70,70,70,70,70,70,70,70,70,70,70,70,70,70,70,70,70,70,70,70,70,80,80,80,80,80,80,80,80,80],"relics":["Ring of the Snake","Torii","Regal Pillow","Smiling Mask","Sundial","Ice Cream","Black Star","War Paint","Gremlin Horn","Pear","Peace Pipe","Old Coin","Thread and Needle"],"card_choices":[{"not_picked":["Bane","Underhanded Strike"],"picked":"Cloak And Dagger"},{"not_picked":["Finisher","Outmaneuver"],"picked":"Flying Knee"},{"not_picked":["PiercingWail","Phantasmal Killer"],"picked":"Poisoned Stab"},{"not_picked":["Setup","Dagger Throw"],"picked":"Bane"},{"not_picked":["Expertise","Backflip"],"picked":"Flying Knee"},{"not_picked":["Backflip","Outmaneuver"],"picked":"Deflect"},{"not_picked":["Dagger Throw","Setup"],"picked":"Deflect"},{"not_picked":["Prepared","Eviscerate"],"picked":"Backflip"},{"not_picked":["Bullet Time","Envenom"],"picked":"Storm of Steel"},{"not_picked":["Bane","Outmaneuver"],"picked":"Blur"},{"not_picked":["Dagger Throw","Reflex"],"picked":"Dodge and Roll"},{"not_picked":["Catalyst","Bane"],"picked":"Flying Knee"},{"not_picked":["Venomology","Dodge and Roll"],"picked":"Infinite Blades"},{"not_picked":["PiercingWail","Quick Slash"],"picked":"Leg Sweep"},{"not_picked":["Flying Knee","Skewer"],"picked":"Escape Plan"},{"not_picked":["Expertise","Underhanded Strike"],"picked":"Sucker Punch"}],"player_experience":266891,"potions_floor_usage":[8,16,21,24,24,33],"damage_taken":[{"damage":0,"enemies":"Small Slimes","floor":1,"turns":5},{"damage":0,"enemies":"Cultist","floor":4,"turns":5},{"damage":29,"enemies":"Gremlin Nob","floor":6,"turns":5},{"damage":41,"enemies":"Lagavulin","floor":8,"turns":9},{"damage":0,"enemies":"Jaw Worm","floor":12,"turns":4},{"damage":1,"enemies":"Looter","floor":13,"turns":3},{"damage":0,"enemies":"Large Slime","floor":14,"turns":5},{"damage":22,"enemies":"Hexaghost","floor":16,"turns":14},{"damage":6,"enemies":"Shell Parasite","floor":18,"turns":9},{"damage":28,"enemies":"2 Thieves","floor":20,"turns":5},{"damage":12,"enemies":"Snecko","floor":21,"turns":7},{"damage":69,"enemies":"Slavers","floor":24,"turns":8},{"damage":17,"enemies":"Cultist and Chosen","floor":27,"turns":8},{"damage":5,"enemies":"Book of Stabbing","floor":30,"turns":7},{"damage":24,"enemies":"Chosen and Byrds","floor":31,"turns":10},{"damage":50,"enemies":"Champ","floor":33,"turns":14}],"event_choices":[{"event_name":"Purifier","player_choice":"Skipped","floor":2,"damage_taken":0},{"event_name":"The Cleric","player_choice":"Leave","floor":3,"damage_taken":0},{"event_name":"Scrap Ooze","player_choice":"success","floor":5,"damage_taken":7},{"event_name":"Drug Dealer","player_choice":"Ignored","floor":28,"damage_taken":0}],"boss_relics":[{"not_picked":["Sozu","Ectoplasm"],"picked":"Black Star"}],"potions_floor_spawned":[6,12,13,16,20,31],"seed_played":"596323486659811338","killed_by":"Champ","ascension_level":1,"is_trial":false}