{"gold_per_floor":[115,131,281,281,299,299,340,360,660,640],"floor_reached":10,"playtime":242,"items_purged":[],"score":133,"play_id":"8e0b2827-c756-4c96-b7dc-fb12b8f1229f","local_time":"20190109033744","is_ascension_mode":true,"campfire_choices":[{"data":"Zap","floor":6,"key":"SMITH"}],"neow_cost":"NONE","seed_source_timestamp":545128300189200,"circlet_count":0,"master_deck":["AscendersBane","Strike_B","Strike_B","Strike_B","Strike_B","Defend_B","Defend_B","Defend_B","Defend_B","Zap+1","Dualcast","Darkness","Hologram","Doubt","Static Discharge","Steam","Redo"],"relics":["Cracked Core","Golden Idol","FossilizedHelix","Old Coin"],"potions_floor_usage":[7],"damage_taken":[{"damage":1,"enemies":"2 Louse","floor":1,"turns":3},{"damage":7,"enemies":"Jaw Worm","floor":2,"turns":5},{"damage":0,"enemies":"Cultist","floor":5,"turns":3},{"damage":32,"enemies":"Gremlin Nob","floor":7,"turns":4},{"damage":0,"enemies":"3 Louse","floor":8,"turns":4},{"damage":7,"enemies":"Exordium Thugs","floor":10,"turns":2}],"seed_played":"6949677076933658733","potions_obtained":[{"floor":1,"key":"Poison Potion"}],"is_trial":false,"path_per_floor":["M","M","?","?","M","R","E","M","T","M"],"character_chosen":"DEFECT","items_purchased":[],"campfire_rested":0,"item_purchase_floors":[],"current_hp_per_floor":[70,63,63,36,36,36,4,4,4,0],"gold":640,"neow_bonus":"TEN_PERCENT_HP_BONUS","is_prod":false,"is_daily":false,"chose_seed":false,"campfire_upgraded":1,"win_rate":0,"timestamp":1546972664,"path_taken":["M","M","?","?","M","R","E","M","T","M"],"build_version":"2019-01-03v4","purchased_purges":0,"victory":false,"max_hp_per_floor":[78,78,78,78,78,78,78,78,78,78],"card_choices":[{"not_picked":["Turbo","Coolheaded"],"picked":"Darkness","floor":1},{"not_picked":["Beam Cell","Fusion"],"picked":"Hologram","floor":2},{"not_picked":["Capacitor","Hologram"],"picked":"Static Discharge","floor":5},{"not_picked":["Leap","Fusion"],"picked":"Steam","floor":7},{"not_picked":["Gash","Compile Driver"],"picked":"Redo","floor":8}],"player_experience":1027055,"relics_obtained":[{"floor":7,"key":"FossilizedHelix"},{"floor":9,"key":"Old Coin"}],"event_choices":[{"damage_healed":0,"gold_gain":150,"player_choice":"AGREE","damage_taken":0,"max_hp_gain":0,"max_hp_loss":0,"event_name":"Liars Game","floor":3,"gold_loss":0,"cards_obtained":["Doubt"]},{"damage_healed":0,"gold_gain":0,"player_choice":"Take Damage","damage_taken":27,"relics_obtained":["Golden Idol"],"max_hp_gain":0,"max_hp_loss":0,"event_name":"Golden Idol","floor":4,"gold_loss":0}],"is_beta":false,"boss_relics":[],"items_purged_floors":[],"is_endless":false,"potions_floor_spawned":[1],"killed_by":"Exordium Thugs","ascension_level":19}