{"gold_per_floor":[119,119,139,139,162,162,162,162,219,240,263,278,299,224,224,353,353,373,373,63,63,82,111,111,111,134,145,145,244,244,264,264,362,362,378,378,378,54,154,188,188,218,297,297,1,1,21,34,34,34],"floor_reached":51,"playtime":1564,"items_purged":["Strike_G","Strike_G","Strike_G"],"score":1116,"play_id":"7e13af7b-6b30-41b8-9469-206d8adf7de4","local_time":"20190202011433","is_ascension_mode":true,"campfire_choices":[{"data":"Neutralize","floor":6.0,"key":"SMITH"},{"data":"Bane","floor":8.0,"key":"SMITH"},{"data":"Corpse Explosion","floor":15.0,"key":"SMITH"},{"data":"Catalyst","floor":25.0,"key":"SMITH"},{"data":"Well Laid Plans","floor":30.0,"key":"SMITH"},{"data":"Corpse Explosion","floor":32.0,"key":"SMITH"},{"floor":41.0,"key":"REST"},{"floor":46.0,"key":"REST"},{"floor":49.0,"key":"REST"}],"neow_cost":"TEN_PERCENT_HP_LOSS","seed_source_timestamp":42162697386100,"circlet_count":0,"master_deck":["AscendersBane","Defend_G","Defend_G+1","Defend_G+1","Defend_G","Survivor","Neutralize+1","Bane+1","Backstab","Corpse Explosion+1","PiercingWail","Corpse Explosion+1","Well Laid Plans+1","Catalyst+1","Poisoned Stab","Footwork+1","Prepared+1","Dodge and Roll","Catalyst","Poisoned Stab+1","Bouncing Flask+1","PiercingWail","Backstab+1","PiercingWail+1"],"special_seed":0,"relics":["Ring of the Snake","Bloody Idol","Tiny Chest","Velvet Choker","Toolbox","Bag of Marbles","Potion Belt","Sozu","War Paint","The Specimen","Smiling Mask","Happy Flower","Molten Egg 2","TwistedFunnel"],"potions_floor_usage":[],"damage_taken":[{"damage":4.0,"enemies":"Jaw Worm","floor":1.0,"turns":7.0},{"damage":3.0,"enemies":"2 Louse","floor":3.0,"turns":4.0},{"damage":0.0,"enemies":"Small Slimes","floor":5.0,"turns":3.0},{"damage":0.0,"enemies":"Looter","floor":10.0,"turns":4.0},{"damage":0.0,"enemies":"3 Louse","floor":11.0,"turns":3.0},{"damage":4.0,"enemies":"2 Fungi Beasts","floor":12.0,"turns":2.0},{"damage":0.0,"enemies":"Blue Slaver","floor":13.0,"turns":2.0},{"damage":21.0,"enemies":"The Guardian","floor":16.0,"turns":10.0},{"damage":19.0,"enemies":"Shell Parasite","floor":18.0,"turns":5.0},{"damage":0.0,"enemies":"3 Byrds","floor":22.0,"turns":1.0},{"damage":15.0,"enemies":"Gremlin Leader","floor":23.0,"turns":6.0},{"damage":18.0,"enemies":"Shelled Parasite and Fungi","floor":27.0,"turns":4.0},{"damage":0.0,"enemies":"Cultist and Chosen","floor":31.0,"turns":4.0},{"damage":45.0,"enemies":"Collector","floor":33.0,"turns":9.0},{"damage":7.0,"enemies":"Orb Walker","floor":35.0,"turns":3.0},{"damage":0.0,"enemies":"Mind Bloom Boss Battle","floor":39.0,"turns":3.0},{"damage":20.0,"enemies":"Giant Head","floor":40.0,"turns":6.0},{"damage":42.0,"enemies":"Nemesis","floor":42.0,"turns":5.0},{"damage":9.0,"enemies":"3 Shapes","floor":47.0,"turns":3.0},{"damage":4.0,"enemies":"Transient","floor":48.0,"turns":5.0},{"damage":52,"enemies":"Time Eater","floor":50,"turns":4}],"seed_played":"-8617418784836822735","potions_obtained":[{"floor":3.0,"key":"Explosive Potion"},{"floor":5.0,"key":"SpeedPotion"},{"floor":12.0,"key":"Explosive Potion"},{"floor":13.0,"key":"Energy Potion"},{"floor":18.0,"key":"PowerPotion"},{"floor":31.0,"key":"Regen Potion"},{"floor":33.0,"key":"EssenceOfSteel"}],"is_trial":false,"path_per_floor":["M","?","M","?","M","R","?","R","T","M","M","M","M","$","R","B",null,"M","?","$","?","M","E","?","R","T","M","?","?","R","M","R","B",null,"M","$","?","$","?","E","R","E","T","?","$","R","M","M","R","B",null],"character_chosen":"THE_SILENT","items_purchased":["Catalyst","Toolbox","Poisoned Stab","Catalyst","War Paint","TwistedFunnel","PiercingWail"],"campfire_rested":3,"item_purchase_floors":[20,20,20,38,38,45,45],"current_hp_per_floor":[59,59,56,56,56,56,49,49,49,49,49,45,45,45,45,24,50,31,31,31,31,36,26,45,45,50,37,37,42,42,47,47,21,49,47,47,47,47,52,37,54,17,22,22,22,39,35,36,53,1],"gold":34,"neow_bonus":"REMOVE_TWO","is_prod":false,"is_daily":false,"chose_seed":false,"campfire_upgraded":6,"win_rate":0,"timestamp":1549062873,"path_taken":["M","?","M","?","M","R","?","R","T","M","M","M","M","$","R","BOSS","M","?","$","?","M","E","?","R","T","M","?","?","R","M","R","BOSS","M","$","?","$","?","E","R","E","T","?","$","R","M","M","R","BOSS"],"build_version":"2019-01-23","purchased_purges":3,"victory":true,"max_hp_per_floor":[63,63,63,58,58,58,58,58,58,58,58,58,58,58,58,58,58,58,58,58,58,58,58,58,58,58,58,58,58,58,58,58,58,58,58,58,58,58,58,58,58,58,58,58,58,58,58,58,58,58],"card_choices":[{"not_picked":["Eviscerate","Riddle With Holes"],"picked":"Bane","floor":1.0},{"not_picked":["Deflect","Quick Slash","Slice"],"picked":"SKIP","floor":3.0},{"not_picked":["Endless Agony","Quick Slash","Eviscerate"],"picked":"SKIP","floor":5.0},{"not_picked":["Dagger Spray","Blade Dance"],"picked":"Backstab","floor":10.0},{"not_picked":["Dagger Throw","Slice"],"picked":"Deadly Poison","floor":11.0},{"not_picked":["Dagger Throw","Predator"],"picked":"Corpse Explosion","floor":12.0},{"not_picked":["Deflect","Flying Knee"],"picked":"PiercingWail","floor":13.0},{"not_picked":["Phantasmal Killer","Storm of Steel"],"picked":"Corpse Explosion","floor":16.0},{"not_picked":["Backflip","Predator"],"picked":"Well Laid Plans","floor":18.0},{"not_picked":["Slice","Infinite Blades","Prepared"],"picked":"SKIP","floor":22.0},{"not_picked":["Slice","Infinite Blades","Prepared"],"picked":"SKIP","floor":22.0},{"not_picked":["Deflect","Backflip"],"picked":"Footwork+1","floor":23.0},{"not_picked":["Expertise+1","Flying Knee+1"],"picked":"Prepared+1","floor":27.0},{"not_picked":["Blade Dance","Endless Agony"],"picked":"Dodge and Roll","floor":31.0},{"not_picked":["Expertise","Dagger Throw","Accuracy+1"],"picked":"SKIP","floor":35.0},{"not_picked":["Slice+1","Bane"],"picked":"Poisoned Stab+1","floor":39.0},{"not_picked":["Outmaneuver","Deadly Poison"],"picked":"Bouncing Flask+1","floor":40.0},{"not_picked":["Distraction+1","Dagger Throw","Eviscerate+1"],"picked":"SKIP","floor":42.0},{"not_picked":["Deadly Poison","Outmaneuver+1"],"picked":"Backstab+1","floor":47.0},{"not_picked":["Deflect","Bouncing Flask"],"picked":"PiercingWail+1","floor":48.0}],"player_experience":560073,"relics_obtained":[{"floor":9.0,"key":"Tiny Chest"},{"floor":23.0,"key":"Bag of Marbles"},{"floor":26.0,"key":"Potion Belt"},{"floor":39.0,"key":"The Specimen"},{"floor":40.0,"key":"Smiling Mask"},{"floor":42.0,"key":"Happy Flower"},{"floor":43.0,"key":"Molten Egg 2"}],"event_choices":[{"damage_healed":0.0,"max_hp_gain":0.0,"max_hp_loss":0.0,"gold_gain":0.0,"event_name":"Liars Game","player_choice":"Ignored","floor":2.0,"gold_loss":0.0,"damage_taken":0.0},{"damage_healed":0.0,"max_hp_gain":0.0,"max_hp_loss":5.0,"gold_gain":0.0,"event_name":"Golden Idol","player_choice":"Lose Max HP","floor":4.0,"gold_loss":0.0,"damage_taken":0.0,"relics_obtained":["Golden Idol"]},{"cards_removed":["Strike_G"],"damage_healed":0.0,"max_hp_gain":0.0,"max_hp_loss":0.0,"gold_gain":0.0,"event_name":"Golden Wing","player_choice":"Card Removal","floor":7.0,"gold_loss":0.0,"damage_taken":7.0},{"damage_healed":0.0,"max_hp_gain":0.0,"max_hp_loss":0.0,"gold_gain":0.0,"event_name":"Forgotten Altar","player_choice":"Gave Idol","floor":19.0,"relics_lost":["Golden Idol"],"gold_loss":0.0,"damage_taken":0.0,"relics_obtained":["Bloody Idol"]},{"damage_healed":0.0,"max_hp_gain":0.0,"max_hp_loss":0.0,"gold_gain":0.0,"event_name":"Beggar","player_choice":"Ignored","floor":21.0,"gold_loss":0.0,"damage_taken":0.0},{"damage_healed":19.0,"max_hp_gain":0.0,"max_hp_loss":0.0,"gold_gain":0.0,"event_name":"The Library","player_choice":"Heal","floor":24.0,"gold_loss":0.0,"damage_taken":0.0},{"damage_healed":0.0,"max_hp_gain":0.0,"max_hp_loss":0.0,"gold_gain":0.0,"event_name":"Ghosts","player_choice":"Ignored","floor":28.0,"gold_loss":0.0,"damage_taken":0.0},{"damage_healed":0.0,"max_hp_gain":0.0,"max_hp_loss":0.0,"gold_gain":99.0,"event_name":"Nest","player_choice":"Stole From Cult","floor":29.0,"gold_loss":0.0,"damage_taken":0.0},{"cards_removed":["Deadly Poison"],"damage_healed":0.0,"max_hp_gain":0.0,"max_hp_loss":0.0,"gold_gain":0.0,"event_name":"Falling","player_choice":"Removed Skill","floor":37.0,"gold_loss":0.0,"damage_taken":0.0},{"damage_healed":0.0,"max_hp_gain":0.0,"max_hp_loss":0.0,"gold_gain":0.0,"event_name":"MindBloom","player_choice":"Fight","floor":39.0,"gold_loss":0.0,"damage_taken":0.0},{"damage_healed":0.0,"max_hp_gain":0.0,"max_hp_loss":0.0,"gold_gain":0.0,"event_name":"Mysterious Sphere","player_choice":"Ignored","floor":44.0,"gold_loss":0.0,"damage_taken":0.0}],"is_beta":false,"boss_relics":[{"not_picked":["WristBlade","HoveringKite"],"picked":"Velvet Choker"},{"not_picked":["Cursed Key","Ring of the Serpent"],"picked":"Sozu"}],"items_purged_floors":[14,38,45],"is_endless":false,"potions_floor_spawned":[3,5,12,13,18,31,33,39,47],"ascension_level":11}