{"path_per_floor":["M","M","?","$","M","E","R","M","T","R","M","R","E","$","R","B",null,"M","?","M","$","M","R","$","?","T","R","M","M","?","$","R","B",null,"M","T","M","M","M","R","E","R","T","R","M","M","M","M","R"],"character_chosen":"IRONCLAD","items_purchased":["Shrug It Off","Body Slam"],"gold_per_floor":[109,122,122,47,67,94,94,108,108,108,127,127,161,61,61,166,166,176,176,189,10,29,29,29,29,75,75,90,106,106,4,4,101,101,116,116,128,139,154,154,184,184,184,184,200,214,228,240,240,240],"floor_reached":50,"campfire_rested":4,"playtime":2442,"current_hp_per_floor":[80,80,80,80,80,36,36,42,42,66,72,72,72,72,72,62,80,64,64,78,78,80,80,80,80,80,80,80,78,78,78,78,32,80,80,80,80,64,53,77,19,43,43,67,75,76,78,80,80,0],"items_purged":["Strike_R","Strike_R","Strike_R","Strike_R"],"gold":240,"score":486,"play_id":"d5e98674-8bfd-497d-ac63-fd22ff4dcc1d","local_time":"20180402120358","is_prod":false,"is_daily":false,"is_ascension_mode":false,"campfire_upgraded":7,"timestamp":1522663438,"path_taken":["M","M","?","$","M","E","R","M","T","R","M","R","E","$","R","BOSS","M","?","M","$","M","R","$","?","T","R","M","M","?","?","R","BOSS","M","?","M","?","M","R","E","R","T","R","M","M","?","M","R","BOSS"],"build_version":"2018-03-29v2","purchased_purges":5,"victory":false,"master_deck":["Strike_R","Defend_R","Defend_R","Defend_R","Defend_R","Bash","Heavy Blade+1","Flex+1","Whirlwind","Flex","True Grit","Rage","Barricade+1","Impervious+1","Sword Boomerang+1","Shrug It Off+1","Shrug It Off","Writhe","Body Slam+1","Body Slam","Ghostly Armor","Flex","Inflame+1","Spot Weakness+1","Shrug It Off+1"],"max_hp_per_floor":[80,80,80,80,80,80,80,80,80,80,80,80,80,80,80,80,80,80,80,80,80,80,80,80,80,80,80,80,80,80,80,80,80,80,80,80,80,80,80,80,80,80,80,80,80,80,80,80,80,80],"relics":["Burning Blood","Mercury Hourglass","Gremlin Horn","Dream Catcher","Sozu","Blood Vial","Smiling Mask","Mark of Pain","Ice Cream","Omamori","Happy Flower"],"card_choices":[{"not_picked":["Clash","Headbutt"],"picked":"Heavy Blade","floor":0},{"not_picked":["Thunderclap","Perfected Strike"],"picked":"Flex","floor":1},{"not_picked":["Seeing Red","Twin Strike"],"picked":"Whirlwind","floor":2},{"not_picked":["Corruption","Warcry"],"picked":"Flex","floor":5},{"not_picked":["Thunderclap","Perfected Strike"],"picked":"True Grit","floor":6},{"not_picked":["Thunderclap","Warcry"],"picked":"Rage","floor":11},{"not_picked":["Pummel","Flame Barrier"],"picked":"Barricade","floor":13},{"not_picked":["Bludgeon","Reaper"],"picked":"Impervious","floor":16},{"not_picked":["Armaments","True Grit"],"picked":"Sword Boomerang","floor":20},{"not_picked":["Uppercut","Warcry"],"picked":"Shrug It Off","floor":28},{"not_picked":["Headbutt","True Grit"],"picked":"Body Slam","floor":40},{"not_picked":["Cleave","Heavy Blade"],"picked":"Ghostly Armor","floor":41},{"not_picked":["Sword Boomerang","Disarm"],"picked":"Flex","floor":44},{"not_picked":["Rampage","True Grit"],"picked":"Inflame","floor":45},{"not_picked":["Clothesline","Warcry"],"picked":"Spot Weakness","floor":47},{"not_picked":["Perfected Strike","Body Slam"],"picked":"Shrug It Off","floor":48}],"player_experience":257144,"potions_floor_usage":[20,28,33],"damage_taken":[{"damage":2,"enemies":"Small Slimes","floor":1,"turns":4},{"damage":6,"enemies":"Cultist","floor":2,"turns":3},{"damage":0,"enemies":"2 Louse","floor":5,"turns":1},{"damage":50,"enemies":"Lagavulin","floor":6,"turns":10},{"damage":0,"enemies":"2 Fungi Beasts","floor":8,"turns":3},{"damage":0,"enemies":"3 Louse","floor":11,"turns":1},{"damage":6,"enemies":"3 Sentries","floor":13,"turns":6},{"damage":16,"enemies":"Slime Boss","floor":16,"turns":11},{"damage":22,"enemies":"Spheric Guardian","floor":18,"turns":5},{"damage":7,"enemies":"Shell Parasite","floor":20,"turns":6},{"damage":0,"enemies":"3 Cultists","floor":22,"turns":4},{"damage":5,"enemies":"Centurion and Healer","floor":28,"turns":9},{"damage":8,"enemies":"Snake Plant","floor":29,"turns":5},{"damage":54,"enemies":"Automaton","floor":33,"turns":14},{"damage":0,"enemies":"3 Shapes","floor":35,"turns":4},{"damage":0,"enemies":"3 Darklings","floor":37,"turns":5},{"damage":22,"enemies":"4 Shapes","floor":38,"turns":5},{"damage":19,"enemies":"Sphere and 2 Shapes","floor":39,"turns":8},{"damage":66,"enemies":"2 Orb Walkers","floor":41,"turns":6},{"damage":0,"enemies":"3 Darklings","floor":45,"turns":5},{"damage":7,"enemies":"4 Shapes","floor":46,"turns":2},{"damage":6,"enemies":"Maw","floor":47,"turns":8},{"damage":0,"enemies":"3 Darklings","floor":48,"turns":6},{"damage":81,"enemies":"Donu and Deca","floor":50,"turns":6}],"event_choices":[{"event_name":"The Woman in Blue","player_choice":"Bought 0 Potions","floor":3,"damage_taken":0},{"event_name":"Vampires","player_choice":"Ignored","floor":19,"damage_taken":0},{"event_name":"Addict","player_choice":"Ignored","floor":25,"damage_taken":0},{"event_name":"The Mausoleum","player_choice":"Yes","floor":30,"damage_taken":0}],"boss_relics":[{"not_picked":["Runic Dome","Pandora\u0027s Box"],"picked":"Sozu"},{"not_picked":["Runic Pyramid","Black Star"],"picked":"Mark of Pain"}],"potions_floor_spawned":[6,8,13,16,28,29,35,37,39,48],"seed_played":"1003149445954512547","killed_by":"Donu and Deca","ascension_level":0,"is_trial":false}