{"path_per_floor":["M","?","?","M","M","M","R","$","T","E","M","M","$","E","R","B",null,"M","$","?","?","M","R","E","R","T","M","M","M","$","M","R","B",null,"M","M","?","M","?","R","$","R","T","?","R","M","$"],"character_chosen":"IRONCLAD","items_purchased":["Shrug It Off","Armaments","Anger","Rampage","War Paint","Ghostly Armor","Shrug It Off","Deep Breath","Inflame","Energy Potion"],"gold_per_floor":[112,112,112,123,139,159,159,28,53,85,103,113,32,63,63,167,167,187,35,35,35,52,52,82,82,82,93,113,124,2,16,16,119,119,131,143,143,153,153,153,19,19,70,70,70,84,34],"floor_reached":48,"campfire_rested":5,"playtime":3491,"current_hp_per_floor":[80,85,78,84,85,78,78,78,78,67,70,75,75,71,92,87,92,82,82,64,97,80,80,40,69,69,62,13,12,12,11,40,29,97,74,40,40,11,11,40,40,69,69,69,69,19,19],"items_purged":[],"gold":34,"score":488,"play_id":"c87c648a-02d8-40f3-9d69-00b11aae6c58","local_time":"20180306170032","is_prod":false,"is_daily":false,"is_ascension_mode":false,"campfire_upgraded":3,"timestamp":1520352032,"path_taken":["M","?","?","M","M","?","R","$","T","E","M","M","$","E","R","BOSS","M","$","?","?","M","R","E","R","T","M","M","M","$","M","R","BOSS","M","M","?","M","?","R","$","R","T","?","R","M","$","M"],"build_version":"2018-03-01-PROD1","purchased_purges":0,"victory":false,"master_deck":["Strike_R","Strike_R+1","Strike_R","Strike_R","Defend_R","Defend_R","Defend_R+1","Bash","Pommel Strike+1","Anger","Cleave","Thunderclap","Iron Wave","Shrug It Off+1","Armaments","Anger","Metallicize","Impervious","Spot Weakness","Rampage+1","Headbutt","Double Tap","Rage","Shrug It Off","Flex+1","Pummel","Ghostly Armor","Shrug It Off","Reckless Charge+1","Exhume","Headbutt","Shrug It Off+1","Inflame+1","Deep Breath+1","Inflame"],"max_hp_per_floor":[80,85,85,85,85,85,85,85,85,92,92,92,92,92,92,92,92,92,92,97,97,97,97,97,97,97,97,97,97,97,97,97,97,97,97,97,97,97,97,97,97,97,97,97,97,97,97],"relics":["Burning Blood","Prayer Wheel","Strawberry","Pen Nib","Lizard Tail","War Paint","Juzu Bracelet","Red Skull","Question Card","Whetstone"],"card_choices":[{"not_picked":["True Grit","Body Slam"],"picked":"Pommel Strike"},{"not_picked":["Hemokinesis","Thunderclap"],"picked":"Anger"},{"not_picked":["Pommel Strike","Perfected Strike"],"picked":"Cleave"},{"not_picked":["Perfected Strike","Heavy Blade"],"picked":"Thunderclap"},{"not_picked":["Disarm","Clothesline"],"picked":"Iron Wave"},{"not_picked":["Cleave","Disarm"],"picked":"Metallicize"},{"not_picked":["True Grit","Warcry"],"picked":"Impervious"},{"not_picked":["Dual Wield","Twin Strike"],"picked":"Spot Weakness"},{"not_picked":["Dropkick","Perfected Strike"],"picked":"Headbutt"},{"not_picked":["Immolate","Barricade"],"picked":"Double Tap"},{"not_picked":["Sentinel","Anger"],"picked":"Combust"},{"not_picked":["True Grit","Reaper"],"picked":"Rage"},{"not_picked":["Anger","Power Through"],"picked":"Shrug It Off"},{"not_picked":["Warcry","Carnage"],"picked":"Flex"},{"not_picked":["Perfected Strike","Dropkick"],"picked":"Pummel"},{"not_picked":["Demon Form","Havoc"],"picked":"Reckless Charge"},{"not_picked":["Reaper","Immolate"],"picked":"Exhume"},{"not_picked":["Intimidate","Dropkick","Wild Strike"],"picked":"Headbutt"},{"not_picked":["Sentinel","Bloodletting","Anger"],"picked":"Shrug It Off"},{"not_picked":["Burning Pact","Clothesline","Havoc"],"picked":"Inflame"}],"player_experience":80044,"potions_floor_usage":[10,24,24,27,29,31,33,38,48],"damage_taken":[{"damage":1,"enemies":"Cultist","floor":1,"turns":3},{"damage":0,"enemies":"2 Louse","floor":4,"turns":2},{"damage":0,"enemies":"Small Slimes","floor":5,"turns":3},{"damage":13,"enemies":"2 Fungi Beasts","floor":6,"turns":3},{"damage":24,"enemies":"Lagavulin","floor":10,"turns":6},{"damage":3,"enemies":"Large Slime","floor":11,"turns":6},{"damage":1,"enemies":"Gremlin Gang","floor":12,"turns":4},{"damage":10,"enemies":"Gremlin Nob","floor":14,"turns":4},{"damage":11,"enemies":"Slime Boss","floor":16,"turns":8},{"damage":16,"enemies":"Spheric Guardian","floor":18,"turns":4},{"damage":23,"enemies":"Chosen","floor":22,"turns":5},{"damage":55,"enemies":"Slavers","floor":24,"turns":7},{"damage":28,"enemies":"Centurion and Healer","floor":27,"turns":7},{"damage":55,"enemies":"Chosen and Byrds","floor":28,"turns":7},{"damage":7,"enemies":"Snecko","floor":29,"turns":4},{"damage":7,"enemies":"Centurion and Healer","floor":31,"turns":5},{"damage":89,"enemies":"Champ","floor":33,"turns":14},{"damage":29,"enemies":"Orb Walker","floor":35,"turns":5},{"damage":40,"enemies":"3 Shapes","floor":36,"turns":6},{"damage":35,"enemies":"3 Darklings","floor":38,"turns":5},{"damage":56,"enemies":"4 Shapes","floor":46,"turns":10},{"damage":19,"enemies":"Maw","floor":48,"turns":4}],"event_choices":[{"event_name":"Big Fish","player_choice":"Donut","floor":2,"damage_taken":0},{"event_name":"Golden Wing","player_choice":"Card Removal","floor":3,"damage_taken":0},{"event_name":"Forgotten Altar","player_choice":"Shed Blood","floor":20,"damage_taken":0},{"event_name":"Bonfire Elementals","player_choice":"UNCOMMON","floor":21,"damage_taken":0},{"event_name":"Tomb of Lord Red Mask","player_choice":"Ignored","floor":39,"damage_taken":0},{"event_name":"Mysterious Sphere","player_choice":"Ignore","floor":44,"damage_taken":0}],"boss_relics":[{"not_picked":["Velvet Choker","Runic Cube"],"picked":"Lizard Tail"},{"not_picked":["Cursed Key","Snecko Eye"],"picked":"Question Card"}],"potions_floor_spawned":[4,10,14,16,18,24,29,31,36,46],"seed_played":"-9031903603690418233","killed_by":"Maw","ascension_level":0,"is_trial":false}