{"gold_per_floor":[116,116,134,59,76,76,101,101,128,155,155,5,5,21,21,119,119,136,153,153,164,174,174,207,226,252,252,270,280,280,71,71,167,167,183,228,101,120,120,120,147,173,173,173,191,209,209,222,222,222],"floor_reached":51,"playtime":3250,"items_purged":["Clash","Decay"],"score":1057,"play_id":"dc6ea1a2-53a7-470c-96ac-fa428f7fffbe","local_time":"20181010005250","daily_mods":["Draft","Green Cards","DeadlyEvents"],"is_ascension_mode":true,"campfire_choices":[{"data":"Skewer","floor":6.0,"key":"SMITH"},{"data":"Footwork","floor":8.0,"key":"SMITH"},{"data":"Armaments","floor":11.0,"key":"SMITH"},{"data":"True Grit","floor":13.0,"key":"SMITH"},{"data":"Rampage","floor":15.0,"key":"SMITH"},{"data":"Deadly Poison","floor":23.0,"key":"SMITH"},{"data":"Bane","floor":27.0,"key":"SMITH"},{"data":"Leg Sweep","floor":30.0,"key":"SMITH"},{"data":"Dodge and Roll","floor":32,"key":"SMITH"},{"data":"Envenom","floor":40,"key":"SMITH"},{"data":"Cloak And Dagger","floor":44,"key":"SMITH"},{"data":"Escape Plan","floor":47,"key":"SMITH"},{"data":"Doppelganger","floor":49,"key":"SMITH"}],"neow_cost":"","seed_source_timestamp":11470855835794,"circlet_count":0,"master_deck":["Dash","Clothesline","Armaments+1","Battle Trance","Blade Dance","True Grit+1","Leg Sweep+1","Deadly Poison+1","Flechettes","Skewer+1","Rampage+1","Deflect","Poisoned Stab","Dodge and Roll+1","Escape Plan+1","Footwork+1","Bane+1","Fiend Fire","Acrobatics+1","PiercingWail","Doppelganger+1","Envenom+1","Battle Trance+1","Prepared+1","Cloak And Dagger+1","Doppelganger","Backflip+1","Clumsy","Calculated Gamble+1","Bane+1"],"special_seed":0,"relics":["Black Blood","Centennial Puzzle","Blue Candle","Pen Nib","Art of War","Bronze Scales","Cursed Key","Orichalcum","Bag of Preparation","Chemical X","Ginger","PreservedInsect","Smiling Mask","Mercury Hourglass"],"potions_floor_usage":[36,50],"damage_taken":[{"damage":4.0,"enemies":"Jaw Worm","floor":1.0,"turns":3.0},{"damage":0.0,"enemies":"Cultist","floor":3.0,"turns":3.0},{"damage":0.0,"enemies":"Small Slimes","floor":5.0,"turns":3.0},{"damage":17.0,"enemies":"3 Sentries","floor":7.0,"turns":7.0},{"damage":0.0,"enemies":"Lagavulin","floor":10.0,"turns":8.0},{"damage":0.0,"enemies":"Blue Slaver","floor":14.0,"turns":3.0},{"damage":24.0,"enemies":"Slime Boss","floor":16.0,"turns":7.0},{"damage":1.0,"enemies":"Chosen","floor":18.0,"turns":4.0},{"damage":2.0,"enemies":"Shell Parasite","floor":19.0,"turns":3.0},{"damage":1.0,"enemies":"3 Cultists","floor":21.0,"turns":4.0},{"damage":0.0,"enemies":"Snecko","floor":22.0,"turns":4.0},{"damage":13.0,"enemies":"Book of Stabbing","floor":24.0,"turns":5.0},{"damage":12.0,"enemies":"Cultist and Chosen","floor":25.0,"turns":5.0},{"damage":1.0,"enemies":"Snake Plant","floor":28.0,"turns":4.0},{"damage":9.0,"enemies":"Chosen and Byrds","floor":29.0,"turns":4.0},{"damage":64,"enemies":"Collector","floor":33,"turns":15},{"damage":20,"enemies":"3 Darklings","floor":35,"turns":5},{"damage":14,"enemies":"Mysterious Sphere","floor":36,"turns":8},{"damage":2,"enemies":"Orb Walker","floor":38,"turns":2},{"damage":8,"enemies":"Nemesis","floor":41,"turns":7},{"damage":10,"enemies":"Giant Head","floor":42,"turns":6},{"damage":0,"enemies":"Maw","floor":45,"turns":5},{"damage":2,"enemies":"Transient","floor":46,"turns":5},{"damage":0,"enemies":"Spire Growth","floor":48,"turns":3},{"damage":58,"enemies":"Donu and Deca","floor":50,"turns":10}],"seed_played":"7224348064849339135","potions_obtained":[{"floor":3.0,"key":"BloodPotion"},{"floor":7.0,"key":"Dexterity Potion"},{"floor":10.0,"key":"GamblersBrew"},{"floor":16.0,"key":"SpeedPotion"},{"floor":29.0,"key":"PowerPotion"},{"floor":36,"key":"Energy Potion"}],"is_trial":true,"path_per_floor":["M","?","M","$","M","R","E","R","T","E","R","$","R","M","R","B",null,"M","M","?","M","M","R","E","M","T","R","M","M","R","$","R","B",null,"M","?","$","M","?","R","E","E","T","R","M","M","R","M","R","B"],"character_chosen":"IRONCLAD","items_purchased":["Bronze Scales","Chemical X","Cloak And Dagger"],"campfire_rested":0,"item_purchase_floors":[12,31,37],"current_hp_per_floor":[74,74,80,80,80,80,69,69,69,75,75,75,75,80,80,62,76,80,80,80,80,80,80,73,75,75,75,80,77,77,77,77,19,65,55,51,51,59,59,59,61,61,61,61,71,79,79,80,80,32],"gold":222,"neow_bonus":"","is_prod":false,"is_daily":false,"chose_seed":false,"campfire_upgraded":13,"win_rate":0,"timestamp":1539125570,"path_taken":["M","?","M","$","M","R","E","R","T","?","R","$","R","M","R","BOSS","M","M","?","?","M","R","E","M","T","R","M","?","R","$","R","BOSS","M","?","$","M","?","R","E","?","T","R","M","?","R","M","R","BOSS"],"build_version":"2018-10-04v2","purchased_purges":2,"victory":true,"max_hp_per_floor":[80,80,80,80,80,80,80,80,80,80,80,80,80,80,80,80,80,80,80,80,80,80,80,80,80,80,80,80,80,80,80,80,80,80,80,80,80,80,80,80,80,80,80,80,80,80,80,80,80,80],"card_choices":[{"not_picked":["Flex","Iron Wave"],"picked":"Dash","floor":0.0},{"not_picked":["Poisoned Stab","Second Wind"],"picked":"Clothesline","floor":0.0},{"not_picked":["Twin Strike","Tactician"],"picked":"Armaments","floor":0.0},{"not_picked":["Intimidate","Clothesline"],"picked":"Battle Trance","floor":0.0},{"not_picked":["Dagger Throw","Quick Slash"],"picked":"Blade Dance","floor":0.0},{"not_picked":["Choke","Crippling Poison"],"picked":"True Grit","floor":0.0},{"not_picked":["Outmaneuver","Iron Wave"],"picked":"Leg Sweep","floor":0.0},{"not_picked":["Burning Pact","Outmaneuver"],"picked":"Deadly Poison","floor":0.0},{"not_picked":["Thunderclap","Slice"],"picked":"Flechettes","floor":0.0},{"not_picked":["Combust","Evolve"],"picked":"Skewer","floor":0.0},{"not_picked":["Pommel Strike","Dagger Throw"],"picked":"Rampage","floor":0.0},{"not_picked":["Wild Strike","Flying Knee"],"picked":"Pummel","floor":0.0},{"not_picked":["Setup","Warcry"],"picked":"Deflect","floor":0.0},{"not_picked":["Anger","Skewer"],"picked":"Clash","floor":0.0},{"not_picked":["Rupture","Havoc"],"picked":"Poisoned Stab","floor":0.0},{"not_picked":["Choke","Bouncing Flask"],"picked":"Deflect","floor":1.0},{"not_picked":["Sucker Punch","Acrobatics"],"picked":"Dodge and Roll","floor":3.0},{"not_picked":["Acrobatics","Intimidate"],"picked":"Escape Plan","floor":5.0},{"not_picked":["Barricade","Combust"],"picked":"Footwork","floor":7.0},{"not_picked":["Calculated Gamble","Reflex"],"picked":"Bane","floor":10.0},{"not_picked":["Second Wind","Poisoned Stab","Power Through"],"picked":"SKIP","floor":14.0},{"not_picked":["Barricade","Juggernaut"],"picked":"Fiend Fire","floor":16.0},{"not_picked":["Headbutt","Underhanded Strike","Prepared"],"picked":"SKIP","floor":18.0},{"not_picked":["Searing Blow+1","Wild Strike","Flex+1"],"picked":"SKIP","floor":19.0},{"not_picked":["Whirlwind","Clash","Iron Wave"],"picked":"SKIP","floor":21.0},{"not_picked":["Dual Wield","Quick Slash+1"],"picked":"Acrobatics+1","floor":22.0},{"not_picked":["Heel Hook+1","Skewer","Corruption+1"],"picked":"SKIP","floor":24.0},{"not_picked":["Sucker Punch","Eviscerate"],"picked":"PiercingWail","floor":25.0},{"not_picked":["Combust","Twin Strike+1"],"picked":"Doppelganger","floor":28.0},{"not_picked":["Fire Breathing","Setup","Dagger Spray"],"picked":"SKIP","floor":29.0},{"not_picked":["Berserk","Burst"],"picked":"Envenom","floor":33},{"not_picked":["Flex","Bloodletting"],"picked":"Battle Trance+1","floor":35},{"not_picked":["Cleave","Havoc+1"],"picked":"Prepared+1","floor":36},{"not_picked":["Endless Agony","Underhanded Strike+1","Reflex+1"],"picked":"SKIP","floor":38},{"not_picked":["Escape Plan","Wild Strike"],"picked":"Backflip+1","floor":41},{"not_picked":["Blood for Blood+1","Iron Wave","Bludgeon"],"picked":"SKIP","floor":42},{"not_picked":["Body Slam","Slice+1"],"picked":"Calculated Gamble+1","floor":45},{"not_picked":["Flex+1","Dagger Spray"],"picked":"Bane+1","floor":46},{"not_picked":["Rage+1","Choke+1","Wild Strike"],"picked":"SKIP","floor":48}],"player_experience":941536,"relics_obtained":[{"floor":7.0,"key":"Blue Candle"},{"floor":9.0,"key":"Pen Nib"},{"floor":10.0,"key":"Art of War"},{"floor":24.0,"key":"Orichalcum"},{"floor":26.0,"key":"Bag of Preparation"},{"floor":36,"key":"Ginger"},{"floor":41,"key":"PreservedInsect"},{"floor":42,"key":"Smiling Mask"},{"floor":43,"key":"Mercury Hourglass"}],"event_choices":[{"event_name":"WeMeetAgain","player_choice":"Card","floor":2.0,"damage_taken":0.0},{"event_name":"Back to Basics","player_choice":"Elegance","floor":20.0,"damage_taken":0.0},{"event_name":"Mysterious Sphere","player_choice":"Fight","floor":36,"damage_taken":0},{"event_name":"Match and Keep!","player_choice":"1 cards matched","floor":39,"damage_taken":0}],"is_beta":false,"boss_relics":[{"not_picked":["Velvet Choker","Eternal Feather"],"picked":"Cursed Key"},{"not_picked":["Snecko Eye","White Beast Statue"],"picked":"Black Blood"}],"items_purged_floors":[4,37],"is_endless":false,"potions_floor_spawned":[3,7,10,16,19,22,24,29,33,36,42,46,48],"ascension_level":9}