{"path_per_floor":["M","M","?","?","?","R","E","R","T","M","M","M","M","M","R","B",null,"M","?","?","?","$","R","?","R","T","M","E","?","?","M","R","B",null,"M","$","?","M","M"],"character_chosen":"DEFECT","items_purchased":["Juzu Bracelet","Thread and Needle","Undo"],"gold_per_floor":[115,128,303,378,328,328,356,356,356,372,386,396,414,429,429,529,529,547,547,547,547,19,19,19,19,19,38,63,94,94,105,105,205,205,219,46,46,58,78,78],"floor_reached":40,"campfire_rested":5,"playtime":5791,"current_hp_per_floor":[68,60,60,49,49,71,10,34,34,23,18,3,3,1,25,8,82,64,64,48,48,48,48,48,74,74,74,44,22,22,22,48,13,87,55,55,55,55,49,0],"items_purged":["Defend_B","Doubt"],"gold":78,"score":406,"play_id":"b7327800-7b7f-441b-911d-9412a35f1eef","local_time":"20180429232055","is_prod":false,"is_daily":false,"chose_seed":false,"is_ascension_mode":false,"campfire_upgraded":1,"timestamp":1525036855,"path_taken":["M","M","?","?","?","R","E","R","T","M","M","M","M","?","R","BOSS","M","?","?","?","$","R","?","R","T","M","E","?","?","M","R","BOSS","M","$","?","M","M","E"],"build_version":"2018-04-27v3","seed_source_timestamp":0,"purchased_purges":2,"victory":false,"master_deck":["Strike_B+1","Strike_B+1","Strike_B+1","Defend_B+1","Defend_B+1","Defend_B+1","Zap+1","Dualcast","Capacitor","Doom and Gloom","Seek","Reprogram","Ball Lightning","Ball Lightning","Thunder Strike+1","Zap+1","Defragment+1","Undo","Undo+1"],"max_hp_per_floor":[75,75,75,75,75,75,82,82,82,82,82,82,82,82,82,82,82,82,82,87,87,87,87,87,87,87,87,87,87,87,87,87,87,87,87,87,87,87,87,87],"relics":["Cracked Core","Strawberry","Toolbox","Black Star","Happy Flower","Juzu Bracelet","Thread and Needle","Frozen Egg 2","Mummified Hand","Molten Egg 2","Red Mask","Nuclear Battery"],"card_choices":[{"not_picked":["Self Repair","Stack"],"picked":"Capacitor","floor":1.0},{"not_picked":["Skim","FTL"],"picked":"Doom and Gloom","floor":2.0},{"not_picked":["Hologram","Rebound"],"picked":"Seek","floor":7.0},{"not_picked":["Tempest","Barrage"],"picked":"Reprogram","floor":12.0},{"not_picked":["Leap","Aggregate"],"picked":"Ball Lightning","floor":13.0},{"not_picked":["Chill","Rebound"],"picked":"Ball Lightning","floor":14.0},{"not_picked":["Seek","Fusion"],"picked":"Thunder Strike","floor":16.0},{"not_picked":["Barrage","Coolheaded"],"picked":"Defragment","floor":35},{"not_picked":["Darkness","Melter"],"picked":"Undo","floor":38}],"player_experience":3659,"potions_floor_usage":[31,33,38],"damage_taken":[{"damage":7.0,"enemies":"Small Slimes","floor":1.0,"turns":3.0},{"damage":8.0,"enemies":"2 Louse","floor":2.0,"turns":3.0},{"damage":68.0,"enemies":"Gremlin Nob","floor":7.0,"turns":6.0},{"damage":11.0,"enemies":"Jaw Worm","floor":10.0,"turns":3.0},{"damage":5.0,"enemies":"Large Slime","floor":11.0,"turns":5.0},{"damage":15.0,"enemies":"Exordium Thugs","floor":12.0,"turns":5.0},{"damage":0.0,"enemies":"3 Louse","floor":13.0,"turns":2.0},{"damage":2.0,"enemies":"Large Slime","floor":14.0,"turns":4.0},{"damage":17.0,"enemies":"Slime Boss","floor":16.0,"turns":8.0},{"damage":18.0,"enemies":"Chosen","floor":18.0,"turns":3.0},{"damage":0,"enemies":"Spheric Guardian","floor":27,"turns":3},{"damage":30,"enemies":"Gremlin Leader","floor":28,"turns":6},{"damage":22,"enemies":"Masked Bandits","floor":29,"turns":4},{"damage":0,"enemies":"Snake Plant","floor":31,"turns":4},{"damage":35,"enemies":"Automaton","floor":33,"turns":6},{"damage":32,"enemies":"3 Darklings","floor":35,"turns":4},{"damage":0,"enemies":"Flame Bruiser 1 Orb","floor":38,"turns":3},{"damage":6,"enemies":"3 Darklings","floor":39,"turns":5},{"damage":54,"enemies":"Nemesis","floor":40,"turns":5}],"event_choices":[{"event_name":"Liars Game","player_choice":"agreed","floor":3.0,"damage_taken":0.0},{"event_name":"World of Goop","player_choice":"Gather Gold","floor":4.0,"damage_taken":0.0},{"event_name":"The Cleric","player_choice":"Card Removal","floor":5.0,"damage_taken":0.0},{"event_name":"The Mausoleum","player_choice":"Yes","floor":19.0,"damage_taken":0.0},{"event_name":"Forgotten Altar","player_choice":"Shed Blood","floor":20,"damage_taken":0},{"event_name":"Drug Dealer","player_choice":"Ignored","floor":21,"damage_taken":0},{"event_name":"Back to Basics","player_choice":"Simplicity","floor":24,"damage_taken":0},{"event_name":"Masked Bandits","player_choice":"Fought over 63 gold","floor":29,"damage_taken":0},{"event_name":"Duplicator","player_choice":"One dupe","floor":30,"damage_taken":0},{"event_name":"Tomb of Lord Red Mask","player_choice":"Ignored","floor":37,"damage_taken":0}],"boss_relics":[{"not_picked":["Orrery","Runic Pyramid"],"picked":"Nuclear Battery"}],"potions_floor_spawned":[1,11,13,16,18,28,35,38],"seed_played":"-6408180665641841070","killed_by":"Nemesis","ascension_level":0,"is_trial":false}