{"gold_per_floor":[110,9,26,36,50,80,80,80,80,97,107,137,137,137,137,137],"floor_reached":16,"playtime":596,"items_purged":["Strike_B"],"score":102,"play_id":"5fc0e93d-60c5-4995-977a-a0d1caa449de","local_time":"20190129204700","is_ascension_mode":false,"campfire_choices":[{"floor":13,"key":"REST"},{"floor":15,"key":"REST"}],"neow_cost":"NONE","seed_source_timestamp":88444680472225,"circlet_count":0,"master_deck":["Strike_B","Strike_B","Defend_B","Defend_B","Defend_B","Zap","Dualcast","Tempest","Steam","Sweeping Beam","Ball Lightning","Hologram","Lockon","Sweeping Beam","Defragment","Redo","Barrage","Barrage","Sweeping Beam"],"relics":["Cracked Core","Dream Catcher","Regal Pillow","Odd Mushroom","Calipers"],"potions_floor_usage":[6,12,12],"damage_taken":[{"damage":1,"enemies":"Cultist","floor":1,"turns":3},{"damage":3,"enemies":"Small Slimes","floor":3,"turns":3},{"damage":6,"enemies":"Jaw Worm","floor":4,"turns":2},{"damage":0,"enemies":"Large Slime","floor":5,"turns":3},{"damage":18,"enemies":"Lagavulin","floor":6,"turns":6},{"damage":13,"enemies":"2 Fungi Beasts","floor":10,"turns":3},{"damage":11,"enemies":"3 Louse","floor":11,"turns":2},{"damage":18,"enemies":"The Mushroom Lair","floor":12,"turns":3},{"damage":65,"enemies":"Hexaghost","floor":16,"turns":9}],"seed_played":"692170768484895205","potions_obtained":[{"floor":4,"key":"EssenceOfSteel"},{"floor":5,"key":"Strength Potion"},{"floor":10,"key":"FairyPotion"},{"floor":11,"key":"Strength Potion"}],"is_trial":false,"path_per_floor":["M","$","M","M","M","E","?","T","T","M","M","?","R","?","R","B"],"character_chosen":"DEFECT","items_purchased":["Sweeping Beam"],"campfire_rested":2,"item_purchase_floors":[2],"current_hp_per_floor":[74,74,71,65,65,47,40,40,40,27,16,7,44,37,74,9],"gold":137,"neow_bonus":"TRANSFORM_CARD","is_prod":false,"is_daily":false,"chose_seed":false,"campfire_upgraded":0,"win_rate":0,"timestamp":1548748020,"path_taken":["M","?","M","M","M","E","?","?","T","M","M","?","R","?","R","BOSS"],"build_version":"2019-01-23","purchased_purges":1,"victory":false,"max_hp_per_floor":[75,75,75,75,75,75,75,75,75,75,75,75,75,75,75,75],"card_choices":[{"not_picked":["Stack","Leap"],"picked":"Steam","floor":1},{"not_picked":["Go for the Eyes","Heatsinks"],"picked":"Ball Lightning","floor":3},{"not_picked":["Streamline","Coolheaded"],"picked":"Hologram","floor":4},{"not_picked":["Force Field","Darkness"],"picked":"Lockon","floor":5},{"not_picked":["Turbo","Reinforced Body"],"picked":"Sweeping Beam","floor":6},{"not_picked":["Chaos","Streamline"],"picked":"Defragment","floor":10},{"not_picked":["Leap","Cold Snap"],"picked":"Redo","floor":11},{"not_picked":["Rip and Tear","Redo"],"picked":"Barrage","floor":12},{"not_picked":["Coolheaded","Sweeping Beam"],"picked":"Barrage","floor":13},{"not_picked":["Consume","Seek"],"picked":"Sweeping Beam","floor":15}],"player_experience":603526,"relics_obtained":[{"floor":6,"key":"Dream Catcher"},{"floor":9,"key":"Regal Pillow"},{"floor":12,"key":"Odd Mushroom"}],"event_choices":[{"cards_removed":["Strike_B"],"damage_healed":0,"gold_gain":0,"player_choice":"Card Removal","damage_taken":7,"max_hp_gain":0,"max_hp_loss":0,"event_name":"Golden Wing","floor":7,"gold_loss":0},{"damage_healed":0,"gold_gain":0,"player_choice":"Fought Mushrooms","damage_taken":0,"max_hp_gain":0,"max_hp_loss":0,"event_name":"Mushrooms","floor":12,"gold_loss":0},{"damage_healed":0,"gold_gain":0,"player_choice":"Success","damage_taken":7,"relics_obtained":["Calipers"],"max_hp_gain":0,"max_hp_loss":0,"event_name":"Scrap Ooze","floor":14,"gold_loss":0}],"is_beta":false,"boss_relics":[],"items_purged_floors":[2],"is_endless":false,"potions_floor_spawned":[4,5,10,11],"killed_by":"Hexaghost","ascension_level":0}