{"path_per_floor":["M","$","$","M","M","E","R","M","T","?","M","R","M","M","R","B",null,"M","$","M","?","M","R","M","M","T","M","$","R","$","?","R"],"character_chosen":"IRONCLAD","items_purchased":["Gremlin Horn"],"gold_per_floor":[113,38,38,53,70,102,102,120,120,120,138,138,157,171,171,268,268,282,42,47,47,61,61,78,89,115,130,30,30,30,30,30],"floor_reached":33,"campfire_rested":2,"playtime":1657,"current_hp_per_floor":[80,80,80,79,80,62,62,67,67,72,73,73,64,68,68,29,80,80,80,78,78,80,80,41,26,26,18,18,42,42,68,80],"items_purged":["Strike_R","Strike_R"],"gold":30,"score":276,"play_id":"a19115c6-b136-4ddc-86f8-ee94ae2ca049","local_time":"20180315094253","is_prod":false,"is_daily":false,"is_ascension_mode":true,"campfire_upgraded":4,"timestamp":1521103373,"path_taken":["M","?","$","M","M","E","R","M","T","?","M","R","?","M","R","BOSS","M","?","M","?","M","R","M","M","T","M","$","R","?","?","R","BOSS"],"build_version":"2018-03-09","purchased_purges":2,"victory":false,"master_deck":["Strike_R","Strike_R","Strike_R","Defend_R","Defend_R","Defend_R","Defend_R","Bash+1","Clothesline","Ghostly Armor+1","Infernal Blade+1","Uppercut+1","Twin Strike","True Grit+1","Impervious","Body Slam+1","Disarm"],"max_hp_per_floor":[80,80,80,80,80,80,80,80,80,80,80,80,80,80,80,80,80,80,80,80,80,80,80,80,80,80,80,80,80,80,80,80],"relics":["Burning Blood","Centennial Puzzle","Gambling Chip","Philosopher\u0027s Stone","Gremlin Horn","Prayer Wheel"],"card_choices":[{"not_picked":["Blood for Blood","Wild Strike"],"picked":"Clothesline"},{"not_picked":["Warcry","Burning Pact"],"picked":"Ghostly Armor"},{"not_picked":["Bloodletting","Clash"],"picked":"Infernal Blade"},{"not_picked":["Blood for Blood","Battle Trance"],"picked":"Cleave"},{"not_picked":["Thunderclap","Wild Strike"],"picked":"Uppercut"},{"not_picked":["Clothesline","Headbutt"],"picked":"Twin Strike"},{"not_picked":["Armaments","Rupture"],"picked":"True Grit"},{"not_picked":["Berserk","Dark Embrace"],"picked":"Impervious"},{"not_picked":["Evolve","Clothesline"],"picked":"Body Slam"},{"not_picked":["Sword Boomerang","Feel No Pain"],"picked":"Disarm"}],"player_experience":89522,"potions_floor_usage":[8,11,16,20,20,24,27],"damage_taken":[{"damage":1,"enemies":"Cultist","floor":1,"turns":3},{"damage":7,"enemies":"Jaw Worm","floor":4,"turns":3},{"damage":3,"enemies":"Small Slimes","floor":5,"turns":4},{"damage":24,"enemies":"Gremlin Nob","floor":6,"turns":6},{"damage":1,"enemies":"Gremlin Gang","floor":8,"turns":6},{"damage":5,"enemies":"Red Slaver","floor":11,"turns":3},{"damage":15,"enemies":"2 Fungi Beasts","floor":13,"turns":4},{"damage":2,"enemies":"3 Louse","floor":14,"turns":3},{"damage":45,"enemies":"Slime Boss","floor":16,"turns":14},{"damage":1,"enemies":"Chosen","floor":18,"turns":5},{"damage":8,"enemies":"2 Thieves","floor":20,"turns":5},{"damage":4,"enemies":"Snecko","floor":22,"turns":4},{"damage":45,"enemies":"Slaver and Parasite","floor":24,"turns":11},{"damage":21,"enemies":"Centurion and Healer","floor":25,"turns":9},{"damage":14,"enemies":"Cultist and Chosen","floor":27,"turns":5},{"damage":82,"enemies":"Automaton","floor":33,"turns":8}],"event_choices":[{"event_name":"Bonfire Elementals","player_choice":"COMMON","floor":10,"damage_taken":0},{"event_name":"Vampires","player_choice":"Ignored","floor":21,"damage_taken":0},{"event_name":"The Library","player_choice":"Heal","floor":31,"damage_taken":0}],"boss_relics":[{"not_picked":["White Beast Statue","Runic Dome"],"picked":"Philosopher\u0027s Stone"}],"potions_floor_spawned":[4,6,14,16,18,20,25],"seed_played":"-1322180700393793165","killed_by":"Automaton","ascension_level":2,"is_trial":false}