{"gold_per_floor":[113,113,13,27,27,27,45,120,143,164,164,164,184,84,84,213,213,232,247,247,267,282,282,282,282,282,303,303,15,15,39,39,165,165,178,58,58,0,999,999,999,999,1026,1026,1045,1045,1045,1378,1378,1378],"floor_reached":50,"playtime":1093,"items_purged":["Defend_B","Pain","Writhe","Redo+1"],"score":476,"play_id":"fbf3ece6-5523-4468-afa2-885e9f576e3a","local_time":"20190131034538","is_ascension_mode":false,"campfire_choices":[{"data":"Hologram","floor":6,"key":"SMITH"},{"data":"Zap","floor":11,"key":"SMITH"},{"data":"Redo","floor":15,"key":"SMITH"},{"data":"Redo","floor":23,"key":"SMITH"},{"data":"Lockon","floor":28,"key":"SMITH"},{"data":"Storm","floor":32,"key":"SMITH"},{"data":"Lockon","floor":40,"key":"SMITH"},{"data":"Discovery","floor":42,"key":"SMITH"},{"data":"Seek","floor":44,"key":"SMITH"},{"floor":49,"key":"REST"}],"neow_cost":"NONE","seed_source_timestamp":8388724208373,"circlet_count":0,"master_deck":["Strike_B+1","Strike_B","Defend_B","Defend_B+1","Zap+1","Dualcast","Doom and Gloom","Auto Shields","Hologram+1","Tempest+1","Doom and Gloom","Redo+1","Ball Lightning","Biased Cognition","Capacitor","Biased Cognition","Undo+1","White Noise","Lockon+1","Storm+1","Lockon+1","Redo","Ball Lightning+1","Seek+1","Ball Lightning","Normality","Normality","Good Instincts","Discovery+1","Violence","Regret","Doom and Gloom+1","Writhe"],"relics":["Cracked Core","Oddly Smooth Stone","WarpedTongs","Cursed Key","The Courier","Juzu Bracelet","Snecko Eye","Red Mask","Dream Catcher"],"potions_floor_usage":[16,16,33,33,50],"damage_taken":[{"damage":0,"enemies":"2 Louse","floor":1,"turns":2},{"damage":0,"enemies":"Small Slimes","floor":4,"turns":3},{"damage":0,"enemies":"Cultist","floor":7,"turns":3},{"damage":1,"enemies":"Red Slaver","floor":10,"turns":3},{"damage":0,"enemies":"3 Louse","floor":13,"turns":2},{"damage":11,"enemies":"Hexaghost","floor":16,"turns":5},{"damage":11,"enemies":"2 Thieves","floor":18,"turns":3},{"damage":0,"enemies":"3 Byrds","floor":19,"turns":2},{"damage":9,"enemies":"Snecko","floor":21,"turns":4},{"damage":0,"enemies":"3 Cultists","floor":22,"turns":3},{"damage":0,"enemies":"Snake Plant","floor":27,"turns":2},{"damage":1,"enemies":"Centurion and Healer","floor":31,"turns":4},{"damage":44,"enemies":"Automaton","floor":33,"turns":8},{"damage":3,"enemies":"Orb Walker","floor":35,"turns":2},{"damage":34,"enemies":"3 Darklings","floor":45,"turns":4},{"damage":65,"enemies":"Time Eater","floor":50,"turns":10}],"seed_played":"-3442093400277707777","potions_obtained":[{"floor":4,"key":"Poison Potion"},{"floor":7,"key":"Regen Potion"},{"floor":10,"key":"LiquidBronze"},{"floor":18,"key":"Weak Potion"},{"floor":21,"key":"Swift Potion"}],"is_trial":false,"path_per_floor":["M","?","$","M","?","R","M","?","T","M","R","?","M","$","R","B",null,"M","M","?","M","M","R","?","?","T","M","R","$","$","M","R","B",null,"M","$","?","?","?","R","?","R","T","R","M","?","?","?","R","B"],"character_chosen":"DEFECT","items_purchased":["Hologram","Juzu Bracelet","Doom and Gloom","Redo"],"campfire_rested":1,"item_purchase_floors":[3,29,29,29],"current_hp_per_floor":[75,60,60,60,60,60,60,49,49,48,48,48,48,48,48,37,69,58,58,58,49,49,49,49,49,49,49,49,49,49,48,48,18,69,66,66,66,66,66,66,56,56,56,56,22,22,39,39,59,0],"gold":1378,"neow_bonus":"TRANSFORM_CARD","is_prod":false,"is_daily":false,"chose_seed":false,"campfire_upgraded":9,"win_rate":0,"timestamp":1548927938,"path_taken":["M","?","$","M","?","R","M","?","T","M","R","?","M","$","R","BOSS","M","M","?","M","?","R","?","?","T","?","R","?","$","M","R","BOSS","M","$","?","?","?","R","?","R","T","R","M","?","?","?","R","BOSS"],"build_version":"2019-01-23","purchased_purges":4,"victory":false,"max_hp_per_floor":[75,75,75,75,69,69,69,69,69,69,69,69,69,69,69,69,69,69,69,69,69,69,69,69,69,69,69,69,69,69,69,69,69,69,69,69,69,69,69,69,69,69,69,69,69,69,69,69,69,69],"card_choices":[{"not_picked":["Coolheaded","Streamline"],"picked":"Auto Shields","floor":1},{"not_picked":["Self Repair","Turbo"],"picked":"Tempest","floor":4},{"not_picked":["Ball Lightning","Barrage"],"picked":"Doom and Gloom","floor":7},{"not_picked":["Rebound","Leap"],"picked":"Redo","floor":10},{"not_picked":["Double Energy","Force Field"],"picked":"Ball Lightning","floor":13},{"not_picked":["Creative AI","All For One"],"picked":"Biased Cognition","floor":16},{"not_picked":["Rebound+1","Beam Cell"],"picked":"Capacitor","floor":18},{"not_picked":["Leap","Undo"],"picked":"Redo","floor":19},{"not_picked":["Static Discharge","Leap"],"picked":"Undo+1","floor":21},{"not_picked":["Rebound+1","Streamline+1"],"picked":"White Noise","floor":22},{"not_picked":["Leap","Blizzard"],"picked":"Lockon","floor":27},{"not_picked":["Coolheaded","FTL+1"],"picked":"Ball Lightning+1","floor":31},{"not_picked":["Amplify","Buffer"],"picked":"Seek","floor":33},{"not_picked":["Sunder","Barrage"],"picked":"Ball Lightning","floor":35},{"not_picked":["Trip","Swift Strike"],"picked":"Good Instincts","floor":41},{"not_picked":["HandOfGreed","Trip"],"picked":"Discovery","floor":41},{"not_picked":["Madness","Secret Weapon"],"picked":"Violence","floor":41},{"not_picked":["Sweeping Beam","Stack+1"],"picked":"Doom and Gloom+1","floor":45}],"player_experience":679881,"relics_obtained":[{"floor":9,"key":"Oddly Smooth Stone"},{"floor":26,"key":"The Courier"},{"floor":43,"key":"Dream Catcher"}],"event_choices":[{"damage_healed":0,"gold_gain":0,"player_choice":"Entered Light","damage_taken":15,"max_hp_gain":0,"max_hp_loss":0,"event_name":"Shining Light","floor":2,"gold_loss":0,"cards_upgraded":["Strike_B","Defend_B"]},{"damage_healed":0,"gold_gain":0,"player_choice":"Lose Max HP","damage_taken":0,"relics_obtained":["Golden Idol"],"max_hp_gain":0,"max_hp_loss":6,"event_name":"Golden Idol","floor":5,"gold_loss":0},{"damage_healed":0,"gold_gain":75,"player_choice":"Gather Gold","damage_taken":11,"max_hp_gain":0,"max_hp_loss":0,"event_name":"World of Goop","floor":8,"gold_loss":0},{"damage_healed":0,"gold_gain":0,"player_choice":"Rummage","damage_taken":0,"relics_obtained":["WarpedTongs"],"max_hp_gain":0,"max_hp_loss":0,"event_name":"Accursed Blacksmith","floor":12,"gold_loss":0,"cards_obtained":["Pain"]},{"damage_healed":0,"gold_gain":0,"player_choice":"Copied","damage_taken":0,"max_hp_gain":0,"max_hp_loss":0,"event_name":"Duplicator","floor":20,"gold_loss":0,"cards_obtained":["Biased Cognition"]},{"damage_healed":0,"gold_gain":0,"cards_transformed":["Strike_B","Defend_B"],"player_choice":"Became Test Subject","damage_taken":0,"max_hp_gain":0,"max_hp_loss":0,"event_name":"Drug Dealer","floor":24,"gold_loss":0,"cards_obtained":["Lockon","Storm"]},{"damage_healed":0,"gold_gain":0,"player_choice":"Upgraded","damage_taken":0,"max_hp_gain":0,"max_hp_loss":0,"event_name":"Upgrade Shrine","floor":25,"gold_loss":0,"cards_upgraded":["Tempest"]},{"cards_removed":["Doom and Gloom"],"damage_healed":0,"gold_gain":0,"player_choice":"Removed Attack","damage_taken":0,"max_hp_gain":0,"max_hp_loss":0,"event_name":"Falling","floor":37,"gold_loss":0},{"damage_healed":0,"gold_gain":0,"player_choice":"Paid","damage_taken":0,"relics_obtained":["Red Mask"],"max_hp_gain":0,"max_hp_loss":0,"event_name":"Tomb of Lord Red Mask","floor":38,"gold_loss":58},{"damage_healed":0,"gold_gain":999,"player_choice":"Gold","damage_taken":0,"max_hp_gain":0,"max_hp_loss":0,"event_name":"MindBloom","floor":39,"gold_loss":0,"cards_obtained":["Normality","Normality"]},{"damage_healed":0,"gold_gain":0,"player_choice":"Memory 3","damage_taken":10,"max_hp_gain":0,"max_hp_loss":0,"event_name":"SensoryStone","floor":41,"gold_loss":0},{"damage_healed":0,"gold_gain":0,"player_choice":"Ignored","damage_taken":0,"max_hp_gain":0,"max_hp_loss":0,"event_name":"Mysterious Sphere","floor":46,"gold_loss":0},{"damage_healed":17,"gold_gain":0,"player_choice":"Writhe","damage_taken":0,"max_hp_gain":0,"max_hp_loss":0,"event_name":"Winding Halls","floor":47,"gold_loss":0,"cards_obtained":["Writhe"]},{"damage_healed":0,"gold_gain":333,"player_choice":"Gave Idol","damage_taken":0,"max_hp_gain":0,"max_hp_loss":0,"event_name":"The Moai Head","floor":48,"relics_lost":["Golden Idol"],"gold_loss":0}],"is_beta":false,"boss_relics":[{"not_picked":["Pandora\u0027s Box","Philosopher\u0027s Stone"],"picked":"Cursed Key"},{"not_picked":["Fusion Hammer","Tiny House"],"picked":"Snecko Eye"}],"items_purged_floors":[3,14,29,36],"is_endless":false,"potions_floor_spawned":[4,7,10,18,21],"killed_by":"Time Eater","ascension_level":0}