{"gold_per_floor":[114,114,133,146,158,158,171,171,171,171,171,197,211,244,244,344,344,362,362,362,362,362,362,378,378,378,378,389,389,267,285,285,386,386,400,400,419,419,419,419,434,434,434,194,208,208,261,43,43,43],"floor_reached":51,"playtime":2419,"items_purged":["Decay","Writhe","Injury"],"score":899,"play_id":"15c0fcc7-8b7c-4227-8ef4-1d0caec73e07","local_time":"20190117205531","is_ascension_mode":true,"campfire_choices":[{"data":"Glass Knife","floor":6,"key":"SMITH"},{"data":"Blade Dance","floor":8,"key":"SMITH"},{"data":"Slice","floor":10,"key":"SMITH"},{"data":"Choke","floor":15,"key":"SMITH"},{"data":"Envenom","floor":23,"key":"SMITH"},{"data":"Finisher","floor":25,"key":"SMITH"},{"data":"Leg Sweep","floor":27,"key":"SMITH"},{"data":"Slice","floor":29,"key":"SMITH"},{"data":"Riddle With Holes","floor":32,"key":"SMITH"},{"floor":40,"key":"REST"},{"floor":42,"key":"REST"},{"data":"After Image","floor":46,"key":"SMITH"},{"data":"Neutralize","floor":49,"key":"SMITH"}],"neow_cost":"TEN_PERCENT_HP_LOSS","seed_source_timestamp":3288108652684,"circlet_count":0,"master_deck":["Defend_G+1","Defend_G+1","Defend_G+1","Defend_G+1","Strike_G+1","Strike_G+1","Strike_G+1","Survivor+1","Neutralize+1","Dodge and Roll+1","Blade Dance+1","Slice+1","Glass Knife+1","Choke+1","Leg Sweep+1","Slice+1","Envenom+1","Necronomicurse","Finisher+1","Choke+1","Riddle With Holes+1","Blade Dance+1","After Image+1","Predator","Parasite","Backflip+1"],"relics":["Ring of the Snake","Mango","Happy Flower","Omamori","Mummified Hand","Calling Bell","Potion Belt","Gremlin Horn","Thread and Needle","MutagenicStrength","Necronomicon","The Courier","Busted Crown","Paper Crane","ClockworkSouvenir","Dead Branch","War Paint"],"potions_floor_usage":[12,14,14,33,50,50,50,50],"damage_taken":[{"damage":1,"enemies":"2 Louse","floor":1,"turns":5},{"damage":2,"enemies":"Small Slimes","floor":3,"turns":5},{"damage":0,"enemies":"Cultist","floor":4,"turns":4},{"damage":6,"enemies":"Exordium Thugs","floor":5,"turns":5},{"damage":0,"enemies":"Blue Slaver","floor":7,"turns":4},{"damage":10,"enemies":"3 Sentries","floor":12,"turns":4},{"damage":2,"enemies":"Looter","floor":13,"turns":2},{"damage":1,"enemies":"Lagavulin","floor":14,"turns":5},{"damage":4,"enemies":"Slime Boss","floor":16,"turns":10},{"damage":0,"enemies":"3 Byrds","floor":18,"turns":8},{"damage":0,"enemies":"Shell Parasite","floor":24,"turns":1},{"damage":0,"enemies":"Snake Plant","floor":28,"turns":1},{"damage":0,"enemies":"Centurion and Healer","floor":31,"turns":2},{"damage":54,"enemies":"Automaton","floor":33,"turns":7},{"damage":49,"enemies":"3 Shapes","floor":35,"turns":3},{"damage":0,"enemies":"Orb Walker","floor":37,"turns":1},{"damage":0,"enemies":"Writhing Mass","floor":41,"turns":3},{"damage":20,"enemies":"4 Shapes","floor":45,"turns":1},{"damage":0,"enemies":"2 Orb Walkers","floor":47,"turns":3},{"damage":0,"enemies":"Donu and Deca","floor":50,"turns":5}],"seed_played":"5253333160127679401","potions_obtained":[{"floor":7,"key":"Explosive Potion"},{"floor":13,"key":"Poison Potion"},{"floor":14,"key":"Fruit Juice"},{"floor":16,"key":"EssenceOfSteel"},{"floor":18,"key":"Swift Potion"},{"floor":28,"key":"FearPotion"},{"floor":33,"key":"AttackPotion"},{"floor":37,"key":"GhostInAJar"},{"floor":41,"key":"GamblersBrew"}],"is_trial":false,"path_per_floor":["M","?","M","M","M","R","M","R","T","R","?","E","M","E","R","B",null,"M","?","?","?","?","R","M","R","T","R","M","R","$","M","R","B",null,"M","?","M","?","?","R","M","R","T","$","M","R","?","$","R","B",null],"character_chosen":"THE_SILENT","items_purchased":["Riddle With Holes","ClockworkSouvenir","War Paint"],"campfire_rested":2,"item_purchase_floors":[30,44,48],"current_hp_per_floor":[76,76,74,74,68,68,68,68,68,68,68,58,56,60,60,56,76,76,76,60,60,60,60,60,60,60,60,60,60,60,60,60,6,63,14,35,35,35,35,59,59,82,82,82,62,62,62,62,62,62],"gold":43,"neow_bonus":"ONE_RARE_RELIC","is_prod":false,"is_daily":false,"chose_seed":false,"campfire_upgraded":11,"win_rate":0,"timestamp":1547754931,"path_taken":["M","?","M","M","M","R","M","R","T","R","?","E","?","E","R","BOSS","M","?","?","?","?","R","M","R","T","R","?","R","?","M","R","BOSS","M","?","M","?","?","R","M","R","T","$","M","R","?","$","R","BOSS"],"build_version":"2019-01-10","purchased_purges":3,"victory":true,"max_hp_per_floor":[77,77,77,77,77,77,77,77,77,77,77,77,77,82,82,82,82,82,82,82,82,82,82,82,82,82,82,82,82,82,82,82,82,82,82,82,82,82,82,82,82,82,82,82,82,82,82,82,82,82],"card_choices":[{"not_picked":["Acrobatics","Flying Knee"],"picked":"Dodge and Roll","floor":1},{"not_picked":["Crippling Poison","Bane"],"picked":"Blade Dance","floor":3},{"not_picked":["Quick Slash","Eviscerate"],"picked":"Slice","floor":4},{"not_picked":["Blur","Quick Slash"],"picked":"Glass Knife","floor":5},{"not_picked":["Outmaneuver","Well Laid Plans","Prepared"],"picked":"SKIP","floor":7},{"not_picked":["Concentrate","Escape Plan"],"picked":"Choke","floor":12},{"not_picked":["Deflect","Concentrate"],"picked":"Leg Sweep","floor":13},{"not_picked":["Acrobatics","Dagger Throw"],"picked":"Slice","floor":14},{"not_picked":["Grand Finale","Unload"],"picked":"Envenom","floor":16},{"not_picked":["Choke","Bouncing Flask","Bane"],"picked":"SKIP","floor":18},{"not_picked":["Backflip","Riddle With Holes+1"],"picked":"Finisher","floor":24},{"not_picked":["Accuracy+1","Dagger Spray"],"picked":"Choke+1","floor":28},{"not_picked":["Outmaneuver","Sucker Punch"],"picked":"Blade Dance+1","floor":31},{"not_picked":["Tools of the Trade","Doppelganger"],"picked":"After Image","floor":33},{"not_picked":["Prepared"],"picked":"SKIP","floor":35},{"not_picked":[],"picked":"Predator","floor":37},{"not_picked":["Poisoned Stab"],"picked":"SKIP","floor":41},{"not_picked":[],"picked":"Backflip+1","floor":45}],"player_experience":204769,"relics_obtained":[{"floor":9,"key":"Happy Flower"},{"floor":12,"key":"Omamori"},{"floor":14,"key":"Mummified Hand"},{"floor":17,"key":"Potion Belt"},{"floor":17,"key":"Gremlin Horn"},{"floor":17,"key":"Thread and Needle"},{"floor":20,"key":"Necronomicon"},{"floor":26,"key":"The Courier"},{"floor":43,"key":"Paper Crane"},{"floor":47,"key":"Dead Branch"}],"event_choices":[{"cards_removed":["Strike_G"],"damage_healed":0,"gold_gain":0,"player_choice":"Forget","damage_taken":0,"max_hp_gain":0,"max_hp_loss":0,"event_name":"Living Wall","floor":2,"gold_loss":0},{"cards_removed":["Strike_G"],"damage_healed":0,"gold_gain":0,"player_choice":"Offered Basic","damage_taken":0,"max_hp_gain":0,"max_hp_loss":0,"event_name":"Bonfire Elementals","floor":11,"gold_loss":0},{"damage_healed":0,"gold_gain":0,"player_choice":"Inject Mutagens","damage_taken":0,"relics_obtained":["MutagenicStrength"],"max_hp_gain":0,"max_hp_loss":0,"event_name":"Drug Dealer","floor":19,"gold_loss":0},{"damage_healed":0,"gold_gain":0,"player_choice":"Obtained Book","damage_taken":16,"max_hp_gain":0,"max_hp_loss":0,"event_name":"Cursed Tome","floor":20,"gold_loss":0},{"damage_healed":0,"gold_gain":0,"player_choice":"Simplicity","damage_taken":0,"max_hp_gain":0,"max_hp_loss":0,"event_name":"Back to Basics","floor":21,"gold_loss":0,"cards_upgraded":["Defend_G","Defend_G","Defend_G","Defend_G","Defend_G","Strike_G","Strike_G","Strike_G"]},{"damage_healed":0,"gold_gain":0,"player_choice":"Smashed Altar","damage_taken":0,"max_hp_gain":0,"max_hp_loss":0,"event_name":"Forgotten Altar","floor":22,"gold_loss":0,"cards_obtained":["Decay"]},{"damage_healed":21,"gold_gain":0,"player_choice":"Writhe","damage_taken":0,"max_hp_gain":0,"max_hp_loss":0,"event_name":"Winding Halls","floor":36,"gold_loss":0,"cards_obtained":["Writhe"]},{"cards_removed":["Defend_G"],"damage_healed":0,"gold_gain":0,"player_choice":"Removed Skill","damage_taken":0,"max_hp_gain":0,"max_hp_loss":0,"event_name":"Falling","floor":38,"gold_loss":0},{"damage_healed":0,"gold_gain":0,"player_choice":"Ignored","damage_taken":0,"max_hp_gain":0,"max_hp_loss":0,"event_name":"Tomb of Lord Red Mask","floor":39,"gold_loss":0},{"damage_healed":0,"gold_gain":0,"player_choice":"Fight","damage_taken":0,"max_hp_gain":0,"max_hp_loss":0,"event_name":"Mysterious Sphere","floor":47,"gold_loss":0}],"is_beta":false,"boss_relics":[{"not_picked":["Lizard Tail","Runic Pyramid"],"picked":"Calling Bell"},{"not_picked":["Coffee Dripper","Philosopher\u0027s Stone"],"picked":"Busted Crown"}],"items_purged_floors":[30,44,48],"is_endless":false,"potions_floor_spawned":[7,13,14,16,18,28,33,37,41,47],"ascension_level":6}