{"gold_per_floor":[113,126,145,155,171,202,215,215,215,243,278,54,54,0,0,104,104,124,14,28,28,44,44,73,73,99,99,115,38,38,65,65,65],"floor_reached":33,"playtime":1579,"items_purged":[],"score":320,"play_id":"4101fa69-9f02-418a-a7a1-702c601c039e","local_time":"20190111161910","is_ascension_mode":false,"campfire_choices":[{"floor":13.0,"key":"RECALL"},{"data":"Infernal Blade","floor":15.0,"key":"SMITH"},{"data":"Metallicize","floor":23,"key":"SMITH"},{"floor":25,"key":"REST"},{"floor":27,"key":"REST"},{"floor":32,"key":"REST"}],"neow_cost":"NONE","seed_source_timestamp":0,"circlet_count":0,"master_deck":["Strike_R","Strike_R","Strike_R","Strike_R","Defend_R","Defend_R","Defend_R","Defend_R","Bash","Flex","Heavy Blade","Pommel Strike","Brutality","Infernal Blade+1","Clash","Clash","Cleave","Headbutt","Pommel Strike","Feed","Infernal Blade+1","Metallicize+1","Dropkick","Inflame+1","Sword Boomerang","Clash","Heavy Blade","Clash+1","Second Wind","Rage+1"],"special_seed":0,"relics":["Burning Blood","NeowsBlessing","Lantern","Odd Mushroom","Art of War","Lee\u0027s Waffle","Matryoshka","Runic Cube","Blue Candle","Omamori","Anchor","Regal Pillow"],"potions_floor_usage":[22,24,31,33],"damage_taken":[{"damage":0.0,"enemies":"Cultist","floor":1.0,"turns":1.0},{"damage":0.0,"enemies":"Jaw Worm","floor":2.0,"turns":1.0},{"damage":0.0,"enemies":"2 Louse","floor":3.0,"turns":1.0},{"damage":0.0,"enemies":"Lots of Slimes","floor":4.0,"turns":3.0},{"damage":1.0,"enemies":"2 Fungi Beasts","floor":5.0,"turns":3.0},{"damage":32.0,"enemies":"Lagavulin","floor":6.0,"turns":5.0},{"damage":11.0,"enemies":"Red Slaver","floor":7.0,"turns":3.0},{"damage":25.0,"enemies":"The Mushroom Lair","floor":10.0,"turns":4.0},{"damage":18.0,"enemies":"Gremlin Nob","floor":11.0,"turns":3.0},{"damage":83.0,"enemies":"The Guardian","floor":16.0,"turns":8.0},{"damage":10.0,"enemies":"Chosen","floor":18.0,"turns":3.0},{"damage":20.0,"enemies":"2 Thieves","floor":20.0,"turns":2.0},{"damage":31,"enemies":"Snake Plant","floor":22,"turns":3},{"damage":32,"enemies":"Book of Stabbing","floor":24,"turns":4},{"damage":17,"enemies":"Centurion and Healer","floor":28,"turns":4},{"damage":40,"enemies":"Gremlin Leader","floor":31,"turns":7},{"damage":83,"enemies":"Automaton","floor":33,"turns":8}],"seed_played":"-4655883378047383067","potions_obtained":[{"floor":2.0,"key":"EntropicBrew"},{"floor":4.0,"key":"Dexterity Potion"},{"floor":5.0,"key":"SkillPotion"},{"floor":7.0,"key":"EssenceOfSteel"},{"floor":16.0,"key":"Dexterity Potion"},{"floor":18.0,"key":"Poison Potion"},{"floor":20.0,"key":"BloodPotion"},{"floor":28,"key":"BloodPotion"},{"floor":31,"key":"Fire Potion"}],"is_trial":false,"path_per_floor":["M","M","M","M","M","E","M","?","T","?","E","$","R","?","R","B",null,"M","$","M","?","M","R","E","R","T","R","M","$","?","E","R","B"],"character_chosen":"IRONCLAD","items_purchased":["Lee\u0027s Waffle","Pommel Strike","Metallicize","Dropkick","Second Wind"],"campfire_rested":3,"item_purchase_floors":[12,12,19,19,29],"current_hp_per_floor":[80,80,80,80,80,54,49,75,75,56,44,87,87,87,87,10,87,83,83,69,69,52,52,26,52,52,78,67,67,67,41,82,0],"gold":65,"neow_bonus":"THREE_ENEMY_KILL","is_prod":false,"is_daily":false,"chose_seed":false,"campfire_upgraded":2,"win_rate":0,"timestamp":1547176750,"path_taken":["M","M","?","M","M","E","M","?","T","?","E","$","R","?","R","BOSS","M","?","M","?","?","R","E","R","T","R","M","$","?","E","R","BOSS"],"build_version":"2019-01-10","purchased_purges":0,"victory":false,"max_hp_per_floor":[80,80,80,80,80,80,80,80,80,80,80,87,87,87,87,87,87,87,87,87,87,87,87,87,87,87,87,87,87,87,87,87,87],"card_choices":[{"not_picked":["Heavy Blade","Iron Wave"],"picked":"Flex","floor":1.0},{"not_picked":["Shockwave","Reckless Charge"],"picked":"Heavy Blade","floor":2.0},{"not_picked":["Dropkick","Shrug It Off"],"picked":"Pommel Strike","floor":3.0},{"not_picked":["Fire Breathing","Clash"],"picked":"Brutality","floor":4.0},{"not_picked":["Clash","Hemokinesis"],"picked":"Infernal Blade","floor":5.0},{"not_picked":["Hemokinesis","Brutality"],"picked":"Clash","floor":6.0},{"not_picked":["Headbutt","Heavy Blade"],"picked":"Clash","floor":7.0},{"not_picked":["Havoc","Twin Strike"],"picked":"Cleave","floor":10.0},{"not_picked":["Burning Pact","Battle Trance"],"picked":"Headbutt","floor":11.0},{"not_picked":["Juggernaut","Impervious"],"picked":"Feed","floor":16.0},{"not_picked":["Sever Soul","Corruption"],"picked":"Infernal Blade+1","floor":18.0},{"not_picked":["Power Through+1","Pummel"],"picked":"Inflame+1","floor":20.0},{"not_picked":["Sword Boomerang","Battle Trance"],"picked":"Clash","floor":22},{"not_picked":["Carnage","Twin Strike"],"picked":"Heavy Blade","floor":24},{"not_picked":["Anger","Headbutt"],"picked":"Clash+1","floor":28},{"not_picked":["Corruption","Anger"],"picked":"Rage+1","floor":31}],"player_experience":567290,"relics_obtained":[{"floor":6.0,"key":"Lantern"},{"floor":10.0,"key":"Odd Mushroom"},{"floor":11.0,"key":"Art of War"},{"floor":24,"key":"Blue Candle"},{"floor":26,"key":"Omamori"},{"floor":26,"key":"Anchor"},{"floor":31,"key":"Regal Pillow"}],"event_choices":[{"damage_healed":26.0,"max_hp_gain":0.0,"max_hp_loss":0.0,"gold_gain":0.0,"event_name":"Big Fish","player_choice":"Banana","floor":8.0,"gold_loss":0.0,"damage_taken":0.0},{"damage_healed":0.0,"max_hp_gain":0.0,"max_hp_loss":0.0,"gold_gain":0.0,"event_name":"Mushrooms","player_choice":"Fought Mushrooms","floor":10.0,"gold_loss":0.0,"damage_taken":0.0},{"damage_healed":0.0,"max_hp_gain":0.0,"max_hp_loss":0.0,"gold_gain":0.0,"event_name":"WeMeetAgain","player_choice":"Paid Gold","floor":14.0,"gold_loss":54.0,"damage_taken":0.0,"relics_obtained":["Matryoshka"]},{"damage_healed":0.0,"max_hp_gain":0.0,"max_hp_loss":0.0,"gold_gain":0.0,"cards_transformed":["Strike_R"],"event_name":"Transmorgrifier","player_choice":"Transformed","floor":21.0,"gold_loss":0.0,"damage_taken":0.0,"cards_obtained":["Sword Boomerang"]},{"damage_healed":0,"gold_gain":0,"player_choice":"Ignored","damage_taken":0,"max_hp_gain":0,"max_hp_loss":0,"event_name":"Vampires","floor":30,"gold_loss":0}],"is_beta":false,"boss_relics":[{"not_picked":["Busted Crown","Cursed Key"],"picked":"Runic Cube"}],"items_purged_floors":[],"is_endless":false,"potions_floor_spawned":[2,4,5,7,16,18,20,28,31],"killed_by":"Automaton","ascension_level":0}