{"path_per_floor":["M","M","?","?","$","R","E","M","T","E","M","M","$","?","R","B",null,"M","M","$","M","?","R","?","?","T"],"character_chosen":"THE_SILENT","items_purchased":["Backstab","Storm of Steel","Footwork","Infinite Blades"],"gold_per_floor":[114,124,74,249,26,26,54,69,69,102,118,134,55,112,112,210,210,223,239,98,116,116,116,116,116,116],"floor_reached":27,"campfire_rested":1,"playtime":3421,"current_hp_per_floor":[70,70,70,70,70,70,51,51,51,29,29,29,29,31,31,27,70,39,27,27,26,26,47,47,70,70],"items_purged":["Doubt","Regret"],"gold":116,"score":221,"play_id":"22768c75-656f-4287-a663-d7c655c9a5d1","local_time":"20180316222752","is_prod":false,"is_daily":false,"is_ascension_mode":false,"campfire_upgraded":2,"timestamp":1521235672,"path_taken":["M","M","?","?","$","R","E","M","T","E","M","M","?","?","R","BOSS","M","M","$","M","?","R","?","?","T","E"],"build_version":"2018-03-15v2","purchased_purges":2,"victory":false,"master_deck":["Defend_G","Defend_G","Defend_G","Defend_G","Defend_G","Strike_G","Strike_G","Strike_G","Strike_G","Survivor","Neutralize","Blade Dance","Wraith Form+1","Backstab","Storm of Steel+1","Choke","Infinite Blades","PiercingWail","PiercingWail","Endless Agony","Footwork","Flying Knee","Burst","Doubt","Escape Plan+1","Quick Slash","Infinite Blades","Cloak And Dagger"],"max_hp_per_floor":[70,70,70,70,70,70,70,70,70,70,70,70,70,70,70,70,70,70,70,70,70,70,70,70,70,70],"relics":["Ring of the Snake","Juzu Bracelet","Calipers","Orichalcum","Tough Bandages","Calling Bell","Frozen Eye","Bag of Marbles","Blood Vial","Mummified Hand"],"card_choices":[{"not_picked":["Dagger Spray","Poisoned Stab"],"picked":"Blade Dance"},{"not_picked":["Caltrops","Acrobatics"],"picked":"Wraith Form"},{"not_picked":["Acrobatics","Quick Slash"],"picked":"Choke"},{"not_picked":["Crippling Poison","Deflect"],"picked":"Infinite Blades"},{"not_picked":["Expertise","Dagger Spray"],"picked":"PiercingWail"},{"not_picked":["Slice","Dodge and Roll"],"picked":"PiercingWail"},{"not_picked":["Prepared","Crippling Poison"],"picked":"Endless Agony"},{"not_picked":["Dagger Spray","All Out Attack"],"picked":"Flying Knee"},{"not_picked":["Tools of the Trade","After Image"],"picked":"Burst"},{"not_picked":["Catalyst","Bane"],"picked":"Escape Plan"},{"not_picked":["Eviscerate","Deadly Poison"],"picked":"Quick Slash"},{"not_picked":["Dagger Spray","Footwork"],"picked":"Cloak And Dagger"}],"player_experience":82566,"potions_floor_usage":[14,16,16,16,21],"damage_taken":[{"damage":0,"enemies":"2 Louse","floor":1,"turns":3},{"damage":0,"enemies":"Cultist","floor":2,"turns":4},{"damage":19,"enemies":"3 Sentries","floor":7,"turns":10},{"damage":0,"enemies":"Jaw Worm","floor":8,"turns":2},{"damage":22,"enemies":"Gremlin Nob","floor":10,"turns":4},{"damage":0,"enemies":"2 Fungi Beasts","floor":11,"turns":2},{"damage":0,"enemies":"Looter","floor":12,"turns":1},{"damage":13,"enemies":"3 Sentries","floor":14,"turns":8},{"damage":4,"enemies":"Hexaghost","floor":16,"turns":9},{"damage":31,"enemies":"Spheric Guardian","floor":18,"turns":9},{"damage":14,"enemies":"Chosen","floor":19,"turns":6},{"damage":15,"enemies":"Snake Plant","floor":21,"turns":6},{"damage":79,"enemies":"Gremlin Leader","floor":27,"turns":7}],"event_choices":[{"event_name":"The Cleric","player_choice":"Card Removal","floor":3,"damage_taken":0},{"event_name":"Liars Game","player_choice":"agreed","floor":4,"damage_taken":0},{"event_name":"Dead Adventurer","player_choice":"Searched \u00273\u0027 times","floor":14,"damage_taken":0},{"event_name":"Purifier","player_choice":"One Purge","floor":22,"damage_taken":0},{"event_name":"Drug Dealer","player_choice":"Ignored","floor":24,"damage_taken":0},{"event_name":"The Library","player_choice":"Heal","floor":25,"damage_taken":0}],"boss_relics":[{"not_picked":["The Specimen","Cursed Key"],"picked":"Calling Bell"}],"potions_floor_spawned":[7,11,12,14,19],"seed_played":"-2333737364976613068","killed_by":"Gremlin Leader","ascension_level":0,"is_trial":false}