{"gold_per_floor":[112,112,112,132,157,173,197,222,222,222,237,116,116,187,187,317,317,333,347,67,67],"floor_reached":21,"playtime":1338,"items_purged":["Strike_G","Strike_G"],"score":173,"play_id":"7f3b5a3a-19a8-4694-aaca-bb4be0a58ea0","local_time":"20181206150316","is_ascension_mode":false,"campfire_choices":[{"data":"Riddle With Holes","floor":10,"key":"SMITH"},{"data":"Noxious Fumes","floor":13,"key":"SMITH"},{"data":"Concentrate","floor":15,"key":"SMITH"}],"neow_cost":"NONE","seed_source_timestamp":861831703954011,"circlet_count":0,"master_deck":["Defend_G","Defend_G","Defend_G","Defend_G","Defend_G","Strike_G","Strike_G","Strike_G","Survivor","Neutralize+1","Flying Knee","Concentrate+1","Riddle With Holes+1","Bane","Bane","Finisher","Noxious Fumes+1","Deadly Poison","PiercingWail","Bullet Time","Bane","Deadly Poison","PiercingWail","Prepared","Acrobatics","Blur","Poisoned Stab","Corpse Explosion","Backflip"],"relics":["Ring of the Snake","Happy Flower","Golden Idol","Prayer Wheel","Kunai","Orrery","Regal Pillow"],"potions_floor_usage":[14,14,16],"damage_taken":[{"damage":0,"enemies":"2 Louse","floor":1,"turns":5},{"damage":1,"enemies":"Jaw Worm","floor":4,"turns":4},{"damage":0,"enemies":"Cultist","floor":5,"turns":4},{"damage":0,"enemies":"Red Slaver","floor":6,"turns":4},{"damage":0,"enemies":"Looter","floor":7,"turns":3},{"damage":3,"enemies":"3 Louse","floor":8,"turns":3},{"damage":17,"enemies":"Gremlin Gang","floor":11,"turns":6},{"damage":0,"enemies":"Gremlin Nob","floor":14,"turns":2},{"damage":14,"enemies":"The Guardian","floor":16,"turns":8},{"damage":17,"enemies":"Spheric Guardian","floor":18,"turns":6},{"damage":45,"enemies":"3 Byrds","floor":19,"turns":7},{"damage":5,"enemies":"Snake Plant","floor":21,"turns":1}],"seed_played":"4390430108130255878","potions_obtained":[{"floor":1,"key":"Ancient Potion"},{"floor":8,"key":"FearPotion"},{"floor":11,"key":"Explosive Potion"},{"floor":14,"key":"FearPotion"}],"is_trial":false,"path_per_floor":["M","?","?","M","M","M","M","M","T","R","M","$","R","?","R","B",null,"M","M","$","M"],"character_chosen":"THE_SILENT","items_purchased":["Deadly Poison","Regal Pillow","Backflip"],"campfire_rested":0,"item_purchase_floors":[12,20,20],"current_hp_per_floor":[70,65,65,64,64,64,64,61,61,61,44,44,44,44,44,30,65,48,3,3,0],"gold":67,"neow_bonus":"RANDOM_COMMON_RELIC","is_prod":false,"is_daily":false,"chose_seed":false,"campfire_upgraded":3,"win_rate":0.0,"timestamp":1544061796,"path_taken":["M","?","?","M","M","M","?","M","T","R","M","?","R","?","R","BOSS","M","M","$","M"],"build_version":"2018-11-15","purchased_purges":2,"victory":false,"max_hp_per_floor":[70,65,65,65,65,65,65,65,65,65,65,65,65,65,65,65,65,65,65,65,65],"card_choices":[{"not_picked":["Accuracy","Prepared"],"picked":"Flying Knee","floor":1},{"not_picked":["Outmaneuver","Blade Dance"],"picked":"Concentrate","floor":4},{"not_picked":["Acrobatics","Tools of the Trade"],"picked":"Riddle With Holes","floor":5},{"not_picked":["Blade Dance","Dodge and Roll","Outmaneuver"],"picked":"SKIP","floor":6},{"not_picked":["Outmaneuver","Dagger Spray"],"picked":"Bane","floor":7},{"not_picked":["Concentrate","Underhanded Strike"],"picked":"Bane","floor":8},{"not_picked":["Flechettes","Calculated Gamble"],"picked":"Finisher","floor":11},{"not_picked":["Quick Slash","Blade Dance"],"picked":"Noxious Fumes","floor":11},{"not_picked":["Caltrops","Heel Hook"],"picked":"PiercingWail","floor":14},{"not_picked":["Unload","Storm of Steel"],"picked":"Bullet Time","floor":16},{"not_picked":["Expertise","Flying Knee"],"picked":"Bane","floor":17},{"not_picked":["Outmaneuver","Dagger Spray"],"picked":"Deadly Poison","floor":17},{"not_picked":["Accuracy","Backstab"],"picked":"PiercingWail","floor":17},{"not_picked":["Infinite Blades","Well Laid Plans"],"picked":"Prepared","floor":17},{"not_picked":["Endless Agony","Backstab"],"picked":"Acrobatics","floor":18},{"not_picked":["Slice+1","Heel Hook"],"picked":"Blur","floor":18},{"not_picked":["Concentrate+1","Deflect"],"picked":"Poisoned Stab","floor":19},{"not_picked":["Dagger Throw+1","Blade Dance"],"picked":"Corpse Explosion","floor":19}],"player_experience":392602,"relics_obtained":[{"floor":9,"key":"Prayer Wheel"},{"floor":14,"key":"Kunai"}],"event_choices":[{"damage_healed":0,"gold_gain":0,"player_choice":"Lose Max HP","damage_taken":0,"relics_obtained":["Golden Idol"],"max_hp_gain":0,"max_hp_loss":5,"event_name":"Golden Idol","floor":2,"gold_loss":0},{"damage_healed":0,"gold_gain":0,"player_choice":"Upgraded","damage_taken":0,"max_hp_gain":0,"max_hp_loss":0,"event_name":"Upgrade Shrine","floor":3,"gold_loss":0,"cards_upgraded":["Neutralize"]},{"damage_healed":0,"gold_gain":30,"player_choice":"Searched \u00272\u0027 times","damage_taken":0,"max_hp_gain":0,"max_hp_loss":0,"event_name":"Dead Adventurer","floor":14,"gold_loss":0}],"is_beta":false,"boss_relics":[{"not_picked":["Velvet Choker","White Beast Statue"],"picked":"Orrery"}],"items_purged_floors":[12,20],"is_endless":false,"potions_floor_spawned":[1,8,11,14],"killed_by":"Snake Plant","ascension_level":0}