{"gold_per_floor":[112,262,274,292,292,292,319,338,338,338,27,55,55,55],"floor_reached":14,"playtime":970,"items_purged":["Doubt"],"score":196,"play_id":"430823e5-8b14-4fc6-9e50-2e7034b072d5","local_time":"20181010014248","is_ascension_mode":true,"campfire_choices":[{"floor":6.0,"key":"REST"},{"floor":10,"key":"REST"}],"neow_cost":"","seed_source_timestamp":0,"circlet_count":0,"master_deck":["Defend_G","Defend_G","Defend_G","Defend_G+1","Defend_G","Strike_G","Strike_G","Strike_G","Strike_G","Strike_G","Survivor+1","Neutralize","AscendersBane","Bouncing Flask","Deadly Poison","Poisoned Stab","Blur","Sucker Punch","Catalyst"],"special_seed":0,"relics":["Ring of the Snake","Bronze Scales","Vajra","Blood Vial","Bottled Flame"],"potions_floor_usage":[14],"damage_taken":[{"damage":1.0,"enemies":"Jaw Worm","floor":1.0,"turns":5.0},{"damage":0.0,"enemies":"2 Louse","floor":3.0,"turns":4.0},{"damage":4.0,"enemies":"Small Slimes","floor":4.0,"turns":4.0},{"damage":30.0,"enemies":"Lagavulin","floor":7.0,"turns":6.0},{"damage":1.0,"enemies":"Looter","floor":8.0,"turns":4.0},{"damage":28,"enemies":"3 Sentries","floor":12,"turns":9},{"damage":13,"enemies":"Exordium Thugs","floor":14,"turns":3}],"seed_played":"-5729060266240095602","potions_obtained":[{"floor":3.0,"key":"Fire Potion"},{"floor":7.0,"key":"SpeedPotion"},{"floor":8.0,"key":"SmokeBomb"}],"is_trial":false,"path_per_floor":["M","?","M","M","?","R","E","M","T","R","$","E","?"],"character_chosen":"THE_SILENT","items_purchased":["Blood Vial","Poison Potion"],"campfire_rested":2,"item_purchase_floors":[11,11],"current_hp_per_floor":[58,58,58,54,34,53,23,22,22,41,41,15,4,0],"gold":55,"neow_bonus":"","is_prod":false,"is_daily":false,"chose_seed":false,"campfire_upgraded":0,"win_rate":0,"timestamp":1539128568,"path_taken":["M","?","M","M","?","R","E","?","T","R","$","E","?","?"],"build_version":"2018-10-04v2","purchased_purges":1,"victory":false,"max_hp_per_floor":[66,66,66,66,66,66,66,66,66,66,66,66,66,66],"card_choices":[{"not_picked":["Bane","Poisoned Stab"],"picked":"Bouncing Flask","floor":1.0},{"not_picked":["Heel Hook","Underhanded Strike"],"picked":"Deadly Poison","floor":3.0},{"not_picked":["Acrobatics","Dodge and Roll"],"picked":"Poisoned Stab","floor":4.0},{"not_picked":["Storm of Steel","Outmaneuver"],"picked":"Blur","floor":7.0},{"not_picked":["Finisher","Dagger Spray"],"picked":"Sucker Punch","floor":8.0},{"not_picked":["Backflip","All Out Attack"],"picked":"Catalyst","floor":12}],"player_experience":1396895,"relics_obtained":[{"floor":7.0,"key":"Bronze Scales"},{"floor":9.0,"key":"Vajra"},{"floor":12,"key":"Bottled Flame"}],"event_choices":[{"event_name":"Liars Game","player_choice":"agreed","floor":2.0,"damage_taken":0.0},{"event_name":"Shining Light","player_choice":"Entered Light","floor":5.0,"damage_taken":0.0},{"event_name":"Scrap Ooze","player_choice":"unsuccessful","floor":13,"damage_taken":11}],"is_beta":false,"boss_relics":[],"items_purged_floors":[11],"is_endless":false,"potions_floor_spawned":[3,7,8],"killed_by":"Exordium Thugs","ascension_level":20}