{"gold_per_floor":[109,25,37,37,37,37,67,77,104,166,200,67,77,102,102,179,179,199,199,249,62,76,76,91,91,91,107,107,117,128,178,178,178],"floor_reached":33,"playtime":999,"items_purged":["Strike_R","Strike_R"],"score":580,"play_id":"ee2a30fb-aed8-4eab-a5b9-7eacc99c248d","local_time":"20181226214545","is_ascension_mode":true,"campfire_choices":[{"data":"Carnage","floor":6.0,"key":"SMITH"},{"data":"True Grit","floor":15.0,"key":"SMITH"},{"data":"Armaments","floor":23.0,"key":"SMITH"},{"data":"Evolve","floor":25.0,"key":"SMITH"},{"data":"Feel No Pain","floor":28.0,"key":"SMITH"},{"floor":32,"key":"REST"}],"neow_cost":"NONE","seed_source_timestamp":33815271038241,"circlet_count":0,"master_deck":["AscendersBane","Strike_R+1","Strike_R","Defend_R","Defend_R","Defend_R","Defend_R","Bash","Clash","Feel No Pain+1","Carnage+1","Thunderclap","Hemokinesis+1","Feel No Pain","True Grit+1","Evolve+1","Immolate","Armaments+1","Reaper","Power Through","Second Wind"],"special_seed":0,"relics":["Burning Blood","NeowsBlessing","Vajra","Whetstone","Turnip","Juzu Bracelet","Anchor","Philosopher\u0027s Stone","Pear"],"potions_floor_usage":[29],"damage_taken":[{"damage":0.0,"enemies":"Small Slimes","floor":1.0,"turns":1.0},{"damage":0.0,"enemies":"2 Louse","floor":3.0,"turns":2.0},{"damage":0.0,"enemies":"3 Sentries","floor":7.0,"turns":2.0},{"damage":2.0,"enemies":"Jaw Worm","floor":8.0,"turns":3.0},{"damage":33.0,"enemies":"Lagavulin Event","floor":10.0,"turns":4.0},{"damage":29.0,"enemies":"Lagavulin","floor":11.0,"turns":5.0},{"damage":2.0,"enemies":"Large Slime","floor":13.0,"turns":4.0},{"damage":5.0,"enemies":"Gremlin Nob","floor":14.0,"turns":3.0},{"damage":12.0,"enemies":"Slime Boss","floor":16.0,"turns":7.0},{"damage":2.0,"enemies":"Chosen","floor":18.0,"turns":3.0},{"damage":28.0,"enemies":"2 Thieves","floor":22.0,"turns":3.0},{"damage":9.0,"enemies":"Snake Plant","floor":24.0,"turns":4.0},{"damage":16.0,"enemies":"Cultist and Chosen","floor":27.0,"turns":7.0},{"damage":22,"enemies":"Snecko","floor":29,"turns":6},{"damage":19,"enemies":"Snake Plant","floor":30,"turns":6},{"damage":58,"enemies":"Collector","floor":33,"turns":7}],"seed_played":"4430508690588084670","potions_obtained":[{"floor":3.0,"key":"SpeedPotion"},{"floor":11.0,"key":"Strength Potion"},{"floor":13.0,"key":"SteroidPotion"},{"floor":22.0,"key":"SteroidPotion"},{"floor":24.0,"key":"Ancient Potion"},{"floor":30,"key":"LiquidBronze"}],"is_trial":false,"path_per_floor":["M","$","M","?","?","R","E","M","T","?","E","$","M","E","R","B",null,"M","?","?","$","M","R","M","R","T","M","R","M","M","?","R","B"],"character_chosen":"IRONCLAD","items_purchased":["Feel No Pain","True Grit","Reaper"],"campfire_rested":1,"item_purchase_floors":[2,12,21],"current_hp_per_floor":[74,74,75,75,75,75,75,75,75,48,25,25,29,30,30,24,62,66,45,45,45,33,33,35,35,45,42,42,31,23,23,50,7],"gold":178,"neow_bonus":"THREE_ENEMY_KILL","is_prod":false,"is_daily":false,"chose_seed":false,"campfire_upgraded":5,"win_rate":0,"timestamp":1545828345,"path_taken":["M","$","M","?","?","R","E","M","T","?","E","$","M","E","R","BOSS","M","?","?","$","M","R","M","R","T","M","R","M","M","?","R","BOSS"],"build_version":"2018-12-20","purchased_purges":2,"victory":false,"max_hp_per_floor":[75,75,75,75,75,75,75,75,75,75,75,75,75,75,75,75,75,75,80,80,80,80,80,80,80,90,90,90,90,90,90,90,90],"card_choices":[{"not_picked":["Shockwave","Corruption"],"picked":"Clash","floor":1.0},{"not_picked":["True Grit","Thunderclap"],"picked":"Carnage","floor":3.0},{"not_picked":["Disarm","Cleave"],"picked":"Thunderclap","floor":7.0},{"not_picked":["Clash","Thunderclap"],"picked":"Hemokinesis","floor":8.0},{"not_picked":["Thunderclap","Barricade"],"picked":"Feel No Pain","floor":11.0},{"not_picked":["Armaments","Dropkick"],"picked":"Evolve","floor":13.0},{"not_picked":["Anger","Bloodletting","Perfected Strike"],"picked":"SKIP","floor":14.0},{"not_picked":["Bludgeon","Berserk"],"picked":"Immolate","floor":16.0},{"not_picked":["Clothesline","Dual Wield"],"picked":"Armaments","floor":18.0},{"not_picked":["Twin Strike","Searing Blow"],"picked":"Power Through","floor":22.0},{"not_picked":["Power Through","Flex"],"picked":"Second Wind","floor":24.0},{"not_picked":["Flex","Infernal Blade","True Grit+1"],"picked":"SKIP","floor":27.0},{"not_picked":["Sword Boomerang+1","Hemokinesis+1","Seeing Red"],"picked":"SKIP","floor":29},{"not_picked":["Dual Wield+1","Carnage","Cleave"],"picked":"SKIP","floor":30}],"player_experience":863767,"relics_obtained":[{"floor":7.0,"key":"Vajra"},{"floor":9.0,"key":"Whetstone"},{"floor":10.0,"key":"Turnip"},{"floor":11.0,"key":"Juzu Bracelet"},{"floor":14.0,"key":"Anchor"},{"floor":26.0,"key":"Pear"}],"event_choices":[{"damage_healed":0.0,"max_hp_gain":0.0,"max_hp_loss":0.0,"gold_gain":0.0,"event_name":"Liars Game","player_choice":"Ignored","floor":4.0,"gold_loss":0.0,"damage_taken":0.0},{"cards_removed":["Strike_R"],"damage_healed":0.0,"max_hp_gain":0.0,"max_hp_loss":0.0,"gold_gain":0.0,"event_name":"Living Wall","player_choice":"Forget","floor":5.0,"gold_loss":0.0,"damage_taken":0.0},{"damage_healed":0.0,"max_hp_gain":0.0,"max_hp_loss":0.0,"gold_gain":0.0,"event_name":"Dead Adventurer","player_choice":"Searched \u00272\u0027 times","floor":10.0,"gold_loss":0.0,"damage_taken":0.0},{"damage_healed":0.0,"max_hp_gain":5.0,"max_hp_loss":0.0,"gold_gain":0.0,"event_name":"Forgotten Altar","player_choice":"Shed Blood","floor":19.0,"gold_loss":0.0,"damage_taken":26.0},{"damage_healed":0.0,"max_hp_gain":0.0,"max_hp_loss":0.0,"gold_gain":100.0,"event_name":"The Joust","player_choice":"Bet on Murderer","floor":20.0,"gold_loss":50.0,"damage_taken":0.0},{"damage_healed":0,"gold_gain":50,"player_choice":"Stole From Cult","damage_taken":0,"max_hp_gain":0,"max_hp_loss":0,"event_name":"Nest","floor":31,"gold_loss":0}],"is_beta":false,"boss_relics":[{"not_picked":["Velvet Choker","Runic Dome"],"picked":"Philosopher\u0027s Stone"}],"items_purged_floors":[12,21],"is_endless":false,"potions_floor_spawned":[3,11,13,22,24,30],"killed_by":"Collector","ascension_level":20}