{"gold_per_floor":[116,134,151,171,184,218,218,65,65,65,65,65,81,47,47,146,146,166,166,181,81,97,97,113,113,113,130,463,478,478,495,495,591,591,611,212,122,136,148,148,162,175,175,188,205,205,205,228,228,228],"floor_reached":51,"playtime":1995,"items_purged":["Strike_R","Strike_R","Strike_R"],"score":700,"play_id":"73282332-8997-448c-825f-ed6a55a11713","local_time":"20190130033319","is_ascension_mode":false,"campfire_choices":[{"data":"Armaments","floor":7.0,"key":"SMITH"},{"data":"Inflame","floor":10.0,"key":"SMITH"},{"data":"Spot Weakness","floor":12.0,"key":"SMITH"},{"data":"Evolve","floor":15.0,"key":"SMITH"},{"data":"Heavy Blade","floor":23.0,"key":"SMITH"},{"floor":25.0,"key":"REST"},{"data":"Power Through","floor":30.0,"key":"SMITH"},{"data":"Second Wind","floor":32.0,"key":"SMITH"},{"data":"Madness","floor":40.0,"key":"SMITH"},{"data":"True Grit","floor":46,"key":"SMITH"},{"data":"Master of Strategy","floor":49,"key":"SMITH"}],"neow_cost":"NONE","seed_source_timestamp":8677156182981,"circlet_count":0,"master_deck":["Strike_R+1","Defend_R","Defend_R","Defend_R","Defend_R","Bash","Cleave","Inflame+1","Clash","Uppercut","Second Wind+1","Armaments+1","Reaper","Spot Weakness+1","Evolve+1","Battle Trance+1","Heavy Blade+1","Power Through+1","Warcry+1","Impervious","Master of Strategy+1","Madness+1","Seeing Red+1","Shrug It Off+1","True Grit+1","Madness","Madness"],"special_seed":0,"relics":["Burning Blood","PreservedInsect","Gremlin Horn","Eternal Feather","Boot","Bottled Tornado","Old Coin","Runic Pyramid","Question Card","Omamori"],"potions_floor_usage":[50],"damage_taken":[{"damage":1.0,"enemies":"Cultist","floor":1.0,"turns":3.0},{"damage":6.0,"enemies":"Jaw Worm","floor":2.0,"turns":3.0},{"damage":1.0,"enemies":"2 Louse","floor":3.0,"turns":2.0},{"damage":13.0,"enemies":"Red Slaver","floor":4.0,"turns":2.0},{"damage":7.0,"enemies":"3 Louse","floor":5.0,"turns":2.0},{"damage":16.0,"enemies":"Lagavulin","floor":6.0,"turns":6.0},{"damage":12.0,"enemies":"Blue Slaver","floor":13.0,"turns":4.0},{"damage":35.0,"enemies":"The Guardian","floor":16.0,"turns":10.0},{"damage":34.0,"enemies":"2 Thieves","floor":18.0,"turns":5.0},{"damage":54.0,"enemies":"3 Byrds","floor":20.0,"turns":7.0},{"damage":23.0,"enemies":"Snake Plant","floor":22.0,"turns":5.0},{"damage":31.0,"enemies":"Cultist and Chosen","floor":24.0,"turns":7.0},{"damage":34.0,"enemies":"3 Cultists","floor":27.0,"turns":6.0},{"damage":22.0,"enemies":"Gremlin Leader","floor":28.0,"turns":6.0},{"damage":31.0,"enemies":"Centurion and Healer","floor":29.0,"turns":13.0},{"damage":6.0,"enemies":"Cultist and Chosen","floor":31.0,"turns":6.0},{"damage":61.0,"enemies":"Collector","floor":33.0,"turns":10.0},{"damage":11.0,"enemies":"3 Shapes","floor":35.0,"turns":5.0},{"damage":26.0,"enemies":"Orb Walker","floor":38.0,"turns":5.0},{"damage":56.0,"enemies":"Writhing Mass","floor":39.0,"turns":8.0},{"damage":24.0,"enemies":"Maw","floor":41.0,"turns":11.0},{"damage":34.0,"enemies":"Jaw Worm Horde","floor":42.0,"turns":5.0},{"damage":21.0,"enemies":"Transient","floor":44.0,"turns":5.0},{"damage":1,"enemies":"3 Darklings","floor":45,"turns":12},{"damage":114,"enemies":"Donu and Deca","floor":50,"turns":15}],"seed_played":"-5655275750743198130","potions_obtained":[{"floor":1.0,"key":"Explosive Potion"},{"floor":3.0,"key":"PowerPotion"},{"floor":5.0,"key":"BloodPotion"},{"floor":22.0,"key":"PowerPotion"},{"floor":27.0,"key":"SteroidPotion"},{"floor":29.0,"key":"Fire Potion"},{"floor":38.0,"key":"Fire Potion"},{"floor":39.0,"key":"Weak Potion"},{"floor":42.0,"key":"BloodPotion"},{"floor":45,"key":"Dexterity Potion"}],"is_trial":false,"path_per_floor":["M","M","M","M","M","E","R","$","T","R","$","R","M","$","R","B",null,"M","?","M","$","M","R","M","R","T","M","E","M","R","M","R","B",null,"M","$","?","M","M","R","M","M","T","M","M","R","?","T","R","B",null],"character_chosen":"IRONCLAD","items_purchased":["Spot Weakness","Evolve","Master of Strategy","Madness"],"campfire_rested":1,"item_purchase_floors":[8,14,36,36],"current_hp_per_floor":[80,80,80,73,72,62,62,62,62,62,62,62,64,64,64,54,80,52,52,28,28,22,31,22,58,58,46,51,76,80,80,80,47,80,80,80,80,60,29,41,39,24,24,35,80,80,70,70,80,12],"gold":228,"neow_bonus":"THREE_CARDS","is_prod":false,"is_daily":false,"chose_seed":false,"campfire_upgraded":10,"win_rate":0,"timestamp":1548786799,"path_taken":["M","?","M","M","M","E","R","?","T","R","$","R","M","$","R","BOSS","M","?","M","$","M","R","M","R","T","M","E","M","R","M","R","BOSS","M","$","?","M","M","R","M","?","T","M","M","R","?","?","R","BOSS"],"build_version":"2019-01-23","purchased_purges":3,"victory":true,"max_hp_per_floor":[80,80,80,80,80,80,80,80,80,80,80,80,80,80,80,80,80,80,80,80,80,80,80,80,80,80,80,80,80,80,80,80,80,80,80,80,80,80,80,80,80,80,80,80,80,80,80,80,80,80],"card_choices":[{"not_picked":["Warcry","True Grit"],"picked":"Cleave","floor":0.0},{"not_picked":["Shockwave","Infernal Blade"],"picked":"Inflame","floor":1.0},{"not_picked":["True Grit","Sever Soul"],"picked":"Clash","floor":2.0},{"not_picked":["Seeing Red","Rupture"],"picked":"Uppercut","floor":3.0},{"not_picked":["Anger","Pommel Strike"],"picked":"Second Wind","floor":4.0},{"not_picked":["Perfected Strike","Clash"],"picked":"Armaments","floor":5.0},{"not_picked":["Anger","Whirlwind"],"picked":"Reaper","floor":6.0},{"not_picked":["Warcry","Anger","Armaments"],"picked":"SKIP","floor":13.0},{"not_picked":["Flame Barrier","Corruption"],"picked":"Battle Trance+1","floor":18.0},{"not_picked":["Thunderclap","Iron Wave","Anger"],"picked":"SKIP","floor":20.0},{"not_picked":["True Grit","Warcry"],"picked":"Heavy Blade","floor":22.0},{"not_picked":["Clothesline+1","Feel No Pain"],"picked":"Power Through","floor":24.0},{"not_picked":["Twin Strike+1","Warcry","Clothesline+1"],"picked":"SKIP","floor":27.0},{"not_picked":["Warcry","Juggernaut","Intimidate"],"picked":"SKIP","floor":28.0},{"not_picked":["Anger","Pommel Strike"],"picked":"Warcry+1","floor":29.0},{"not_picked":["Thunderclap+1","Flex","Wild Strike"],"picked":"SKIP","floor":31.0},{"not_picked":["Berserk","Juggernaut"],"picked":"Impervious","floor":33.0},{"not_picked":["Blood for Blood","Pommel Strike","Wild Strike+1"],"picked":"SKIP","floor":35.0},{"not_picked":["Rampage+1","Perfected Strike+1"],"picked":"Seeing Red+1","floor":38.0},{"not_picked":["Inflame","Clash"],"picked":"Shrug It Off+1","floor":39.0},{"not_picked":["Wild Strike","Flame Barrier+1"],"picked":"True Grit","floor":41.0},{"not_picked":["Pummel","Ghostly Armor+1","Thunderclap+1"],"picked":"SKIP","floor":42.0},{"not_picked":["Pommel Strike+1","Wild Strike+1","Warcry+1","Evolve"],"picked":"SKIP","floor":44.0},{"not_picked":["Pommel Strike+1","Wild Strike+1","Warcry+1","Evolve"],"picked":"SKIP","floor":44.0},{"not_picked":["Cleave","Perfected Strike+1","Thunderclap+1","Flex"],"picked":"SKIP","floor":45},{"not_picked":["Secret Weapon","Good Instincts","PanicButton"],"picked":"Madness","floor":47},{"not_picked":["Impatience","Dark Shackles","Jack Of All Trades"],"picked":"Madness","floor":47}],"player_experience":1016283,"relics_obtained":[{"floor":6.0,"key":"PreservedInsect"},{"floor":9.0,"key":"Gremlin Horn"},{"floor":26.0,"key":"Bottled Tornado"},{"floor":28.0,"key":"Old Coin"},{"floor":43.0,"key":"Question Card"},{"floor":48,"key":"Omamori"}],"event_choices":[{"damage_healed":0.0,"max_hp_gain":0.0,"max_hp_loss":0.0,"gold_gain":0.0,"event_name":"The Mausoleum","player_choice":"Opened","floor":19.0,"gold_loss":0.0,"damage_taken":0.0,"relics_obtained":["Boot"]},{"cards_removed":["Strike_R"],"damage_healed":0.0,"max_hp_gain":0.0,"max_hp_loss":0.0,"gold_gain":0.0,"event_name":"Designer","player_choice":"Upgrade and Remove","floor":37.0,"gold_loss":90.0,"damage_taken":0.0,"cards_upgraded":["Strike_R"]},{"damage_healed":0,"gold_gain":0,"player_choice":"Memory 3","damage_taken":10,"max_hp_gain":0,"max_hp_loss":0,"event_name":"SensoryStone","floor":47,"gold_loss":0}],"is_beta":false,"boss_relics":[{"not_picked":["Velvet Choker","Coffee Dripper"],"picked":"Eternal Feather"},{"not_picked":["Black Blood","Snecko Eye"],"picked":"Runic Pyramid"}],"items_purged_floors":[8,21,36],"is_endless":false,"potions_floor_spawned":[1,3,5,13,22,27,29,38,39,42,45],"ascension_level":0}