{"path_per_floor":["M","$","?","?","?","R","M","M","T","R","E","R","M","M","R","B",null,"M","?","?","$","M","E","R","?","T","$","M","M","R","$","R","B",null,"M","$","M","M","M","R","?","M","T","M","$","R","E","?","R","B"],"character_chosen":"THE_SILENT","items_purchased":["Snake Skull","Happy Flower","Bronze Scales","Malaise","Caltrops","PiercingWail","Dexterity Potion","Footwork"],"gold_per_floor":[366,55,55,5,5,5,16,35,65,65,95,95,111,123,123,228,228,243,243,243,32,50,78,78,78,148,59,74,93,93,41,41,141,141,157,7,22,34,54,54,54,69,124,138,38,38,64,64,64,64],"floor_reached":51,"campfire_rested":2,"playtime":2708,"current_hp_per_floor":[57,57,62,62,62,62,62,62,62,62,56,56,53,52,52,28,75,67,67,67,67,63,45,45,45,45,45,41,34,56,56,56,32,75,70,70,70,70,59,59,59,59,59,40,40,62,57,57,57,43],"items_purged":["Cloak And Dagger","Parasite"],"gold":64,"score":720,"play_id":"7573d820-d732-413d-a6f5-353195910e00","local_time":"20180411143225","is_prod":false,"is_daily":false,"is_ascension_mode":false,"campfire_upgraded":8,"timestamp":1523449945,"path_taken":["M","$","?","?","?","R","M","M","T","R","E","R","M","M","R","BOSS","M","?","?","?","?","E","R","?","T","$","?","M","R","?","R","BOSS","M","$","M","M","M","R","?","M","T","M","$","R","E","?","R","BOSS"],"build_version":"2018-04-05v2","purchased_purges":2,"victory":true,"master_deck":["Defend_G","Defend_G","Defend_G","Defend_G","Survivor","Neutralize","Deadly Poison+1","After Image+1","Deadly Poison","Dagger Spray+1","Blur+1","Bouncing Flask+1","Burst+1","Deflect+1","Dodge and Roll+1","Dagger Throw+1","Bane+1","Acrobatics","Malaise","Poisoned Stab+1","Setup","Caltrops","PiercingWail","Bullet Time","Leg Sweep","Footwork+1","Deadly Poison+1","Master of Strategy","Backflip","Flechettes"],"max_hp_per_floor":[63,63,68,68,68,68,68,68,68,68,75,75,75,75,75,75,75,75,75,75,75,75,75,75,75,75,75,75,75,75,75,75,75,75,75,75,75,75,75,75,75,75,75,77,74,74,74,74,74,74],"relics":["Ring of the Snake","Snake Skull","Happy Flower","Tiny Chest","Strawberry","Astrolabe","Bronze Scales","Oddly Smooth Stone","Matryoshka","Cursed Key","Singing Bowl","Whetstone","Pantograph"],"card_choices":[{"not_picked":["Outmaneuver","Bane"],"picked":"Deadly Poison","floor":1},{"not_picked":["Infinite Blades","Crippling Poison"],"picked":"Deadly Poison","floor":7},{"not_picked":["Outmaneuver","PiercingWail"],"picked":"Dagger Spray","floor":8},{"not_picked":["Dodge and Roll","Calculated Gamble"],"picked":"Blur","floor":11},{"not_picked":["Quick Slash","Backstab"],"picked":"Cloak And Dagger","floor":13},{"not_picked":["Concentrate","Quick Slash"],"picked":"Bouncing Flask","floor":14},{"not_picked":["Unload","Adrenaline"],"picked":"Burst","floor":16},{"not_picked":["Dagger Spray","Acrobatics"],"picked":"Poisoned Stab","floor":22},{"not_picked":["Dagger Spray","Finisher"],"picked":"Setup","floor":23},{"not_picked":["Tactician","Glass Knife"],"picked":"Bullet Time","floor":33},{"not_picked":["Setup","Infinite Blades"],"picked":"Leg Sweep","floor":35},{"not_picked":["Cloak And Dagger","Riddle With Holes"],"picked":"Deadly Poison","floor":38},{"not_picked":["Mind Blast","Enlightenment"],"picked":"Master of Strategy","floor":41},{"not_picked":["Acrobatics","Dagger Throw"],"picked":"Backflip","floor":42},{"not_picked":["All Out Attack","Distraction"],"picked":"Flechettes","floor":47}],"player_experience":398064,"potions_floor_usage":[11,18,23,23,29,29,33,44,47,50,50,50],"damage_taken":[{"damage":6,"enemies":"2 Louse","floor":1,"turns":4},{"damage":0,"enemies":"Jaw Worm","floor":7,"turns":3},{"damage":0,"enemies":"Cultist","floor":8,"turns":3},{"damage":13,"enemies":"Gremlin Nob","floor":11,"turns":3},{"damage":3,"enemies":"Blue Slaver","floor":13,"turns":3},{"damage":1,"enemies":"Looter","floor":14,"turns":3},{"damage":24,"enemies":"Hexaghost","floor":16,"turns":7},{"damage":8,"enemies":"2 Thieves","floor":18,"turns":4},{"damage":4,"enemies":"Shell Parasite","floor":22,"turns":2},{"damage":18,"enemies":"Slavers","floor":23,"turns":6},{"damage":4,"enemies":"Snecko","floor":28,"turns":4},{"damage":7,"enemies":"3 Cultists","floor":29,"turns":5},{"damage":24,"enemies":"Collector","floor":33,"turns":9},{"damage":5,"enemies":"3 Darklings","floor":35,"turns":9},{"damage":0,"enemies":"Orb Walker","floor":37,"turns":4},{"damage":0,"enemies":"Sphere and 2 Shapes","floor":38,"turns":6},{"damage":11,"enemies":"3 Darklings","floor":39,"turns":7},{"damage":0,"enemies":"Maw","floor":42,"turns":7},{"damage":21,"enemies":"Sphere and 2 Shapes","floor":44,"turns":6},{"damage":5,"enemies":"Giant Head","floor":47,"turns":8},{"damage":43,"enemies":"Time Eater","floor":50,"turns":12}],"event_choices":[{"event_name":"Big Fish","player_choice":"Donut","floor":3,"damage_taken":0},{"event_name":"The Cleric","player_choice":"Card Removal","floor":4,"damage_taken":0},{"event_name":"Transmorgrifier","player_choice":"Transform","floor":5,"damage_taken":0},{"event_name":"The Library","player_choice":"Read","floor":19,"damage_taken":0},{"event_name":"Transmorgrifier","player_choice":"Transform","floor":20,"damage_taken":0},{"event_name":"Addict","player_choice":"Ignored","floor":25,"damage_taken":0},{"event_name":"SensoryStone","player_choice":"Memory 1","floor":41,"damage_taken":0},{"event_name":"The Lab","player_choice":"Got Potions","floor":48,"damage_taken":0}],"boss_relics":[{"not_picked":["Orrery","Lizard Tail"],"picked":"Astrolabe"},{"not_picked":["Calling Bell","Runic Dome"],"picked":"Cursed Key"}],"potions_floor_spawned":[1,7,16,22,23,28,37,39,42],"seed_played":"7800625176992958159","ascension_level":0,"is_trial":false}