{"gold_per_floor":[112,128,143,15,31,31,64,64,64,64,29,44,59,59,59,154,154,173,173,192,467,16,16,16],"floor_reached":24,"playtime":761,"items_purged":["Strike_B","Regret"],"score":304,"play_id":"d00be84a-147f-4f12-a491-bbb0e9aa910e","local_time":"20181003222803","is_ascension_mode":true,"campfire_choices":[{"data":"Streamline","floor":6,"key":"SMITH"},{"data":"Zap","floor":10,"key":"SMITH"},{"data":"Hologram","floor":15,"key":"SMITH"},{"data":"Fission","floor":23,"key":"SMITH"}],"neow_cost":"","seed_source_timestamp":736974973088,"circlet_count":0,"master_deck":["Strike_B","Strike_B","Strike_B","Defend_B","Defend_B","Defend_B","Defend_B","Zap+1","Dualcast","AscendersBane","Redo","FTL","Ball Lightning","Hologram+1","Streamline+1","Melter","Doom and Gloom","BootSequence","Steam","Parasite","Fission+1","Double Energy","Beam Cell","Rip and Tear","Skim"],"relics":["Cracked Core","Ancient Tea Set","Regal Pillow","Busted Crown","Bronze Scales"],"potions_floor_usage":[5,16,24],"damage_taken":[{"damage":1,"enemies":"Cultist","floor":1,"turns":3},{"damage":2,"enemies":"Jaw Worm","floor":2,"turns":4},{"damage":2,"enemies":"Small Slimes","floor":3,"turns":4},{"damage":8,"enemies":"3 Louse","floor":5,"turns":3},{"damage":12,"enemies":"3 Sentries","floor":7,"turns":6},{"damage":11,"enemies":"Looter","floor":12,"turns":2},{"damage":1,"enemies":"Exordium Thugs","floor":13,"turns":3},{"damage":33,"enemies":"Slime Boss","floor":16,"turns":7},{"damage":2,"enemies":"Shell Parasite","floor":18,"turns":5},{"damage":14,"enemies":"3 Byrds","floor":20,"turns":4},{"damage":45,"enemies":"Snecko","floor":24,"turns":4}],"seed_played":"-3729293591297883130","potions_obtained":[{"floor":3,"key":"SkillPotion"},{"floor":12,"key":"Explosive Potion"},{"floor":13,"key":"Dexterity Potion"},{"floor":18,"key":"PowerPotion"}],"is_trial":false,"path_per_floor":["M","M","M","$","M","R","E","$","T","R","$","M","M","?","R","B",null,"M","?","M","?","$","R"],"character_chosen":"DEFECT","items_purchased":["Hologram","Doom and Gloom","Bronze Scales","Beam Cell","Rip and Tear","Skim"],"campfire_rested":0,"item_purchase_floors":[4,11,22,22,22,22],"current_hp_per_floor":[67,65,63,63,55,55,43,43,43,43,43,32,31,49,49,16,60,58,58,44,44,44,44,0],"gold":16,"neow_bonus":"","is_prod":false,"is_daily":false,"chose_seed":false,"campfire_upgraded":4,"win_rate":0,"timestamp":1538598483,"path_taken":["M","M","?","$","M","R","E","?","T","R","$","M","M","?","R","BOSS","M","?","?","?","$","R","M"],"build_version":"2018-09-27","purchased_purges":2,"victory":false,"max_hp_per_floor":[75,75,75,75,75,75,75,75,75,75,75,75,75,75,75,75,75,75,75,75,75,75,75,75],"card_choices":[{"not_picked":["Fusion","Leap"],"picked":"Redo","floor":1},{"not_picked":["Steam","Cold Snap"],"picked":"FTL","floor":2},{"not_picked":["Reprogram","Hyperbeam"],"picked":"Ball Lightning","floor":3},{"not_picked":["Gash","Reprogram"],"picked":"Streamline","floor":5},{"not_picked":["Double Energy","Compile Driver"],"picked":"Melter","floor":7},{"not_picked":["Steam","Sweeping Beam"],"picked":"BootSequence","floor":12},{"not_picked":["Redo","Hologram"],"picked":"Steam","floor":13},{"not_picked":["Biased Cognition","Hyperbeam"],"picked":"Fission","floor":16},{"not_picked":["Rebound"],"picked":"SKIP","floor":18},{"not_picked":[],"picked":"Double Energy","floor":20}],"player_experience":804853,"relics_obtained":[{"floor":7,"key":"Ancient Tea Set"},{"floor":9,"key":"Regal Pillow"}],"event_choices":[{"event_name":"Mushrooms","player_choice":"Healed and dodged fight","floor":14,"damage_taken":0},{"event_name":"Vampires","player_choice":"Ignored","floor":19,"damage_taken":0},{"event_name":"Golden Shrine","player_choice":"Desecrate","floor":21,"damage_taken":0}],"is_beta":false,"boss_relics":[{"not_picked":["Coffee Dripper","Cursed Key"],"picked":"Busted Crown"}],"items_purged_floors":[4,22],"is_endless":false,"potions_floor_spawned":[3,12,13,18],"killed_by":"Snecko","ascension_level":11}