{"gold_per_floor":[119,119,133,153,172,172,186,186,186,212,233,233,57,57],"floor_reached":14,"playtime":818,"items_purged":["Strike_R"],"score":90,"play_id":"b875d041-135c-43fe-a2c2-afc41a11cf8f","local_time":"20181014044113","is_ascension_mode":false,"campfire_choices":[{"data":"Bash","floor":6,"key":"SMITH"},{"data":"Corruption","floor":8,"key":"SMITH"}],"neow_cost":"TEN_PERCENT_HP_LOSS","seed_source_timestamp":212594398242611,"circlet_count":0,"master_deck":["Strike_R","Strike_R","Strike_R","Defend_R","Defend_R","Defend_R","Bash+1","Bloodletting","Corruption+1","Flex","Metallicize","Limit Break","Pummel","Battle Trance","Dual Wield","Searing Blow","Sever Soul+1","Headbutt+1","Jack Of All Trades"],"relics":["Burning Blood","Molten Egg 2","Torii","Odd Mushroom","Meat on the Bone"],"potions_floor_usage":[10,10,11,14],"damage_taken":[{"damage":11,"enemies":"Jaw Worm","floor":1,"turns":3},{"damage":5,"enemies":"Cultist","floor":3,"turns":4},{"damage":5,"enemies":"2 Louse","floor":4,"turns":2},{"damage":20,"enemies":"Red Slaver","floor":5,"turns":4},{"damage":16,"enemies":"2 Fungi Beasts","floor":7,"turns":3},{"damage":5,"enemies":"Gremlin Nob","floor":10,"turns":4},{"damage":41,"enemies":"The Mushroom Lair","floor":11,"turns":5},{"damage":7,"enemies":"Large Slime","floor":14,"turns":2}],"seed_played":"7542167999661382458","potions_obtained":[{"floor":1,"key":"AttackPotion"},{"floor":7,"key":"EssenceOfSteel"},{"floor":10,"key":"Regen Potion"},{"floor":11,"key":"AttackPotion"}],"is_trial":false,"path_per_floor":["M","?","M","M","M","R","M","R","T","E","?","?","$"],"character_chosen":"IRONCLAD","items_purchased":["Jack Of All Trades"],"campfire_rested":0,"item_purchase_floors":[13],"current_hp_per_floor":[67,67,68,69,55,55,45,45,45,46,25,7,7,0],"gold":57,"neow_bonus":"TRANSFORM_TWO_CARDS","is_prod":false,"is_daily":false,"chose_seed":false,"campfire_upgraded":2,"win_rate":0.0,"timestamp":1539445273,"path_taken":["M","?","M","M","M","R","?","R","T","E","?","?","$","M"],"build_version":"2018-10-11","purchased_purges":1,"victory":false,"max_hp_per_floor":[72,72,72,72,72,72,72,72,72,72,72,72,72,72],"card_choices":[{"not_picked":["Shrug It Off","Body Slam"],"picked":"Flex","floor":1},{"not_picked":["Clothesline","Dual Wield"],"picked":"Pummel","floor":3},{"not_picked":["Iron Wave","Heavy Blade"],"picked":"Battle Trance","floor":4},{"not_picked":["Sword Boomerang","Intimidate"],"picked":"Dual Wield","floor":5},{"not_picked":["Sword Boomerang","Disarm"],"picked":"Searing Blow","floor":7},{"not_picked":["Armaments","Uppercut+1"],"picked":"Sever Soul+1","floor":10},{"not_picked":["Hemokinesis+1","Shrug It Off"],"picked":"Headbutt+1","floor":11}],"player_experience":24920,"relics_obtained":[{"floor":9,"key":"Molten Egg 2"},{"floor":10,"key":"Torii"},{"floor":11,"key":"Odd Mushroom"}],"event_choices":[{"event_name":"Match and Keep!","player_choice":"2 cards matched","floor":2,"damage_taken":0},{"event_name":"Mushrooms","player_choice":"Fought Mushrooms","floor":11,"damage_taken":0},{"event_name":"Scrap Ooze","player_choice":"success","floor":12,"damage_taken":18}],"is_beta":false,"boss_relics":[],"items_purged_floors":[13],"is_endless":false,"potions_floor_spawned":[1,7,10,11],"killed_by":"Large Slime","ascension_level":0}