{"path_per_floor":["M","M","?","?","M","R","E","R","T","M","$","M","R","M","R","B",null,"M","M","?","M","?","R","M","R","T","E","$","M","T"],"character_chosen":"DEFECT","items_purchased":["Core Surge","Hologram","Letter Opener","Leap"],"gold_per_floor":[118,129,129,129,142,142,171,171,171,184,1,12,12,28,28,127,127,138,150,400,419,379,379,390,390,413,438,58,74,128,128],"floor_reached":31,"campfire_rested":0,"playtime":2360,"item_purchase_floors":[11,11,28,28],"current_hp_per_floor":[75,72,65,65,63,63,34,34,34,32,32,30,30,27,27,19,75,69,63,63,36,36,36,30,30,30,5,5,5,5,0],"items_purged":["Regret"],"gold":128,"score":308,"play_id":"f3372b07-4eb9-4ef5-bb78-11d05d551a16","local_time":"20180604214714","is_prod":false,"is_daily":false,"chose_seed":false,"is_ascension_mode":true,"campfire_upgraded":6,"win_rate":0,"timestamp":1528141634,"campfire_choices":[{"data":"Zap","floor":6,"key":"SMITH"},{"data":"White Noise","floor":8,"key":"SMITH"},{"data":"Chaos","floor":13,"key":"SMITH"},{"data":"Redo","floor":15,"key":"SMITH"},{"data":"Creative AI","floor":23,"key":"SMITH"},{"data":"Tempest","floor":25,"key":"SMITH"}],"path_taken":["M","M","?","?","M","R","E","R","T","M","?","?","R","M","R","BOSS","M","M","?","?","?","R","M","R","T","E","$","?","?","M"],"build_version":"2018-05-31","seed_source_timestamp":110899416185860,"purchased_purges":1,"victory":false,"master_deck":["Strike_B","Strike_B","Defend_B","Defend_B","Defend_B","Defend_B","Zap+1","Dualcast","Redo+1","Cold Snap","Chaos+1","Barrage","Hologram","Redo","Tempest+1","Rip and Tear","White Noise+1","Coolheaded","Conserve Battery","Core Surge","Hologram","Hello World","Glacier","Creative AI+1","Compile Driver+1","Barrage+1","Skim","Stack","Leap","Capacitor"],"max_hp_per_floor":[75,75,75,75,75,75,75,75,75,75,75,75,75,75,75,75,75,75,75,75,75,75,75,75,75,75,75,75,75,75,75],"relics":["Orrery","Dream Catcher","Cables","Nuclear Battery","Oddly Smooth Stone","Blue Candle","Letter Opener","Art of War"],"card_choices":[{"not_picked":["Undo","Gash"],"picked":"Redo","floor":0},{"not_picked":["Heatsinks","Go for the Eyes"],"picked":"Cold Snap","floor":0},{"not_picked":["Compile Driver","Reprogram"],"picked":"Chaos","floor":0},{"not_picked":["Loop","Coolheaded"],"picked":"Barrage","floor":0},{"not_picked":["Steam","Melter"],"picked":"Hologram","floor":0},{"not_picked":["Chaos","Reprogram"],"picked":"Redo","floor":1},{"not_picked":["Rebound","Hyperbeam"],"picked":"Tempest","floor":2},{"not_picked":["Leap","Hologram"],"picked":"White Noise","floor":5},{"not_picked":["Storm","Beam Cell"],"picked":"Coolheaded","floor":7},{"not_picked":["Compile Driver","Rebound"],"picked":"Conserve Battery","floor":10},{"not_picked":["Sunder","Storm"],"picked":"Hello World","floor":12},{"not_picked":["Coolheaded","Aggregate"],"picked":"Glacier","floor":14},{"not_picked":["Biased Cognition","Amplify"],"picked":"Creative AI","floor":16},{"not_picked":["Steam","Turbo"],"picked":"Compile Driver+1","floor":18},{"not_picked":["Reprogram","Ball Lightning"],"picked":"Barrage+1","floor":19},{"not_picked":["Go for the Eyes","Streamline"],"picked":"Skim","floor":21},{"not_picked":["Turbo","Steam"],"picked":"Stack","floor":24},{"not_picked":["Gash","Darkness","Sweeping Beam"],"picked":"SKIP","floor":27},{"not_picked":["Multi-Cast","Consume"],"picked":"Capacitor","floor":29}],"player_experience":711216,"potions_floor_usage":[7,14,14,16,18,19,24,27,29,29],"damage_taken":[{"damage":0,"enemies":"Small Slimes","floor":1,"turns":4},{"damage":3,"enemies":"2 Louse","floor":2,"turns":3},{"damage":2,"enemies":"Jaw Worm","floor":5,"turns":4},{"damage":29,"enemies":"Gremlin Nob","floor":7,"turns":4},{"damage":2,"enemies":"Blue Slaver","floor":10,"turns":3},{"damage":2,"enemies":"Red Slaver","floor":12,"turns":4},{"damage":3,"enemies":"Lots of Slimes","floor":14,"turns":3},{"damage":8,"enemies":"Hexaghost","floor":16,"turns":9},{"damage":6,"enemies":"3 Byrds","floor":18,"turns":4},{"damage":6,"enemies":"Shell Parasite","floor":19,"turns":2},{"damage":27,"enemies":"Snake Plant","floor":21,"turns":4},{"damage":6,"enemies":"Snecko","floor":24,"turns":5},{"damage":25,"enemies":"Book of Stabbing","floor":27,"turns":7},{"damage":0,"enemies":"3 Cultists","floor":29,"turns":3},{"damage":15,"enemies":"Centurion and Healer","floor":31,"turns":2}],"relics_obtained":[{"floor":7,"key":"Dream Catcher"},{"floor":9,"key":"Cables"},{"floor":26,"key":"Oddly Smooth Stone"},{"floor":27,"key":"Blue Candle"},{"floor":30,"key":"Art of War"}],"event_choices":[{"event_name":"Golden Wing","player_choice":"Card Removal","floor":3,"damage_taken":0},{"event_name":"Transmorgrifier","player_choice":"Transform","floor":4,"damage_taken":0},{"event_name":"Golden Shrine","player_choice":"Desecrate","floor":20,"damage_taken":0},{"event_name":"The Woman in Blue","player_choice":"Bought 3 Potions","floor":22,"damage_taken":0}],"boss_relics":[{"not_picked":["White Beast Statue","Astrolabe"],"picked":"Nuclear Battery"}],"items_purged_floors":[28],"potions_floor_spawned":[1,5,7,14,16,18,24,29],"seed_played":"7414023564069760941","killed_by":"Centurion and Healer","ascension_level":4,"potions_obtained":[{"floor":1,"key":"LiquidBronze"},{"floor":5,"key":"Weak Potion"},{"floor":7,"key":"SpeedPotion"},{"floor":14,"key":"FearPotion"},{"floor":16,"key":"AttackPotion"},{"floor":18,"key":"Energy Potion"},{"floor":22,"key":"Fire Potion"},{"floor":22,"key":"Weak Potion"},{"floor":22,"key":"Explosive Potion"},{"floor":24,"key":"Strength Potion"},{"floor":29,"key":"SmokeBomb"}],"is_trial":false}