{"gold_per_floor":[114,131,37,37,37,37,68,68,68,87,104,115,115,146,146,217,217,229,244,244,258,274,274,274,290,290,307,307,332,2,17,17,17],"floor_reached":33,"playtime":1503,"items_purged":[],"score":502,"play_id":"ed416bea-5c9a-400e-84a3-c791a4605e76","local_time":"20181028231144","is_ascension_mode":true,"campfire_choices":[{"data":"Zap","floor":6.0,"key":"SMITH"},{"data":"Genetic Algorithm","floor":8.0,"key":"SMITH"},{"floor":13.0,"key":"REST"},{"floor":15.0,"key":"REST"},{"floor":23.0,"key":"REST"},{"floor":28.0,"key":"REST"},{"floor":32.0,"key":"REST"}],"neow_cost":"NONE","seed_source_timestamp":38662593418688,"circlet_count":0,"master_deck":["Strike_B","Strike_B","Strike_B+1","Strike_B","Defend_B","Defend_B","Defend_B","Defend_B","Zap+1","Dualcast","AscendersBane","Genetic Algorithm+1","Coolheaded+1","Sunder+1","Ball Lightning","Steam","Gash","Beam Cell","Compile Driver","Auto Shields","Core Surge","Rip and Tear","Cold Snap","Gash","Loop","Turbo","Defragment+1"],"special_seed":0,"relics":["Cracked Core","NeowsBlessing","Shuriken","Singing Bowl","Bottled Flame","Inserter","Mummified Hand","Incense Burner","Frozen Egg 2"],"potions_floor_usage":[33,33],"damage_taken":[{"damage":0.0,"enemies":"2 Louse","floor":1.0,"turns":1.0},{"damage":0.0,"enemies":"Cultist","floor":2.0,"turns":1.0},{"damage":0.0,"enemies":"3 Sentries","floor":7.0,"turns":1.0},{"damage":3.0,"enemies":"Small Slimes","floor":10.0,"turns":2.0},{"damage":18.0,"enemies":"3 Louse","floor":11.0,"turns":4.0},{"damage":2.0,"enemies":"Large Slime","floor":12.0,"turns":3.0},{"damage":15.0,"enemies":"Lagavulin","floor":14.0,"turns":6.0},{"damage":20.0,"enemies":"Hexaghost","floor":16.0,"turns":10.0},{"damage":15.0,"enemies":"Spheric Guardian","floor":18.0,"turns":4.0},{"damage":17.0,"enemies":"Shell Parasite","floor":19.0,"turns":5.0},{"damage":11.0,"enemies":"Centurion and Healer","floor":21.0,"turns":8.0},{"damage":28.0,"enemies":"Snake Plant","floor":22.0,"turns":6.0},{"damage":10.0,"enemies":"3 Cultists","floor":25.0,"turns":6.0},{"damage":29.0,"enemies":"Shelled Parasite and Fungi","floor":27.0,"turns":6.0},{"damage":13.0,"enemies":"Slavers","floor":29.0,"turns":5.0},{"damage":14.0,"enemies":"Centurion and Healer","floor":31.0,"turns":4.0},{"damage":55,"enemies":"Champ","floor":33,"turns":7}],"seed_played":"-4511759205831997834","potions_obtained":[{"floor":1.0,"key":"Dexterity Potion"},{"floor":7.0,"key":"FearPotion"},{"floor":14.0,"key":"SkillPotion"},{"floor":16.0,"key":"Ancient Potion"},{"floor":21.0,"key":"SkillPotion"},{"floor":24.0,"key":"FearPotion"},{"floor":24.0,"key":"SkillPotion"},{"floor":25.0,"key":"FearPotion"},{"floor":27.0,"key":"LiquidBronze"},{"floor":31.0,"key":"AttackPotion"}],"is_trial":false,"path_per_floor":["M","M","$","?","?","R","E","R","T","M","M","M","R","E","R","B",null,"M","M","?","M","M","R","?","M","T","M","R","E","$","M","R"],"character_chosen":"DEFECT","items_purchased":["Sunder","Ball Lightning","Frozen Egg 2","Defragment+1"],"campfire_rested":5,"item_purchase_floors":[3,3,30,30],"current_hp_per_floor":[68,68,68,68,53,53,53,53,53,50,32,30,52,37,59,39,66,51,36,61,52,24,47,47,37,37,8,31,18,18,6,30,0],"gold":17,"neow_bonus":"THREE_ENEMY_KILL","is_prod":false,"is_daily":false,"chose_seed":false,"campfire_upgraded":2,"win_rate":0,"timestamp":1540764704,"path_taken":["M","M","$","?","?","R","E","R","T","M","M","M","R","E","R","BOSS","M","?","?","M","M","R","?","M","T","M","R","E","$","M","R","BOSS"],"build_version":"2018-10-25v2","purchased_purges":0,"victory":false,"max_hp_per_floor":[75,75,75,75,75,75,75,75,75,75,75,75,75,75,75,75,75,75,77,77,79,79,79,79,79,79,79,79,79,79,81,81,81],"card_choices":[{"not_picked":["Lockon","Steam"],"picked":"Genetic Algorithm","floor":1.0},{"not_picked":["Redo","Melter"],"picked":"Coolheaded","floor":2.0},{"not_picked":["Aggregate","Reprogram"],"picked":"Steam","floor":7.0},{"not_picked":["Leap","Coolheaded"],"picked":"Gash","floor":10.0},{"not_picked":["Hello World","Auto Shields"],"picked":"Beam Cell","floor":11.0},{"not_picked":["Steam Power","Tempest"],"picked":"Compile Driver","floor":12.0},{"not_picked":["Steam Power","Turbo"],"picked":"Auto Shields","floor":14.0},{"not_picked":["Hyperbeam","Amplify"],"picked":"Core Surge","floor":16.0},{"not_picked":["Beam Cell","Hologram"],"picked":"Rip and Tear","floor":18.0},{"not_picked":["Beam Cell","Capacitor","Redo"],"picked":"Singing Bowl","floor":19.0},{"not_picked":["Genetic Algorithm","Darkness","Redo"],"picked":"Singing Bowl","floor":21.0},{"not_picked":["Steam+1","Self Repair"],"picked":"Cold Snap","floor":22.0},{"not_picked":["Sweeping Beam","Stack"],"picked":"Gash","floor":25.0},{"not_picked":["Tempest","Cold Snap+1"],"picked":"Loop","floor":27.0},{"not_picked":["Force Field+1","Steam Power"],"picked":"Turbo","floor":29.0},{"not_picked":["Beam Cell","Ball Lightning","Reprogram"],"picked":"Singing Bowl","floor":31.0}],"player_experience":1043145,"relics_obtained":[{"floor":7.0,"key":"Shuriken"},{"floor":9.0,"key":"Singing Bowl"},{"floor":14.0,"key":"Bottled Flame"},{"floor":26.0,"key":"Mummified Hand"},{"floor":29.0,"key":"Incense Burner"}],"event_choices":[{"damage_healed":0.0,"max_hp_gain":0.0,"max_hp_loss":0.0,"gold_gain":0.0,"event_name":"Accursed Blacksmith","player_choice":"Forge","floor":4.0,"gold_loss":0.0,"damage_taken":0.0,"cards_upgraded":["Sunder"]},{"damage_healed":0.0,"max_hp_gain":0.0,"max_hp_loss":0.0,"gold_gain":0.0,"event_name":"Shining Light","player_choice":"Entered Light","floor":5.0,"gold_loss":0.0,"damage_taken":15.0,"cards_upgraded":["Strike_B","Coolheaded"]},{"damage_healed":25.0,"max_hp_gain":0.0,"max_hp_loss":0.0,"gold_gain":0.0,"event_name":"The Library","player_choice":"Heal","floor":20.0,"gold_loss":0.0,"damage_taken":0.0},{"damage_healed":0.0,"max_hp_gain":0.0,"max_hp_loss":0.0,"gold_gain":0.0,"event_name":"The Lab","player_choice":"Got Potions","floor":24.0,"gold_loss":0.0,"damage_taken":0.0}],"is_beta":false,"boss_relics":[{"not_picked":["Runic Dome","Philosopher\u0027s Stone"],"picked":"Inserter"}],"items_purged_floors":[],"is_endless":false,"potions_floor_spawned":[1,7,14,16,21,25,27,31],"killed_by":"Champ","ascension_level":13}