{"gold_per_floor":[119,69,85,95,18,53,4,4,34,47,47,9,9,68,68,170,170,187,115,131,3,0,0,0,99,99,99,99,99,128,138,138,240,240,253,267,172,172,96,96,106,106,106,106,121,138,138,148,148,148],"floor_reached":51,"playtime":2037,"items_purged":["Strike_B"],"score":661,"play_id":"82407e94-7d97-4efb-8b85-89032aaf6d7f","local_time":"20190116182607","is_ascension_mode":false,"campfire_choices":[{"data":"Streamline","floor":8.0,"key":"SMITH"},{"data":"Loop","floor":11.0,"key":"SMITH"},{"data":"Zap","floor":13.0,"key":"SMITH"},{"data":"Beam Cell","floor":15.0,"key":"SMITH"},{"data":"Defragment","floor":23.0,"key":"SMITH"},{"data":"Electrodynamics","floor":27.0,"key":"SMITH"},{"data":"Go for the Eyes","floor":29.0,"key":"SMITH"},{"floor":32.0,"key":"REST"},{"data":"Capacitor","floor":40.0,"key":"SMITH"},{"data":"Coolheaded","floor":42.0,"key":"SMITH"},{"data":"Coolheaded","floor":44.0,"key":"SMITH"},{"floor":49,"key":"REST"}],"neow_cost":"NONE","seed_source_timestamp":191214654709755,"circlet_count":0,"master_deck":["Defend_B","Defend_B","Defend_B","Defend_B","Zap+1","Dualcast","Streamline+1","Beam Cell+1","Coolheaded+1","Coolheaded+1","Go for the Eyes+1","Glacier","Gash+1","Loop+1","Double Energy","Electrodynamics+1","All For One+1","All For One+1","Go for the Eyes+1","Skim+1","Defragment+1","Steam","Leap","Cold Snap+1","Sunder+1","Leap","Capacitor+1","Ball Lightning+1","Defragment+1","FTL+1"],"special_seed":0,"relics":["Cracked Core","Molten Egg 2","Tiny Chest","Dodecahedron","Astrolabe","Pen Nib","Mercury Hourglass","Ornamental Fan","Busted Crown","Blue Candle"],"potions_floor_usage":[46,48],"damage_taken":[{"damage":2.0,"enemies":"2 Louse","floor":1.0,"turns":2.0},{"damage":0.0,"enemies":"Small Slimes","floor":3.0,"turns":1.0},{"damage":1.0,"enemies":"Cultist","floor":4.0,"turns":3.0},{"damage":4.0,"enemies":"Gremlin Nob","floor":6.0,"turns":3.0},{"damage":10.0,"enemies":"Exordium Wildlife","floor":10.0,"turns":6.0},{"damage":1.0,"enemies":"Lagavulin Event","floor":14.0,"turns":5.0},{"damage":32.0,"enemies":"Hexaghost","floor":16.0,"turns":10.0},{"damage":10.0,"enemies":"Shell Parasite","floor":18.0,"turns":3.0},{"damage":5.0,"enemies":"3 Byrds","floor":20.0,"turns":4.0},{"damage":18.0,"enemies":"Slavers","floor":30.0,"turns":3.0},{"damage":6.0,"enemies":"Snecko","floor":31.0,"turns":3.0},{"damage":9.0,"enemies":"Collector","floor":33.0,"turns":9.0},{"damage":9.0,"enemies":"3 Darklings","floor":35.0,"turns":3.0},{"damage":0.0,"enemies":"3 Shapes","floor":36.0,"turns":4.0},{"damage":0.0,"enemies":"Sphere and 2 Shapes","floor":41.0,"turns":3.0},{"damage":13.0,"enemies":"4 Shapes","floor":45.0,"turns":3.0},{"damage":15,"enemies":"Maw","floor":46,"turns":5},{"damage":13,"enemies":"Writhing Mass","floor":48,"turns":5},{"damage":26,"enemies":"Donu and Deca","floor":50,"turns":9}],"seed_played":"-3872945562854043938","potions_obtained":[{"floor":1.0,"key":"AttackPotion"},{"floor":4.0,"key":"Strength Potion"},{"floor":10.0,"key":"Weak Potion"},{"floor":18.0,"key":"Poison Potion"},{"floor":30.0,"key":"Swift Potion"},{"floor":36.0,"key":"Explosive Potion"},{"floor":45.0,"key":"Swift Potion"},{"floor":46,"key":"Poison Potion"}],"is_trial":false,"path_per_floor":["M","?","M","M","$","E","$","R","T","M","R","?","R","?","R","B",null,"M","$","M","$","?","R","?","?","T","R","T","R","E","M","R","B",null,"M","M","$","?","$","R","M","R","T","R","M","M","?","M","R","B",null],"character_chosen":"DEFECT","items_purchased":["Coolheaded","Go for the Eyes","Gash+1","Defragment","Leap","Capacitor","Ball Lightning+1","FTL+1"],"campfire_rested":2,"item_purchase_floors":[5,5,7,19,21,37,37,39],"current_hp_per_floor":[73,73,73,72,72,68,68,68,68,58,58,58,58,57,57,25,75,65,65,60,60,60,60,60,60,60,60,60,60,42,36,58,49,75,66,66,66,66,66,66,66,66,66,66,53,38,38,25,47,21],"gold":148,"neow_bonus":"RANDOM_COLORLESS","is_prod":false,"is_daily":false,"chose_seed":false,"campfire_upgraded":10,"win_rate":0,"timestamp":1547659567,"path_taken":["M","?","M","M","$","E","$","R","T","M","R","?","R","?","R","BOSS","M","$","M","$","?","R","?","?","T","R","?","R","E","?","R","BOSS","M","M","$","?","$","R","M","R","T","R","M","?","?","M","R","BOSS"],"build_version":"2019-01-10","purchased_purges":1,"victory":true,"max_hp_per_floor":[75,75,75,75,75,75,75,75,75,75,75,75,75,75,75,75,75,75,75,75,75,75,75,75,75,75,75,75,75,75,75,75,75,75,75,75,75,75,75,75,75,75,75,75,75,75,75,75,75,75],"card_choices":[{"not_picked":["Chaos","Turbo"],"picked":"Streamline","floor":1.0},{"not_picked":["Go for the Eyes","Rip and Tear"],"picked":"Beam Cell","floor":3.0},{"not_picked":["Barrage","Genetic Algorithm"],"picked":"Coolheaded","floor":4.0},{"not_picked":["Ball Lightning","Force Field"],"picked":"Glacier","floor":6.0},{"not_picked":["Steam","Beam Cell+1"],"picked":"Loop","floor":10.0},{"not_picked":["Steam Power","Static Discharge"],"picked":"Double Energy","floor":14.0},{"not_picked":["Buffer","Meteor Strike+1"],"picked":"Electrodynamics","floor":16.0},{"not_picked":["Rip and Tear+1","Cold Snap+1"],"picked":"Skim","floor":18.0},{"not_picked":["Streamline+1","Sweeping Beam+1"],"picked":"Steam","floor":20.0},{"not_picked":["Redo","Stack"],"picked":"Cold Snap+1","floor":30.0},{"not_picked":["Redo","Barrage+1","Blizzard+1"],"picked":"SKIP","floor":31.0},{"not_picked":[],"picked":"Sunder+1","floor":35.0},{"not_picked":[],"picked":"Leap","floor":36.0},{"not_picked":["Cold Snap+1"],"picked":"SKIP","floor":41.0},{"not_picked":["Steam Power"],"picked":"SKIP","floor":45.0},{"not_picked":["Recycle+1"],"picked":"SKIP","floor":46},{"not_picked":["Ball Lightning+1"],"picked":"SKIP","floor":48}],"player_experience":1055422,"relics_obtained":[{"floor":6.0,"key":"Molten Egg 2"},{"floor":9.0,"key":"Tiny Chest"},{"floor":14.0,"key":"Dodecahedron"},{"floor":26.0,"key":"Pen Nib"},{"floor":28.0,"key":"Mercury Hourglass"},{"floor":30.0,"key":"Ornamental Fan"},{"floor":43.0,"key":"Blue Candle"}],"event_choices":[{"cards_removed":["Purity"],"damage_healed":0.0,"max_hp_gain":0.0,"max_hp_loss":0.0,"gold_gain":0.0,"event_name":"The Cleric","player_choice":"Card Removal","floor":2.0,"gold_loss":50.0,"damage_taken":0.0},{"damage_healed":0.0,"max_hp_gain":0.0,"max_hp_loss":0.0,"gold_gain":0.0,"event_name":"World of Goop","player_choice":"Left Gold","floor":12.0,"gold_loss":38.0,"damage_taken":0.0},{"damage_healed":0.0,"max_hp_gain":0.0,"max_hp_loss":0.0,"gold_gain":0.0,"event_name":"Dead Adventurer","player_choice":"Searched \u00271\u0027 times","floor":14.0,"gold_loss":0.0,"damage_taken":0.0},{"damage_healed":0.0,"max_hp_gain":0.0,"max_hp_loss":0.0,"gold_gain":0.0,"event_name":"Masked Bandits","player_choice":"Paid Fearfully","floor":22.0,"gold_loss":3.0,"damage_taken":0.0},{"damage_healed":0.0,"max_hp_gain":0.0,"max_hp_loss":0.0,"gold_gain":0.0,"event_name":"Beggar","player_choice":"Ignored","floor":24.0,"gold_loss":0.0,"damage_taken":0.0},{"damage_healed":0.0,"max_hp_gain":0.0,"max_hp_loss":0.0,"gold_gain":99.0,"event_name":"Nest","player_choice":"Stole From Cult","floor":25.0,"gold_loss":0.0,"damage_taken":0.0},{"damage_healed":0.0,"max_hp_gain":0.0,"max_hp_loss":0.0,"gold_gain":0.0,"event_name":"Duplicator","player_choice":"Copied","floor":38.0,"gold_loss":0.0,"damage_taken":0.0,"cards_obtained":["Defragment"]},{"damage_healed":0,"gold_gain":0,"player_choice":"Forge","damage_taken":0,"max_hp_gain":0,"max_hp_loss":0,"event_name":"Accursed Blacksmith","floor":47,"gold_loss":0,"cards_upgraded":["Skim"]}],"is_beta":false,"boss_relics":[{"not_picked":["Snecko Eye","Runic Pyramid"],"picked":"Astrolabe"},{"not_picked":["Coffee Dripper","Orrery"],"picked":"Busted Crown"}],"items_purged_floors":[21],"is_endless":false,"potions_floor_spawned":[1,4,10,18,30,36,45,46],"ascension_level":0}