{"path_per_floor":["M","?","?","$","M","R","M","R","T","R","$","M","?","M","R","B",null,"M","M","?","M","M","R","?","E","T","R","T","$","R","M","R"],"character_chosen":"IRONCLAD","items_purchased":["Shrug It Off","Twin Strike","Bag of Preparation","Uppercut"],"gold_per_floor":[118,118,118,43,53,53,63,63,116,116,24,43,43,56,56,159,189,209,224,224,235,255,255,170,199,499,499,499,219,219,229,229,229],"floor_reached":33,"campfire_rested":2,"playtime":827,"current_hp_per_floor":[80,80,80,80,80,80,80,80,87,87,87,87,87,87,87,56,92,92,81,81,57,53,80,80,53,53,80,80,80,80,85,85,0],"items_purged":["Regret","Decay"],"gold":229,"score":255,"play_id":"b061ed8a-e9a6-4225-a96f-331d550c0843","local_time":"20180325205429","is_prod":false,"is_daily":false,"is_ascension_mode":false,"campfire_upgraded":6,"timestamp":1522004069,"path_taken":["M","?","?","$","M","R","M","R","T","R","?","M","?","M","R","BOSS","M","M","?","M","M","R","?","E","T","R","?","$","R","M","R","BOSS"],"build_version":"2018-03-22v2","purchased_purges":2,"victory":false,"master_deck":["Strike_R","Strike_R","Strike_R","Strike_R","Defend_R","Defend_R","Defend_R","Defend_R","Bash","Iron Wave+1","Ghostly Armor+1","Perfected Strike+1","Shrug It Off+1","Twin Strike","Inflame+1","Immolate","Perfected Strike+1","Bludgeon","Shrug It Off+1","Pommel Strike","Uppercut"],"max_hp_per_floor":[80,80,80,80,80,80,80,80,87,87,87,87,87,87,87,87,92,92,92,92,92,92,92,92,92,92,92,92,92,92,94,94,94],"relics":["Burning Blood","NeowsBlessing","Mercury Hourglass","Strawberry","Tiny House","Ornamental Fan","Happy Flower","Old Coin","Singing Bowl","Bag of Preparation"],"card_choices":[{"not_picked":["Rupture","Feel No Pain"],"picked":"Iron Wave","floor":1},{"not_picked":["Seeing Red","Sever Soul"],"picked":"Ghostly Armor","floor":5},{"not_picked":["Iron Wave","Brutality"],"picked":"Perfected Strike","floor":7},{"not_picked":["Clothesline","Flex"],"picked":"Inflame","floor":12},{"not_picked":["Heavy Blade","Battle Trance"],"picked":"Perfected Strike","floor":14},{"not_picked":["Barricade","Exhume"],"picked":"Bludgeon","floor":16},{"not_picked":["Flex","Blood for Blood"],"picked":"Shrug It Off","floor":17},{"not_picked":["Searing Blow","Sword Boomerang"],"picked":"Pommel Strike","floor":21}],"player_experience":148129,"potions_floor_usage":[12,19,25,25,31,33],"damage_taken":[{"damage":0,"enemies":"2 Louse","floor":1,"turns":1},{"damage":0,"enemies":"Cultist","floor":5,"turns":1},{"damage":0,"enemies":"Small Slimes","floor":7,"turns":1},{"damage":0,"enemies":"Blue Slaver","floor":12,"turns":1},{"damage":0,"enemies":"2 Fungi Beasts","floor":14,"turns":2},{"damage":37,"enemies":"Slime Boss","floor":16,"turns":7},{"damage":0,"enemies":"Chosen","floor":18,"turns":4},{"damage":23,"enemies":"Shell Parasite","floor":19,"turns":5},{"damage":30,"enemies":"Snake Plant","floor":21,"turns":3},{"damage":10,"enemies":"Snecko","floor":22,"turns":3},{"damage":42,"enemies":"Book of Stabbing","floor":25,"turns":6},{"damage":3,"enemies":"Slaver and Parasite","floor":31,"turns":6},{"damage":94,"enemies":"Collector","floor":33,"turns":11}],"event_choices":[{"event_name":"Match and Keep!","player_choice":"0 cards matched","floor":2,"damage_taken":0},{"event_name":"Big Fish","player_choice":"Box","floor":3,"damage_taken":0},{"event_name":"Living Wall","player_choice":"Change","floor":13,"damage_taken":0},{"event_name":"Forgotten Altar","player_choice":"Smashed Altar","floor":20,"damage_taken":0},{"event_name":"Addict","player_choice":"Obtained Relic","floor":24,"damage_taken":0}],"boss_relics":[{"not_picked":["Ectoplasm","Black Blood"],"picked":"Tiny House"}],"potions_floor_spawned":[5,12,14,18,19,22,25],"seed_played":"-1943768344459164563","killed_by":"Collector","ascension_level":0,"is_trial":false}