{"gold_per_floor":[119,119,119,133,58,91,91,106,158,158,77,121,139,217,217,316,316,336,193,318,318,238],"floor_reached":22,"playtime":1973,"items_purged":["Strike_R","Strike_R"],"score":380,"play_id":"30abb047-2532-453f-8102-ceef4025b666","local_time":"20190130203027","is_ascension_mode":true,"campfire_choices":[{"floor":7.0,"key":"REST"},{"data":"Clothesline","floor":10.0,"key":"SMITH"},{"floor":15.0,"key":"REST"}],"neow_cost":"NONE","seed_source_timestamp":1574994949896160,"circlet_count":0,"master_deck":["AscendersBane","Strike_R","Strike_R","Strike_R","Defend_R","Defend_R+1","Defend_R","Defend_R","Bash+1","Clothesline+1","Anger","Shrug It Off","Limit Break+1","Inflame","Shockwave","Metallicize","Shrug It Off","Immolate","Twin Strike","Feel No Pain","Pummel","Limit Break+1"],"special_seed":0,"relics":["Burning Blood","Golden Idol","Bag of Marbles","Anchor","War Paint","Shuriken","Runic Pyramid","Pocketwatch","Letter Opener"],"potions_floor_usage":[],"damage_taken":[{"damage":8.0,"enemies":"Jaw Worm","floor":1.0,"turns":5.0},{"damage":7.0,"enemies":"Small Slimes","floor":4.0,"turns":4.0},{"damage":51.0,"enemies":"Lagavulin","floor":6.0,"turns":7.0},{"damage":0.0,"enemies":"Cultist","floor":8.0,"turns":3.0},{"damage":24.0,"enemies":"3 Sentries","floor":12.0,"turns":10.0},{"damage":0.0,"enemies":"Exordium Thugs","floor":13.0,"turns":4.0},{"damage":9.0,"enemies":"3 Sentries","floor":14.0,"turns":8.0},{"damage":34.0,"enemies":"Hexaghost","floor":16.0,"turns":11.0},{"damage":12,"enemies":"Shell Parasite","floor":18,"turns":8},{"damage":6,"enemies":"Colosseum Slavers","floor":20,"turns":5},{"damage":45,"enemies":"Colosseum Nobs","floor":20,"turns":6},{"damage":13,"enemies":"2 Thieves","floor":22,"turns":2}],"seed_played":"-2608005089132144956","potions_obtained":[{"floor":1.0,"key":"Dexterity Potion"},{"floor":12.0,"key":"Explosive Potion"},{"floor":13.0,"key":"Energy Potion"},{"floor":16.0,"key":"LiquidBronze"},{"floor":20,"key":"Strength Potion"}],"is_trial":false,"path_per_floor":["M","?","$","M","$","E","R","M","T","R","$","E","M","?","R","B",null,"M","$","?","?","M"],"character_chosen":"IRONCLAD","items_purchased":["Inflame","Feel No Pain"],"campfire_rested":2,"item_purchase_floors":[11,19],"current_hp_per_floor":[66,66,66,65,65,20,40,46,46,46,46,28,34,31,51,23,57,51,51,12,12,0],"gold":238,"neow_bonus":"UPGRADE_CARD","is_prod":false,"is_daily":false,"chose_seed":false,"campfire_upgraded":1,"win_rate":0,"timestamp":1548840627,"path_taken":["M","?","$","M","$","E","R","M","T","R","$","E","M","?","R","BOSS","M","$","?","?","M"],"build_version":"2019-01-23","purchased_purges":2,"victory":false,"max_hp_per_floor":[75,68,68,68,68,68,68,68,68,68,68,68,68,68,68,68,68,68,68,68,68,68],"card_choices":[{"not_picked":["Burning Pact","Body Slam"],"picked":"Clothesline","floor":1.0},{"not_picked":["Uppercut","Iron Wave"],"picked":"Anger","floor":4.0},{"not_picked":["Pommel Strike","Havoc"],"picked":"Shrug It Off","floor":6.0},{"not_picked":["Wild Strike","Flex"],"picked":"Limit Break","floor":8.0},{"not_picked":["Perfected Strike","Second Wind"],"picked":"Shockwave","floor":12.0},{"not_picked":["Cleave","Flex"],"picked":"Metallicize","floor":13.0},{"not_picked":["Rampage","Dual Wield"],"picked":"Shrug It Off","floor":14.0},{"not_picked":["Fiend Fire","Berserk"],"picked":"Immolate","floor":16.0},{"not_picked":["Wild Strike","Warcry"],"picked":"Twin Strike","floor":18},{"not_picked":["Entrench","Perfected Strike"],"picked":"Pummel","floor":20}],"player_experience":670010,"relics_obtained":[{"floor":6.0,"key":"Bag of Marbles"},{"floor":9.0,"key":"Anchor"},{"floor":12.0,"key":"War Paint"},{"floor":14.0,"key":"Shuriken"},{"floor":20,"key":"Pocketwatch"},{"floor":20,"key":"Letter Opener"}],"event_choices":[{"damage_healed":0.0,"max_hp_gain":0.0,"max_hp_loss":7.0,"gold_gain":0.0,"event_name":"Golden Idol","player_choice":"Lose Max HP","floor":2.0,"gold_loss":0.0,"damage_taken":0.0,"relics_obtained":["Golden Idol"]},{"damage_healed":0.0,"max_hp_gain":0.0,"max_hp_loss":0.0,"gold_gain":0.0,"event_name":"Dead Adventurer","player_choice":"Searched \u00271\u0027 times","floor":14.0,"gold_loss":0.0,"damage_taken":0.0},{"damage_healed":0,"gold_gain":0,"player_choice":"Fight","damage_taken":0,"max_hp_gain":0,"max_hp_loss":0,"event_name":"Colosseum","floor":20,"gold_loss":0},{"damage_healed":0,"gold_gain":0,"player_choice":"Fought Nobs","damage_taken":0,"max_hp_gain":0,"max_hp_loss":0,"event_name":"Colosseum","floor":20,"gold_loss":0},{"damage_healed":0,"gold_gain":0,"player_choice":"Copied","damage_taken":0,"max_hp_gain":0,"max_hp_loss":0,"event_name":"Duplicator","floor":21,"gold_loss":0,"cards_obtained":["Limit Break"]}],"is_beta":false,"boss_relics":[{"not_picked":["Coffee Dripper","Philosopher\u0027s Stone"],"picked":"Runic Pyramid"}],"items_purged_floors":[5,19],"is_endless":false,"potions_floor_spawned":[1,12,13,16,20],"killed_by":"2 Thieves","ascension_level":20}