{"gold_per_floor":[114,129,144,29,44,74,89,89,114,114,189,139,154,186,186,286,286,301,316,316,331,31,31,61,11,36,51,66,66,40,55,55,155,155,170,185,200,200,215,245,260,10,10,10,25,25,40,55,55,55],"floor_reached":51,"playtime":2050,"items_purged":["Strike_G"],"score":705,"play_id":"13b02e32-37e3-4186-9099-c215fe5243f8","local_time":"20180710220016","daily_mods":["Heirloom","Uncertain Future","Lethality"],"is_ascension_mode":false,"campfire_choices":[{"data":"Neutralize","floor":8,"key":"SMITH"},{"floor":10,"key":"DIG"},{"data":"Cloak And Dagger","floor":15,"key":"SMITH"},{"data":"Envenom","floor":23,"key":"SMITH"},{"floor":29,"key":"REST"},{"floor":32,"key":"REST"},{"data":"Wraith Form v2","floor":46,"key":"SMITH"},{"data":"A Thousand Cuts","floor":49,"key":"SMITH"}],"neow_cost":"","seed_source_timestamp":0,"circlet_count":0,"master_deck":["Defend_G","Defend_G","Strike_G","Strike_G","Survivor","Neutralize+1","Deadly Poison","Dash+1","Dagger Spray","Infinite Blades","Infinite Blades","Dash+1","Bane","Backflip","Cloak And Dagger+1","Envenom+1","Dagger Spray+1","Malaise+1","Well Laid Plans","Bouncing Flask","Wraith Form v2+1","Dodge and Roll","Riddle With Holes+1","Burst","Well Laid Plans+1","Footwork+1","Backstab+1","Leg Sweep+1","A Thousand Cuts+1","Malaise","Riddle With Holes+1"],"special_seed":17723,"relics":["Ring of the Snake","Du-Vu Doll","Shovel","Whetstone","Potion Belt","Singing Bowl","Velvet Choker","Gambling Chip","Dream Catcher","Lantern","Astrolabe","Ancient Tea Set","Medical Kit","Ice Cream"],"potions_floor_usage":[6,14,24,27,33,33,35,35,40,50],"damage_taken":[{"damage":3,"enemies":"Small Slimes","floor":1,"turns":3},{"damage":1,"enemies":"Jaw Worm","floor":2,"turns":2},{"damage":0,"enemies":"2 Louse","floor":3,"turns":2},{"damage":8,"enemies":"Looter","floor":5,"turns":3},{"damage":7,"enemies":"3 Sentries","floor":6,"turns":4},{"damage":0,"enemies":"2 Fungi Beasts","floor":7,"turns":2},{"damage":0,"enemies":"3 Louse","floor":13,"turns":1},{"damage":6,"enemies":"Lagavulin Event","floor":14,"turns":4},{"damage":24,"enemies":"Hexaghost","floor":16,"turns":7},{"damage":3,"enemies":"Chosen","floor":18,"turns":4},{"damage":22,"enemies":"Shell Parasite","floor":19,"turns":5},{"damage":8,"enemies":"Snecko","floor":21,"turns":5},{"damage":27,"enemies":"Gremlin Leader","floor":24,"turns":8},{"damage":7,"enemies":"Sentry and Sphere","floor":27,"turns":3},{"damage":0,"enemies":"3 Cultists","floor":28,"turns":3},{"damage":3,"enemies":"Centurion and Healer","floor":31,"turns":6},{"damage":4,"enemies":"Automaton","floor":33,"turns":9},{"damage":8,"enemies":"3 Darklings","floor":35,"turns":5},{"damage":0,"enemies":"Flame Bruiser 1 Orb","floor":36,"turns":3},{"damage":2,"enemies":"Spire Growth","floor":37,"turns":5},{"damage":13,"enemies":"Maw","floor":39,"turns":8},{"damage":3,"enemies":"2 Orb Walkers","floor":40,"turns":5},{"damage":30,"enemies":"Sphere and 2 Shapes","floor":41,"turns":4},{"damage":0,"enemies":"Transient","floor":45,"turns":5},{"damage":0,"enemies":"Flame Bruiser 2 Orb","floor":47,"turns":4},{"damage":1,"enemies":"Sphere and 2 Shapes","floor":48,"turns":5},{"damage":25,"enemies":"Time Eater","floor":50,"turns":12}],"seed_played":"-1904894230533814690","potions_obtained":[{"floor":2,"key":"AttackPotion"},{"floor":7,"key":"Explosive Potion"},{"floor":13,"key":"SpeedPotion"},{"floor":14,"key":"GhostInAJar"},{"floor":16,"key":"SkillPotion"},{"floor":18,"key":"PowerPotion"},{"floor":21,"key":"AttackPotion"},{"floor":27,"key":"PowerPotion"},{"floor":37,"key":"Block Potion"},{"floor":39,"key":"Energy Potion"},{"floor":41,"key":"Swift Potion"},{"floor":47,"key":"GhostInAJar"},{"floor":48,"key":"PowerPotion"}],"is_trial":false,"path_per_floor":["M","M","M","$","M","E","M","R","T","R","?","?","M","?","R","B",null,"M","M","?","M","$","R","E","?","T","M","M","R","$","M","R","B",null,"M","M","M","?","M","E","M","$","T","?","M","R","M","M","R","B"],"character_chosen":"THE_SILENT","items_purchased":["Infinite Blades","Gambling Chip","Dodge and Roll","Block Potion","Medical Kit"],"campfire_rested":2,"item_purchase_floors":[4,22,30,42,42],"current_hp_per_floor":[67,66,66,66,58,51,51,51,51,51,40,40,40,34,34,10,70,67,47,47,39,39,39,12,12,12,5,5,28,28,27,49,45,76,70,72,72,72,59,56,26,26,26,72,74,74,74,75,75,50],"gold":55,"neow_bonus":"","is_prod":false,"is_daily":true,"chose_seed":false,"campfire_upgraded":5,"win_rate":0,"timestamp":1531285216,"path_taken":["M","M","M","$","M","E","M","R","T","R","?","?","M","?","R","BOSS","M","M","?","M","$","R","E","?","T","M","M","R","?","M","R","BOSS","M","M","M","?","M","E","?","$","T","?","M","R","M","M","R","BOSS"],"build_version":"2018-07-09","purchased_purges":1,"victory":true,"max_hp_per_floor":[70,70,70,70,70,70,70,70,70,70,70,70,70,70,70,70,70,70,72,72,72,72,72,72,72,72,72,72,74,74,76,76,76,76,78,80,82,82,82,82,82,82,82,72,74,74,74,76,76,76],"card_choices":[{"not_picked":["PiercingWail","Poisoned Stab"],"picked":"Deadly Poison","floor":1},{"not_picked":["Infinite Blades","PiercingWail"],"picked":"Dash","floor":2},{"not_picked":["Flying Knee","Masterful Stab"],"picked":"Dagger Spray","floor":3},{"not_picked":["Endless Agony","Sucker Punch"],"picked":"Infinite Blades","floor":5},{"not_picked":["Venomology","Outmaneuver"],"picked":"Dash","floor":6},{"not_picked":["Slice","Quick Slash"],"picked":"Bane","floor":7},{"not_picked":["Catalyst","Masterful Stab"],"picked":"Backflip","floor":13},{"not_picked":["Outmaneuver","Sucker Punch"],"picked":"Cloak And Dagger","floor":14},{"not_picked":["Die Die Die","Night Terror"],"picked":"Envenom","floor":16},{"not_picked":["Poisoned Stab","Finisher"],"picked":"Dagger Spray+1","floor":18},{"not_picked":["Slice+1","PiercingWail","Deadly Poison"],"picked":"Singing Bowl","floor":19},{"not_picked":["Quick Slash","Dagger Throw+1"],"picked":"Malaise+1","floor":21},{"not_picked":["Slice+1","Dagger Throw"],"picked":"Well Laid Plans","floor":24},{"not_picked":["Predator","Calculated Gamble"],"picked":"Bouncing Flask","floor":27},{"not_picked":["Deflect","Backflip"],"picked":"Wraith Form v2","floor":28},{"not_picked":["Poisoned Stab+1","Prepared","Deadly Poison"],"picked":"Singing Bowl","floor":29},{"not_picked":["Dagger Throw","Deadly Poison","Phantasmal Killer"],"picked":"Singing Bowl","floor":31},{"not_picked":["Eviscerate","Blur"],"picked":"Riddle With Holes+1","floor":32},{"not_picked":["Adrenaline","Phantasmal Killer"],"picked":"Burst","floor":33},{"not_picked":["Deadly Poison+1","Reflex","Dagger Spray"],"picked":"Singing Bowl","floor":35},{"not_picked":["Predator+1","Flying Knee+1","Sucker Punch"],"picked":"Singing Bowl","floor":36},{"not_picked":["Underhanded Strike","Quick Slash","Concentrate"],"picked":"Singing Bowl","floor":37},{"not_picked":["Backflip","Predator"],"picked":"Leg Sweep+1","floor":39},{"not_picked":["PiercingWail","Calculated Gamble+1"],"picked":"A Thousand Cuts","floor":40},{"not_picked":["Choke+1","Backflip+1"],"picked":"Malaise","floor":41},{"not_picked":["Deadly Poison+1","PiercingWail","Outmaneuver+1"],"picked":"Singing Bowl","floor":45},{"not_picked":["Deadly Poison","Outmaneuver"],"picked":"Riddle With Holes+1","floor":47},{"not_picked":["Dagger Spray","Calculated Gamble","Bane+1"],"picked":"Singing Bowl","floor":48}],"player_experience":568557,"relics_obtained":[{"floor":6,"key":"Shovel"},{"floor":9,"key":"Whetstone"},{"floor":10,"key":"Potion Belt"},{"floor":14,"key":"Singing Bowl"},{"floor":24,"key":"Dream Catcher"},{"floor":26,"key":"Lantern"},{"floor":40,"key":"Ancient Tea Set"},{"floor":43,"key":"Ice Cream"}],"event_choices":[{"event_name":"World of Goop","player_choice":"Gather Gold","floor":11,"damage_taken":0},{"event_name":"The Cleric","player_choice":"Card Removal","floor":12,"damage_taken":0},{"event_name":"Dead Adventurer","player_choice":"Searched \u00272\u0027 times","floor":14,"damage_taken":0},{"event_name":"Purifier","player_choice":"One Purge","floor":20,"damage_taken":0},{"event_name":"The Joust","player_choice":"Bet on Owner","floor":25,"damage_taken":0},{"event_name":"Tomb of Lord Red Mask","player_choice":"Ignored","floor":38,"damage_taken":0},{"event_name":"The Moai Head","player_choice":"Heal","floor":44,"damage_taken":0}],"boss_relics":[{"not_picked":["Tiny House","Empty Cage"],"picked":"Velvet Choker"},{"not_picked":["Sozu","Eternal Feather"],"picked":"Astrolabe"}],"items_purged_floors":[4],"is_endless":false,"potions_floor_spawned":[2,7,13,14,16,18,21,27,37,39,41,47,48],"ascension_level":0}