{"path_per_floor":["M","?","M","M","$","R","$","R","T","R","M","?","R","$","R","B",null,"M","$","?","$","M","R","M","M","T","R","?","?","M","$","R","B",null,"M","?","$","M","$","R","?","M","T","$","M","M","?","M","R","B"],"character_chosen":"IRONCLAD","items_purchased":["Limit Break","Flex","Good Instincts","Shrug It Off","Block Potion"],"gold_per_floor":[116,116,134,151,0,0,0,0,80,80,98,125,125,73,73,170,170,157,60,60,11,22,22,37,47,117,117,117,117,129,29,29,125,125,145,145,20,38,38,38,38,55,100,49,68,78,78,89,89,89],"floor_reached":51,"campfire_rested":1,"playtime":1979,"current_hp_per_floor":[80,73,79,80,80,80,80,80,80,80,80,80,80,80,80,46,80,66,66,66,66,50,74,71,68,68,68,52,52,49,49,49,30,80,59,59,59,71,71,71,71,59,59,59,44,36,70,70,70,27],"items_purged":["Strike_R","Writhe","Strike_R"],"gold":89,"score":660,"play_id":"67599e91-9d5b-48bd-9475-5d40be5ce7c0","local_time":"20180322084030","is_prod":false,"is_daily":false,"is_ascension_mode":false,"campfire_upgraded":9,"timestamp":1521704430,"path_taken":["M","?","M","?","$","R","$","R","T","R","?","?","R","$","R","BOSS","M","$","?","$","M","R","M","M","T","R","?","?","M","$","R","BOSS","M","?","$","M","$","R","?","M","T","?","M","M","?","M","R","BOSS"],"build_version":"2018-03-15v3","purchased_purges":3,"victory":true,"master_deck":["Strike_R","Strike_R","Defend_R","Defend_R","Defend_R","Defend_R","Twin Strike","Flex+1","Heavy Blade+1","Limit Break+1","Iron Wave+1","Heavy Blade+1","Flex+1","Good Instincts+1","Shrug It Off+1","Rampage+1","Reaper","Pummel"],"max_hp_per_floor":[80,80,80,80,80,80,80,80,80,80,80,80,80,80,80,80,80,80,80,80,80,80,80,80,80,80,80,80,80,80,80,80,80,80,80,80,80,80,80,80,80,80,80,80,80,80,70,70,70,70],"relics":["Burning Blood","NeowsBlessing","Kunai","Odd Mushroom","Runic Cube","Toolbox","Enchiridion","Bronze Scales","Runic Pyramid","Happy Flower"],"card_choices":[{"not_picked":["Headbutt","Sword Boomerang"],"picked":"Twin Strike"},{"not_picked":["Intimidate","Rage"],"picked":"Flex"},{"not_picked":["Perfected Strike","Sever Soul"],"picked":"Heavy Blade"},{"not_picked":["Corruption","Entrench"],"picked":"Iron Wave"},{"not_picked":["Rupture","Warcry"],"picked":"Heavy Blade"},{"not_picked":["Dropkick","Fire Breathing"],"picked":"Rampage"},{"not_picked":["Brutality","Bludgeon"],"picked":"Reaper"}],"player_experience":122112,"potions_floor_usage":[38,38,45,45,50],"damage_taken":[{"damage":0.0,"enemies":"Jaw Worm","floor":1.0,"turns":1.0},{"damage":0.0,"enemies":"2 Louse","floor":3.0,"turns":1.0},{"damage":0.0,"enemies":"Cultist","floor":4.0,"turns":1.0},{"damage":4.0,"enemies":"Gremlin Gang","floor":11.0,"turns":4.0},{"damage":15.0,"enemies":"The Mushroom Lair","floor":12.0,"turns":5.0},{"damage":40.0,"enemies":"Hexaghost","floor":16.0,"turns":7.0},{"damage":20.0,"enemies":"2 Thieves","floor":18.0,"turns":4.0},{"damage":22.0,"enemies":"3 Byrds","floor":22.0,"turns":6.0},{"damage":9.0,"enemies":"Snake Plant","floor":24.0,"turns":3.0},{"damage":9.0,"enemies":"Cultist and Chosen","floor":25.0,"turns":4.0},{"damage":9.0,"enemies":"Centurion and Healer","floor":30.0,"turns":7.0},{"damage":25.0,"enemies":"Champ","floor":33.0,"turns":9.0},{"damage":45.0,"enemies":"3 Darklings","floor":35.0,"turns":5.0},{"damage":6,"enemies":"Orb Walker","floor":38,"turns":3},{"damage":27,"enemies":"Sphere and 2 Shapes","floor":42,"turns":5},{"damage":33,"enemies":"Maw","floor":45,"turns":8},{"damage":32,"enemies":"4 Shapes","floor":46,"turns":7},{"damage":29,"enemies":"Sphere and 2 Shapes","floor":48,"turns":6},{"damage":61,"enemies":"Donu and Deca","floor":50,"turns":6}],"event_choices":[{"event_name":"Golden Wing","player_choice":"Card Removal","floor":2.0,"damage_taken":0.0},{"event_name":"Mushrooms","player_choice":"Fought Mushrooms","floor":12.0,"damage_taken":0.0},{"event_name":"Beggar","player_choice":"Ignored","floor":20.0,"damage_taken":0.0},{"event_name":"Cursed Tome","player_choice":"Obtained Book","floor":28.0,"damage_taken":0.0},{"event_name":"The Mausoleum","player_choice":"Yes","floor":29.0,"damage_taken":0.0},{"event_name":"The Woman in Blue","player_choice":"Bought 0 Potions","floor":36,"damage_taken":0},{"event_name":"Transmorgrifier","player_choice":"Transform","floor":41,"damage_taken":0},{"event_name":"The Moai Head","player_choice":"Heal","floor":47,"damage_taken":0}],"boss_relics":[],"potions_floor_spawned":[3,4,22,30,33,35,45],"seed_played":"348636451847943923","ascension_level":0,"is_trial":false}