{"gold_per_floor":[13,13,33,51,4,4,4,4,50,0,10,10,23,42,42,147,147,166,185,260,278,12,12,25,25,52,52,52,65,65,82,82,179,179,189,189,201,220,233,233,250,250,330,346,346,346,357,372,372,372],"floor_reached":50,"playtime":3143,"items_purged":["Strike_Br"],"score":465,"play_id":"4d1d0b18-26f6-4a22-9d78-f0068a7e6bb7","local_time":"20190104181504","is_ascension_mode":false,"campfire_choices":[{"data":"BiteCommand","floor":6.0,"key":"SMITH"},{"data":"BiteCommand","floor":12.0,"key":"SMITH"},{"data":"LockedAnchor","floor":15.0,"key":"SMITH"},{"data":"SecondHand","floor":23.0,"key":"SMITH"},{"data":"CrunchTime","floor":27.0,"key":"SMITH"},{"floor":32.0,"key":"REST"},{"floor":40,"key":"REST"},{"floor":42,"key":"REST"},{"data":"LockedCalendar","floor":45,"key":"SMITH"},{"floor":49,"key":"REST"}],"neow_cost":"NO_GOLD","seed_source_timestamp":0,"circlet_count":0,"master_deck":["Strike_Br","Defend_Br+1","Defend_Br","SecondHand+1","PatternShift","BiteCommand+1","BlueShift","ExoVibe+9","BiteCommand+1","WakeUpCall","LockedBlood","VestedLegacy","LockedAnchor+1","LockedCalendar+1","CrunchTime+1","Goo","BiteCommand+1","BiteCommand+1","EscortCommand+1","Keepsakes","LockedMedicine","ExoVibe+7","LockedCalendar","Accruing+1","BiteCommand+1","BiteCommand+1","Parity+1","Parity+1","Parasite"],"special_seed":0,"relics":["Chronometer","War Paint","Orrery","Bronze Scales","Bag of Preparation","Dead Branch","HangingClock","MysticCrockPot"],"potions_floor_usage":[39,47,50,50],"damage_taken":[{"damage":2.0,"enemies":"Cultist","floor":1.0,"turns":5.0},{"damage":0.0,"enemies":"2 Louse","floor":3.0,"turns":3.0},{"damage":0.0,"enemies":"Small Slimes","floor":4.0,"turns":3.0},{"damage":5.0,"enemies":"2 Fungi Beasts","floor":11.0,"turns":4.0},{"damage":10.0,"enemies":"3 Louse","floor":13.0,"turns":5.0},{"damage":1.0,"enemies":"Lots of Slimes","floor":14.0,"turns":7.0},{"damage":3.0,"enemies":"The Guardian","floor":16.0,"turns":11.0},{"damage":0.0,"enemies":"Shell Parasite","floor":18.0,"turns":3.0},{"damage":7.0,"enemies":"3 Byrds","floor":19.0,"turns":4.0},{"damage":0.0,"enemies":"Snake Plant","floor":21.0,"turns":2.0},{"damage":11.0,"enemies":"Snecko","floor":24.0,"turns":4.0},{"damage":5.0,"enemies":"Centurion and Healer","floor":29.0,"turns":5.0},{"damage":5.0,"enemies":"Snake Plant","floor":31.0,"turns":3.0},{"damage":18.0,"enemies":"Collector","floor":33.0,"turns":9.0},{"damage":0.0,"enemies":"3 Shapes","floor":35.0,"turns":2.0},{"damage":40.0,"enemies":"3 Darklings","floor":37.0,"turns":4.0},{"damage":6.0,"enemies":"4 Shapes","floor":38.0,"turns":3.0},{"damage":21,"enemies":"Sphere and 2 Shapes","floor":39,"turns":13},{"damage":2,"enemies":"3 Darklings","floor":41,"turns":5},{"damage":14,"enemies":"4 Shapes","floor":44,"turns":4},{"damage":0,"enemies":"Writhing Mass","floor":47,"turns":6},{"damage":13,"enemies":"Jaw Worm Horde","floor":48,"turns":4},{"damage":63,"enemies":"Awakened One","floor":50,"turns":6}],"seed_played":"3366281756903291558","potions_obtained":[{"floor":1.0,"key":"AttackPotion"},{"floor":11.0,"key":"FearPotion"},{"floor":13.0,"key":"GamblersBrew"},{"floor":16.0,"key":"Energy Potion"},{"floor":24.0,"key":"AttackPotion"},{"floor":31.0,"key":"Dexterity Potion"},{"floor":33.0,"key":"Swift Potion"},{"floor":38.0,"key":"Explosive Potion"},{"floor":39,"key":"AttackPotion"},{"floor":44,"key":"SpeedPotion"},{"floor":48,"key":"SkillPotion"}],"is_trial":false,"path_per_floor":["M","$","M","M","$","R","?","?","T","?","M","R","M","M","R","B",null,"M","M","?","M","$","R","M","?","T","R","?","M","?","M","R","B",null,"M","?","M","M","M","R","M","R","T","M","R","?","M","M","R","B"],"character_chosen":"CHRONO_CLASS","items_purchased":["BiteCommand","Bronze Scales","Keepsakes"],"campfire_rested":4,"item_purchase_floors":[5,22,22],"current_hp_per_floor":[63,63,63,63,63,63,63,63,63,63,58,58,54,59,59,62,65,65,60,54,54,54,54,43,43,43,43,32,33,33,28,49,37,70,70,70,30,24,9,30,34,55,55,47,47,47,47,36,57,0],"gold":372,"neow_bonus":"REMOVE_TWO","is_prod":false,"is_daily":false,"chose_seed":false,"campfire_upgraded":6,"win_rate":0.0,"timestamp":1546622104,"path_taken":["M","$","M","?","$","R","?","?","T","?","M","R","M","M","R","BOSS","M","M","?","?","$","R","?","?","T","R","?","M","?","M","R","BOSS","M","?","?","M","M","R","?","R","T","M","R","?","M","M","R","BOSS"],"build_version":"2019-01-03v3","purchased_purges":1,"victory":false,"max_hp_per_floor":[65,65,65,65,65,65,65,65,65,65,65,65,65,65,65,65,65,65,65,65,65,65,65,65,65,65,65,70,70,70,70,70,70,70,70,70,70,70,70,70,70,70,70,70,70,70,70,70,70,70],"card_choices":[{"not_picked":["Accruing","ResonantCall"],"picked":"BiteCommand","floor":1.0},{"not_picked":["BiteCommand","LockedMawBank"],"picked":"BlueShift","floor":3.0},{"not_picked":["LockedOrichalcum","Recurrance"],"picked":"ExoVibe","floor":4.0},{"not_picked":["Chronoelasticity","LockedScales"],"picked":"LockedBlood","floor":11.0},{"not_picked":["LockedBlood","OverTime"],"picked":"VestedLegacy","floor":13.0},{"not_picked":["HandsUp","LockedScales"],"picked":"LockedAnchor","floor":14.0},{"not_picked":["Echonomics","LockedFlame"],"picked":"LockedCalendar","floor":16.0},{"not_picked":["Backlash","BiteCommand"],"picked":"CrunchTime","floor":17.0},{"not_picked":["LockedBlood","Engulf"],"picked":"Goo","floor":17.0},{"not_picked":["Tempo","LockedTurtyl"],"picked":"BiteCommand+1","floor":18.0},{"not_picked":["Tempo","LockedTurtyl"],"picked":"BiteCommand+1","floor":18.0},{"not_picked":["AlternateTimeline","LockedAnchor+1"],"picked":"EscortCommand+1","floor":19.0},{"not_picked":["ShortSighted+1","LockedAnchor+1","WakeUpCall+1"],"picked":"SKIP","floor":21.0},{"not_picked":["OldTimer","LockedAnchor"],"picked":"LockedMedicine","floor":24.0},{"not_picked":["WindUp+1","Cuckoo+1"],"picked":"ExoVibe+1","floor":29.0},{"not_picked":["DaylightSavings","LockedMedicine+1","WindUp"],"picked":"SKIP","floor":31.0},{"not_picked":["RageCommand","LockedBell"],"picked":"LockedCalendar","floor":33.0},{"not_picked":["LockedUrn","AlternateTimeline"],"picked":"Accruing+1","floor":35.0},{"not_picked":["LockedPlans","LockedMedicine+1","ExoVibe+1"],"picked":"SKIP","floor":37.0},{"not_picked":["Engulf+1","SharpShooter+1"],"picked":"BiteCommand+1","floor":38.0},{"not_picked":["Engulf+1","SharpShooter+1"],"picked":"BiteCommand+1","floor":38.0},{"not_picked":["SharpShooter","Goo"],"picked":"Parity+1","floor":39},{"not_picked":["SharpShooter","Goo"],"picked":"Parity+1","floor":39},{"not_picked":["VestedLegacy+1","OverTime","Parity"],"picked":"SKIP","floor":41},{"not_picked":["LockedMedicine+1","CrunchTime","LockedBlood"],"picked":"SKIP","floor":44},{"not_picked":["ShortSighted","Echoward+1","Tempo"],"picked":"SKIP","floor":47},{"not_picked":["LockedBlood","AlternateTimeline","LockedOrichalcum"],"picked":"SKIP","floor":48}],"player_experience":357048,"relics_obtained":[{"floor":9.0,"key":"War Paint"},{"floor":26.0,"key":"Bag of Preparation"},{"floor":43,"key":"MysticCrockPot"}],"event_choices":[{"damage_healed":0.0,"max_hp_gain":0.0,"max_hp_loss":0.0,"gold_gain":0.0,"event_name":"Dead Adventurer","player_choice":"Searched \u00271\u0027 times","floor":7.0,"gold_loss":0.0,"damage_taken":0.0},{"damage_healed":0.0,"max_hp_gain":0.0,"max_hp_loss":0.0,"gold_gain":0.0,"cards_transformed":["Defend_Br"],"event_name":"Living Wall","player_choice":"Change","floor":8.0,"gold_loss":0.0,"damage_taken":0.0,"cards_obtained":["WakeUpCall"]},{"cards_removed":["Strike_Br"],"damage_healed":0.0,"max_hp_gain":0.0,"max_hp_loss":0.0,"gold_gain":0.0,"event_name":"The Cleric","player_choice":"Card Removal","floor":10.0,"gold_loss":50.0,"damage_taken":0.0},{"damage_healed":0.0,"max_hp_gain":0.0,"max_hp_loss":0.0,"gold_gain":75.0,"event_name":"FaceTrader","player_choice":"Touch","floor":20.0,"gold_loss":0.0,"damage_taken":6.0},{"damage_healed":0.0,"max_hp_gain":0.0,"max_hp_loss":0.0,"gold_gain":0.0,"event_name":"Vampires","player_choice":"Ignored","floor":25.0,"gold_loss":0.0,"damage_taken":0.0},{"damage_healed":0.0,"max_hp_gain":5.0,"max_hp_loss":0.0,"gold_gain":0.0,"event_name":"Forgotten Altar","player_choice":"Shed Blood","floor":28.0,"gold_loss":0.0,"damage_taken":16.0},{"damage_healed":0.0,"max_hp_gain":0.0,"max_hp_loss":0.0,"gold_gain":0.0,"event_name":"The Mausoleum","player_choice":"Opened","floor":30.0,"gold_loss":0.0,"damage_taken":0.0,"relics_obtained":["Dead Branch"]},{"damage_healed":0.0,"max_hp_gain":0.0,"max_hp_loss":0.0,"gold_gain":0.0,"event_name":"Match and Keep!","player_choice":"0 cards matched","floor":36.0,"gold_loss":0.0,"damage_taken":0.0,"cards_obtained":[]},{"damage_healed":0,"gold_gain":0,"player_choice":"Memory 1","damage_taken":0,"max_hp_gain":0,"max_hp_loss":0,"event_name":"SensoryStone","floor":46,"gold_loss":0}],"is_beta":false,"boss_relics":[{"not_picked":["Calling Bell","Eternal Feather"],"picked":"Orrery"},{"not_picked":["Snecko Eye","Fusion Hammer"],"picked":"HangingClock"}],"items_purged_floors":[22],"is_endless":false,"potions_floor_spawned":[1,11,13,16,24,31,33,38,39,44,48],"killed_by":"Awakened One","ascension_level":0}