{"path_per_floor":["M","?","?","M","?","E","R","E","T","$","M","R","M","?","R","B",null,"M","?","?","M","M","R","$","R","T","$","$","?","M","?","R"],"character_chosen":"IRONCLAD","items_purchased":["Shrug It Off","Flex"],"gold_per_floor":[109,109,59,69,69,97,97,123,172,43,53,53,65,45,45,143,173,192,92,92,107,120,120,20,20,71,20,20,20,39,39,39,39],"floor_reached":33,"campfire_rested":1,"playtime":953,"current_hp_per_floor":[80,72,72,78,78,80,80,51,51,51,67,67,78,78,78,35,85,81,81,81,81,77,77,77,77,77,77,77,77,70,54,81,0],"items_purged":["Strike_R","Strike_R"],"gold":39,"score":276,"play_id":"6b01109b-2f52-445f-a6ad-8a44e1f7ed49","local_time":"20180329223834","is_prod":false,"is_daily":false,"is_ascension_mode":false,"campfire_upgraded":5,"timestamp":1522355914,"path_taken":["M","?","?","M","?","E","R","E","T","$","M","R","?","?","R","BOSS","M","?","?","?","?","R","$","R","T","?","$","?","M","?","R","BOSS"],"build_version":"2018-03-22v2","purchased_purges":2,"victory":false,"master_deck":["Strike_R","Defend_R","Defend_R","Defend_R","Defend_R","Bash","Twin Strike","Reaper","Flex+1","Iron Wave+1","Shrug It Off+1","Shrug It Off+1","Flex+1","Bludgeon","Twin Strike","Heavy Blade+1","J.A.X.","Power Through+1","Flex","Shrug It Off"],"max_hp_per_floor":[80,80,80,80,80,80,80,80,80,80,80,80,80,80,80,80,85,85,85,85,85,85,85,85,85,85,85,85,85,85,90,90,90],"relics":["Burning Blood","NeowsBlessing","Letter Opener","Vajra","Bronze Scales","Tiny House","Juzu Bracelet"],"card_choices":[{"not_picked":["Armaments","Cleave"],"picked":"Twin Strike","floor":1},{"not_picked":["Battle Trance","Havoc"],"picked":"Reaper","floor":4},{"not_picked":["Havoc","Rampage"],"picked":"Flex","floor":6},{"not_picked":["Bloodletting","Rampage"],"picked":"Iron Wave","floor":8},{"not_picked":["Anger","Wild Strike"],"picked":"Shrug It Off","floor":11},{"not_picked":["Corruption","True Grit"],"picked":"Flex","floor":13},{"not_picked":["Fiend Fire","Brutality"],"picked":"Bludgeon","floor":16},{"not_picked":["Burning Pact","Pommel Strike"],"picked":"Twin Strike","floor":17},{"not_picked":["Perfected Strike","Clothesline"],"picked":"Heavy Blade","floor":18},{"not_picked":["Sentinel","Clothesline"],"picked":"Power Through","floor":21},{"not_picked":["Double Tap","Warcry"],"picked":"Shrug It Off","floor":30}],"player_experience":225199,"potions_floor_usage":[8,18,21,22,22,33],"damage_taken":[{"damage":0,"enemies":"Small Slimes","floor":1,"turns":1},{"damage":0,"enemies":"Cultist","floor":4,"turns":1},{"damage":0,"enemies":"Gremlin Nob","floor":6,"turns":1},{"damage":35,"enemies":"Lagavulin","floor":8,"turns":6},{"damage":0,"enemies":"2 Louse","floor":11,"turns":3},{"damage":7,"enemies":"2 Fungi Beasts","floor":13,"turns":3},{"damage":59,"enemies":"Hexaghost","floor":16,"turns":10},{"damage":10,"enemies":"Shell Parasite","floor":18,"turns":3},{"damage":13,"enemies":"2 Thieves","floor":21,"turns":4},{"damage":10,"enemies":"Chosen and Byrds","floor":22,"turns":5},{"damage":18,"enemies":"Cultist and Chosen","floor":30,"turns":9},{"damage":96,"enemies":"Champ","floor":33,"turns":13}],"event_choices":[{"event_name":"Wheel of Change","player_choice":"Damage","floor":2,"damage_taken":0},{"event_name":"The Cleric","player_choice":"Card Removal","floor":3,"damage_taken":0},{"event_name":"Purifier","player_choice":"One Purge","floor":5,"damage_taken":0},{"event_name":"World of Goop","player_choice":"Left","floor":14,"damage_taken":0},{"event_name":"Drug Dealer","player_choice":"Got JAXXED","floor":19,"damage_taken":0},{"event_name":"Vampires","player_choice":"Ignored","floor":20,"damage_taken":0},{"event_name":"Beggar","player_choice":"Ignored","floor":29,"damage_taken":0},{"event_name":"Forgotten Altar","player_choice":"Shed Blood","floor":31,"damage_taken":0}],"boss_relics":[{"not_picked":["Runic Dome","Black Blood"],"picked":"Tiny House"}],"potions_floor_spawned":[4,6,11,18,22],"seed_played":"4966197733322140024","killed_by":"Champ","ascension_level":0,"is_trial":false}