{"gold_per_floor":[119,119,119,119,129,140,140,110,181,191,191,207,227,239,239,239],"floor_reached":16,"playtime":736,"items_purged":[],"score":113,"play_id":"43d8113b-8cd8-4baa-aa47-30f7a517f67a","local_time":"20190201070450","is_ascension_mode":true,"campfire_choices":[{"data":"Entrench","floor":7,"key":"SMITH"},{"data":"True Grit","floor":11,"key":"SMITH"},{"floor":15,"key":"REST"}],"neow_cost":"NONE","seed_source_timestamp":1252373670975343,"circlet_count":0,"master_deck":["Strike_R","Strike_R","Strike_R","Strike_R","Strike_R","Defend_R","Defend_R","Defend_R","Defend_R","Bash","Doubt","Decay","Flame Barrier","Entrench+1","Pommel Strike","True Grit+1","Cleave","Uppercut"],"relics":["Calling Bell","Smiling Mask","Pantograph","FossilizedHelix","Shuriken"],"potions_floor_usage":[16,16],"damage_taken":[{"damage":6,"enemies":"Small Slimes","floor":1,"turns":5},{"damage":10,"enemies":"2 Louse","floor":5,"turns":3},{"damage":17,"enemies":"Jaw Worm","floor":6,"turns":5},{"damage":0,"enemies":"Looter","floor":8,"turns":4},{"damage":9,"enemies":"Exordium Thugs","floor":10,"turns":6},{"damage":0,"enemies":"3 Louse","floor":12,"turns":6},{"damage":27,"enemies":"Lots of Slimes","floor":13,"turns":5},{"damage":6,"enemies":"2 Fungi Beasts","floor":14,"turns":6},{"damage":61,"enemies":"Hexaghost","floor":16,"turns":11}],"seed_played":"4799372017897305137","potions_obtained":[{"floor":6,"key":"LiquidBronze"},{"floor":10,"key":"Block Potion"},{"floor":12,"key":"Swift Potion"}],"is_trial":false,"path_per_floor":["M","?","?","?","M","M","R","M","T","M","R","M","M","M","R","B"],"character_chosen":"IRONCLAD","items_purchased":[],"campfire_rested":1,"item_purchase_floors":[],"current_hp_per_floor":[74,74,74,79,69,52,52,52,52,43,43,43,16,10,35,0],"gold":239,"neow_bonus":"BOSS_RELIC","is_prod":false,"is_daily":false,"chose_seed":false,"campfire_upgraded":2,"win_rate":0,"timestamp":1549001090,"path_taken":["M","?","?","?","M","?","R","M","T","M","R","M","M","M","R","BOSS"],"build_version":"2019-01-23","purchased_purges":0,"victory":false,"max_hp_per_floor":[80,80,80,85,85,85,85,85,85,85,85,85,85,85,85,85],"card_choices":[{"not_picked":["Shrug It Off","Immolate"],"picked":"Flame Barrier","floor":1},{"not_picked":["Disarm","Warcry"],"picked":"Entrench","floor":5},{"not_picked":["Clash","Sword Boomerang","Reckless Charge"],"picked":"SKIP","floor":6},{"not_picked":["Hemokinesis","Havoc"],"picked":"Pommel Strike","floor":8},{"not_picked":["Dropkick","Perfected Strike"],"picked":"True Grit","floor":10},{"not_picked":["Feel No Pain","Intimidate"],"picked":"Cleave","floor":12},{"not_picked":["Sentinel","Blood for Blood","Pummel"],"picked":"SKIP","floor":13},{"not_picked":["Headbutt","Combust"],"picked":"Uppercut","floor":14}],"player_experience":470650,"relics_obtained":[{"floor":0,"key":"Smiling Mask"},{"floor":0,"key":"Pantograph"},{"floor":0,"key":"FossilizedHelix"},{"floor":9,"key":"Shuriken"}],"event_choices":[{"damage_healed":0,"gold_gain":0,"player_choice":"Ignored","damage_taken":0,"max_hp_gain":0,"max_hp_loss":0,"event_name":"Liars Game","floor":2,"gold_loss":0},{"cards_removed":["Shame"],"damage_healed":0,"gold_gain":0,"player_choice":"Forget","damage_taken":0,"max_hp_gain":0,"max_hp_loss":0,"event_name":"Living Wall","floor":3,"gold_loss":0},{"damage_healed":0,"gold_gain":0,"player_choice":"Donut","damage_taken":0,"max_hp_gain":5,"max_hp_loss":0,"event_name":"Big Fish","floor":4,"gold_loss":0}],"is_beta":false,"boss_relics":[],"items_purged_floors":[],"is_endless":false,"potions_floor_spawned":[6,10,12],"killed_by":"Hexaghost","ascension_level":4}