{"path_per_floor":["M","M","M","?","M","E","T","M","T","E","R","?","?","M","R","B",null,"M","?","?","M","M","E","R","M","T","R","E","R","M","$","R","B",null,"M","M","?","?","M","E","R","E","T","M","$","M","T","M","R"],"character_chosen":"IRONCLAD","items_purchased":["Singing Bowl","Pen Nib","Spot Weakness"],"gold_per_floor":[114,129,144,144,159,189,214,229,279,309,309,309,362,377,377,477,477,492,492,407,422,437,467,467,482,482,482,512,512,527,377,377,477,477,492,507,507,507,522,552,552,582,582,597,410,425,425,440,440,440],"floor_reached":50,"campfire_rested":0,"playtime":2025,"current_hp_per_floor":[80,80,77,77,71,77,77,80,80,76,76,76,76,80,80,80,80,73,56,56,56,56,48,48,56,56,56,56,56,56,56,56,56,56,56,58,58,58,51,57,57,58,60,42,42,60,62,66,66,0],"items_purged":[],"gold":440,"score":757,"play_id":"372c5ab0-5071-4f8b-b0c7-5e91ea8eeace","local_time":"20180326211639","daily_mods":["Time Dilation","Lethality","Hoarder"],"is_prod":false,"is_daily":true,"is_ascension_mode":false,"campfire_upgraded":8,"timestamp":1522091799,"path_taken":["M","?","M","?","M","E","?","M","T","E","R","?","?","M","R","BOSS","M","?","?","M","M","E","R","M","T","R","E","R","M","$","R","BOSS","M","M","?","?","M","E","R","E","T","M","$","M","?","?","R","BOSS"],"build_version":"2018-03-22v2","purchased_purges":0,"victory":false,"master_deck":["Defend_R","Defend_R","Defend_R","Defend_R","Bash","Infernal Blade+1","Infernal Blade+1","Infernal Blade+1","Heavy Blade","Heavy Blade","Heavy Blade","Heavy Blade","Heavy Blade","Heavy Blade","Flex+1","Flex+1","Flex+1","Reaper","Reaper","Reaper","Bite","Bite","Bite","Bite","Bite","Bite","Bite","Bite","Bite","Bite","Bite","Bite","Bite","Bite","Bite","Cleave+1","Cleave+1","Cleave+1","Flex","Flex","Flex","Armaments+1","Armaments+1","Armaments+1","Sword Boomerang+1","Sword Boomerang+1","Sword Boomerang+1","Double Tap+1","Double Tap+1","Double Tap+1","Thunderclap+1","Thunderclap+1","Thunderclap+1","Flex+1","Flex+1","Flex+1","Flex+1","Flex+1","Flex+1","Warcry+1","Warcry+1","Warcry+1","Heavy Blade+1","Heavy Blade+1","Heavy Blade+1","Spot Weakness+1","Spot Weakness+1","Spot Weakness+1"],"max_hp_per_floor":[80,80,80,80,80,80,80,80,80,80,80,80,80,80,80,80,80,80,56,56,56,56,56,56,56,56,56,56,56,56,56,56,56,56,56,58,58,58,58,58,58,58,60,60,60,62,64,66,66,66],"relics":["Burning Blood","Matryoshka","Ancient Tea Set","Bag of Preparation","Happy Flower","Prayer Wheel","Darkstone Periapt","Sozu","Ornamental Fan","Vajra","Dream Catcher","Toolbox","Singing Bowl","Philosopher\u0027s Stone","Pantograph","Toxic Egg 2","Ice Cream","Pen Nib","Red Skull"],"card_choices":[{"not_picked":["Reckless Charge","Iron Wave"],"picked":"Infernal Blade","floor":1},{"not_picked":["Evolve","Juggernaut"],"picked":"Heavy Blade","floor":5},{"not_picked":["Headbutt","Clothesline"],"picked":"Heavy Blade","floor":10},{"not_picked":["Evolve","Pommel Strike"],"picked":"Flex","floor":14},{"not_picked":["Impervious","Offering"],"picked":"Reaper","floor":16},{"not_picked":["Iron Wave","Sword Boomerang"],"picked":"Cleave","floor":22},{"not_picked":["Body Slam","Seeing Red"],"picked":"Flex","floor":23},{"not_picked":["Fire Breathing","Thunderclap"],"picked":"Armaments","floor":25},{"not_picked":["Fire Breathing","Burning Pact"],"picked":"Sword Boomerang","floor":30},{"not_picked":["Exhume","Reaper"],"picked":"Double Tap","floor":33},{"not_picked":["Clash","Combust"],"picked":"Thunderclap","floor":35},{"not_picked":["Wild Strike","Perfected Strike"],"picked":"Flex","floor":39},{"not_picked":["Juggernaut","Sever Soul"],"picked":"Flex","floor":40},{"not_picked":["Intimidate","Hemokinesis"],"picked":"Warcry","floor":42},{"not_picked":["Iron Wave","Shrug It Off"],"picked":"Heavy Blade","floor":44}],"player_experience":362744,"potions_floor_usage":[10,10,50],"damage_taken":[{"damage":0,"enemies":"Cultist","floor":1,"turns":3},{"damage":0,"enemies":"Small Slimes","floor":2,"turns":2},{"damage":9,"enemies":"Jaw Worm","floor":3,"turns":2},{"damage":12,"enemies":"3 Louse","floor":5,"turns":2},{"damage":0,"enemies":"Gremlin Nob","floor":6,"turns":2},{"damage":0,"enemies":"2 Fungi Beasts","floor":8,"turns":2},{"damage":10,"enemies":"Lagavulin","floor":10,"turns":3},{"damage":0,"enemies":"Large Slime","floor":14,"turns":1},{"damage":0,"enemies":"Slime Boss","floor":16,"turns":2},{"damage":13,"enemies":"Shell Parasite","floor":18,"turns":2},{"damage":0,"enemies":"Spheric Guardian","floor":21,"turns":2},{"damage":18,"enemies":"Centurion and Healer","floor":22,"turns":2},{"damage":26,"enemies":"Slavers","floor":23,"turns":4},{"damage":0,"enemies":"3 Cultists","floor":25,"turns":2},{"damage":0,"enemies":"Book of Stabbing","floor":28,"turns":1},{"damage":0,"enemies":"Snake Plant","floor":30,"turns":1},{"damage":6,"enemies":"Collector","floor":33,"turns":3},{"damage":0,"enemies":"Orb Walker","floor":35,"turns":1},{"damage":2,"enemies":"3 Shapes","floor":36,"turns":1},{"damage":16,"enemies":"3 Darklings","floor":39,"turns":3},{"damage":6,"enemies":"2 Orb Walkers","floor":40,"turns":2},{"damage":0,"enemies":"Nemesis","floor":42,"turns":1},{"damage":24,"enemies":"4 Shapes","floor":44,"turns":2},{"damage":6,"enemies":"Maw","floor":46,"turns":4},{"damage":0,"enemies":"3 Darklings","floor":48,"turns":1},{"damage":76,"enemies":"Donu and Deca","floor":50,"turns":3}],"event_choices":[{"event_name":"Liars Game","player_choice":"disagreed","floor":4,"damage_taken":0},{"event_name":"The Cleric","player_choice":"Leave","floor":12,"damage_taken":0},{"event_name":"Golden Wing","player_choice":"Gained Gold","floor":13,"damage_taken":0},{"event_name":"Vampires","player_choice":"Became a vampire","floor":19,"damage_taken":0},{"event_name":"Addict","player_choice":"Obtained Relic","floor":20,"damage_taken":0},{"event_name":"The Lab","player_choice":"Got Potions","floor":37,"damage_taken":0},{"event_name":"Upgrade Shrine","player_choice":"Upgraded","floor":38,"damage_taken":0}],"boss_relics":[{"not_picked":["Astrolabe","Question Card"],"picked":"Sozu"},{"not_picked":["Tiny House","Snecko Eye"],"picked":"Philosopher\u0027s Stone"}],"potions_floor_spawned":[1,3,10,23,25,28,33,36,40,44,46],"seed_played":"5744524933272245147","killed_by":"Donu and Deca","ascension_level":0,"is_trial":false}