{"gold_per_floor":[111,127,87,162,172,172,207,207,288,301,315,327,361,387,387,387],"floor_reached":16,"playtime":1542,"items_purged":[],"score":112,"play_id":"1c680d99-edeb-4e18-b664-d13081e7c0f2","local_time":"20181013165308","is_ascension_mode":false,"campfire_choices":[{"data":"Ghostly Armor","floor":6,"key":"SMITH"},{"floor":15,"key":"REST"}],"neow_cost":"","seed_source_timestamp":169386061083114,"circlet_count":0,"master_deck":["Strike_R","Strike_R","Strike_R","Strike_R","Strike_R","Defend_R","Defend_R","Defend_R+1","Defend_R","Bash","Warcry+1","Ghostly Armor+1","Shrug It Off","Reaper","Cleave","Cleave","Whirlwind","Perfected Strike"],"relics":["Burning Blood","Orichalcum","Pear","Toxic Egg 2","Centennial Puzzle"],"potions_floor_usage":[7,10,10,10,10,11,11,13,16],"damage_taken":[{"damage":10,"enemies":"Jaw Worm","floor":1,"turns":6},{"damage":1,"enemies":"Cultist","floor":2,"turns":4},{"damage":3,"enemies":"Small Slimes","floor":5,"turns":3},{"damage":53,"enemies":"Gremlin Nob","floor":7,"turns":6},{"damage":7,"enemies":"Exordium Thugs","floor":10,"turns":5},{"damage":4,"enemies":"Exordium Wildlife","floor":11,"turns":6},{"damage":2,"enemies":"3 Louse","floor":12,"turns":3},{"damage":17,"enemies":"3 Sentries","floor":13,"turns":5},{"damage":75,"enemies":"The Guardian","floor":16,"turns":13}],"seed_played":"-725840339942501296","potions_obtained":[{"floor":3,"key":"Explosive Potion"},{"floor":3,"key":"FearPotion"},{"floor":3,"key":"EntropicBrew"},{"floor":10,"key":"FearPotion"},{"floor":11,"key":"PowerPotion"},{"floor":13,"key":"AttackPotion"}],"is_trial":false,"path_per_floor":["M","M","?","?","M","R","E","?","T","M","M","M","E","T","R"],"character_chosen":"IRONCLAD","items_purchased":[],"campfire_rested":1,"item_purchase_floors":[],"current_hp_per_floor":[76,80,80,69,72,72,25,9,19,22,34,38,39,39,66,0],"gold":387,"neow_bonus":"","is_prod":false,"is_daily":false,"chose_seed":false,"campfire_upgraded":1,"win_rate":0.0,"timestamp":1539402788,"path_taken":["M","M","?","?","M","R","E","?","T","M","M","?","E","?","R","BOSS"],"build_version":"2018-10-11","purchased_purges":0,"victory":false,"max_hp_per_floor":[80,80,80,80,80,80,80,80,90,90,90,90,90,90,90,90],"card_choices":[{"not_picked":["Iron Wave","Flex"],"picked":"Warcry","floor":1},{"not_picked":["Pummel","Cleave"],"picked":"Ghostly Armor","floor":2},{"not_picked":["Thunderclap","Fire Breathing"],"picked":"Shrug It Off","floor":5},{"not_picked":["Seeing Red","Rage"],"picked":"Reaper","floor":7},{"not_picked":["Clothesline","Headbutt"],"picked":"Cleave","floor":10},{"not_picked":["Shrug It Off","Hemokinesis"],"picked":"Cleave","floor":11},{"not_picked":["Second Wind","Warcry"],"picked":"Whirlwind","floor":12},{"not_picked":["Inflame","Battle Trance"],"picked":"Perfected Strike","floor":13}],"player_experience":0,"relics_obtained":[{"floor":7,"key":"Orichalcum"},{"floor":9,"key":"Pear"},{"floor":13,"key":"Toxic Egg 2"},{"floor":14,"key":"Centennial Puzzle"}],"event_choices":[{"event_name":"The Woman in Blue","player_choice":"Bought 3 Potions","floor":3,"damage_taken":0},{"event_name":"World of Goop","player_choice":"Gather Gold","floor":4,"damage_taken":0},{"event_name":"Shining Light","player_choice":"Entered Light","floor":8,"damage_taken":0}],"is_beta":false,"boss_relics":[],"items_purged_floors":[],"is_endless":false,"potions_floor_spawned":[5,10,11,13],"killed_by":"The Guardian","ascension_level":0}