{"gold_per_floor":[114,124,134,134,11,11,37,37,37,51,67,77,77,90,90,186,186,201,218,218,218,218,218,231,243,243,243,262,262,296,306,306,411,411,431,448,465,465,41,71,71,71,123,123,136,153,172,183,183,183],"floor_reached":51,"playtime":2181,"items_purged":["Steam"],"score":927,"play_id":"32845649-516e-4c10-9e1b-832c62c98e2f","local_time":"20180925101923","is_ascension_mode":true,"campfire_choices":[{"floor":6,"key":"REST"},{"floor":8,"key":"REST"},{"data":"Glacier","floor":15,"key":"SMITH"},{"data":"Redo","floor":23,"key":"SMITH"},{"data":"Capacitor","floor":27,"key":"SMITH"},{"floor":29,"key":"REST"},{"floor":32,"key":"REST"},{"data":"Consume","floor":41,"key":"SMITH"},{"data":"Electrodynamics","floor":44,"key":"SMITH"},{"data":"Echo Form","floor":49,"key":"SMITH"}],"neow_cost":"NONE","seed_source_timestamp":3799228888324,"circlet_count":0,"master_deck":["Zap","Dualcast","Capacitor+1","Hologram","Streamline","Doom and Gloom","Conserve Battery","Redo+1","Barrage","Ball Lightning","Go for the Eyes","Glacier+1","Echo Form+1","Cold Snap","Beam Cell","Aggregate","Genetic Algorithm","Ball Lightning","Melter","Ball Lightning","Reinforced Body","Chill","Consume+1","Steam+1","Turbo+1","Electrodynamics+1","Self Repair+1","Lockon+1","Leap","Defragment+1","Skim+1","Writhe","Go for the Eyes+1","Redo+1","Conserve Battery"],"relics":["Cracked Core","Vajra","Mercury Hourglass","DataDisk","Pandora\u0027s Box","Bronze Scales","CultistMask","StoneCalendar","Lantern","Cursed Key","Shuriken","Dodecahedron","Nunchaku","Potion Belt"],"potions_floor_usage":[2,18,24,28,30,30,37,40,45,46,50,50],"damage_taken":[{"damage":1,"enemies":"Cultist","floor":1,"turns":3},{"damage":10,"enemies":"Jaw Worm","floor":2,"turns":3},{"damage":14,"enemies":"Small Slimes","floor":3,"turns":4},{"damage":30,"enemies":"3 Sentries","floor":7,"turns":5},{"damage":6,"enemies":"Blue Slaver","floor":10,"turns":3},{"damage":1,"enemies":"Exordium Wildlife","floor":11,"turns":3},{"damage":0,"enemies":"Large Slime","floor":12,"turns":3},{"damage":5,"enemies":"Gremlin Gang","floor":14,"turns":2},{"damage":15,"enemies":"Hexaghost","floor":16,"turns":8},{"damage":0,"enemies":"3 Byrds","floor":18,"turns":2},{"damage":0,"enemies":"Spheric Guardian","floor":19,"turns":3},{"damage":0,"enemies":"3 Cultists","floor":24,"turns":4},{"damage":8,"enemies":"Snake Plant","floor":25,"turns":2},{"damage":12,"enemies":"Cultist and Chosen","floor":28,"turns":4},{"damage":29,"enemies":"Slavers","floor":30,"turns":4},{"damage":0,"enemies":"Sentry and Sphere","floor":31,"turns":3},{"damage":54,"enemies":"Automaton","floor":33,"turns":8},{"damage":11,"enemies":"3 Darklings","floor":35,"turns":3},{"damage":1,"enemies":"3 Shapes","floor":36,"turns":1},{"damage":0,"enemies":"Spire Growth","floor":37,"turns":5},{"damage":28,"enemies":"2 Orb Walkers","floor":40,"turns":3},{"damage":4,"enemies":"Mind Bloom Boss Battle","floor":42,"turns":6},{"damage":1,"enemies":"Maw","floor":45,"turns":6},{"damage":11,"enemies":"4 Shapes","floor":46,"turns":2},{"damage":0,"enemies":"Sphere and 2 Shapes","floor":47,"turns":2},{"damage":0,"enemies":"Maw","floor":48,"turns":5},{"damage":26,"enemies":"Time Eater","floor":50,"turns":8}],"seed_played":"3654974392960544647","potions_obtained":[{"floor":1,"key":"SkillPotion"},{"floor":11,"key":"Fire Potion"},{"floor":16,"key":"LiquidBronze"},{"floor":18,"key":"FocusPotion"},{"floor":24,"key":"Explosive Potion"},{"floor":28,"key":"FocusPotion"},{"floor":33,"key":"Regen Potion"},{"floor":36,"key":"Ancient Potion"},{"floor":40,"key":"Poison Potion"},{"floor":42,"key":"Explosive Potion"},{"floor":47,"key":"Explosive Potion"},{"floor":48,"key":"Regen Potion"}],"is_trial":false,"path_per_floor":["M","M","M","$","$","R","E","R","T","M","M","M","$","M","R","B",null,"M","M","?","T","?","R","M","M","T","R","M","R","E","M","R","B",null,"M","M","M","?","$","E","R","?","T","R","M","M","M","M","R","B"],"character_chosen":"DEFECT","items_purchased":["Doom and Gloom","Conserve Battery","Shuriken","Dexterity Potion","Leap"],"campfire_rested":4,"item_purchase_floors":[5,5,39,39,39],"current_hp_per_floor":[67,57,43,43,43,65,35,57,57,51,50,50,50,45,45,30,64,64,64,64,64,64,64,64,56,56,56,44,66,37,37,59,5,58,47,46,56,75,75,57,57,63,63,63,75,74,74,74,74,75],"gold":183,"neow_bonus":"RANDOM_COMMON_RELIC","is_prod":false,"is_daily":false,"chose_seed":false,"campfire_upgraded":6,"win_rate":0,"timestamp":1537863563,"path_taken":["M","?","M","?","$","R","E","R","T","M","M","M","$","M","R","BOSS","M","?","?","?","?","R","M","?","T","R","M","R","E","M","R","BOSS","M","M","M","?","$","E","R","?","T","R","M","?","M","M","R","BOSS"],"build_version":"2018-09-20","purchased_purges":1,"victory":true,"max_hp_per_floor":[75,75,75,75,75,75,75,75,75,75,75,75,75,75,75,75,75,75,75,75,75,75,75,75,75,75,75,75,75,75,75,75,75,75,75,75,75,75,75,75,75,75,75,75,75,75,75,75,75,75],"card_choices":[{"not_picked":["Force Field","Rebound"],"picked":"Capacitor","floor":1},{"not_picked":["Steam Power","Compile Driver"],"picked":"Hologram","floor":2},{"not_picked":["Compile Driver","Heatsinks"],"picked":"Streamline","floor":3},{"not_picked":["Sweeping Beam","Fusion"],"picked":"Redo","floor":7},{"not_picked":["Go for the Eyes","Force Field"],"picked":"Barrage","floor":10},{"not_picked":["Double Energy","Storm"],"picked":"Ball Lightning","floor":11},{"not_picked":["Compile Driver","Sweeping Beam"],"picked":"Go for the Eyes","floor":12},{"not_picked":["Coolheaded","Gash"],"picked":"Glacier","floor":14},{"not_picked":["Reboot","Amplify"],"picked":"Echo Form","floor":16},{"not_picked":["Turbo","Streamline"],"picked":"Reinforced Body","floor":18},{"not_picked":["Recycle","Hologram","Barrage"],"picked":"SKIP","floor":19},{"not_picked":["Skim","Steam+1"],"picked":"Chill","floor":24},{"not_picked":["Gash","Skim+1"],"picked":"Consume","floor":25},{"not_picked":["Cold Snap+1","Beam Cell+1"],"picked":"Steam+1","floor":28},{"not_picked":["Thunder Strike","Hologram"],"picked":"Turbo+1","floor":30},{"not_picked":["Hologram","Turbo","Reprogram"],"picked":"SKIP","floor":31},{"not_picked":["Multi-Cast","Creative AI"],"picked":"Electrodynamics","floor":33},{"not_picked":["Doom and Gloom","Ball Lightning"],"picked":"Self Repair+1","floor":35},{"not_picked":["Scrape","Melter"],"picked":"Lockon+1","floor":36},{"not_picked":["Ball Lightning+1","Hologram","Melter+1"],"picked":"SKIP","floor":37},{"not_picked":["Consume","Storm"],"picked":"Defragment+1","floor":40},{"not_picked":["Gash+1","Stack+1"],"picked":"Skim+1","floor":42},{"not_picked":["Turbo+1","Barrage","Stack+1"],"picked":"SKIP","floor":45},{"not_picked":["Stack+1","Compile Driver+1"],"picked":"Go for the Eyes+1","floor":46},{"not_picked":["Turbo+1","Rebound+1"],"picked":"Redo+1","floor":47},{"not_picked":["Electrodynamics","Redo+1"],"picked":"Conserve Battery","floor":48}],"player_experience":675187,"relics_obtained":[{"floor":7,"key":"Mercury Hourglass"},{"floor":9,"key":"DataDisk"},{"floor":21,"key":"Bronze Scales"},{"floor":26,"key":"StoneCalendar"},{"floor":30,"key":"Lantern"},{"floor":40,"key":"Dodecahedron"},{"floor":42,"key":"Nunchaku"},{"floor":43,"key":"Potion Belt"}],"event_choices":[{"event_name":"Ghosts","player_choice":"Ignored","floor":20,"damage_taken":0},{"event_name":"FaceTrader","player_choice":"Trade","floor":22,"damage_taken":0},{"event_name":"Wheel of Change","player_choice":"Full Heal","floor":38,"damage_taken":0},{"event_name":"MindBloom","player_choice":"Fight","floor":42,"damage_taken":0}],"is_beta":false,"boss_relics":[{"not_picked":["Runic Pyramid","Runic Dome"],"picked":"Pandora\u0027s Box"},{"not_picked":["Velvet Choker","Eternal Feather"],"picked":"Cursed Key"}],"items_purged_floors":[39],"is_endless":false,"potions_floor_spawned":[1,11,16,18,24,28,33,36,40,42,47,48],"ascension_level":6}