{"gold_per_floor":[110,110,122,82,62,62,87,87,87,99,131,161,173,217,229,316,328,350,333,356,386,448,460,482,494,506,552,576,19,19,38,38,38],"floor_reached":33,"playtime":3522,"items_purged":["Strike_G"],"score":554,"play_id":"e8eae856-a77c-42cd-8115-7e446a71d6e9","local_time":"20181008111354","is_ascension_mode":true,"campfire_choices":[{"data":"Neutralize","floor":6.0,"key":"SMITH"},{"data":"Survivor","floor":8.0,"key":"SMITH"},{"floor":10.0,"key":"REST"},{"floor":15.0,"key":"REST"},{"floor":23,"key":"REST"},{"floor":25,"key":"REST"},{"floor":30,"key":"REST"},{"data":"Noxious Fumes","floor":32,"key":"SMITH"}],"neow_cost":"","seed_source_timestamp":3601179444159,"circlet_count":0,"master_deck":["Defend_G","Defend_G","Defend_G","Defend_G","Defend_G","Strike_G","Strike_G","Strike_G","Strike_G","Survivor+1","Neutralize+1","AscendersBane","Deadly Poison","Bane","Riddle With Holes","Adrenaline","Backstab","Masterful Stab","After Image","Backstab","Leg Sweep","Slice","Cloak And Dagger","Infinite Blades","Deflect","All Out Attack","Noxious Fumes+1","Crippling Poison+1","Endless Agony","Catalyst","Sadistic Nature","Dash"],"special_seed":0,"relics":["Ring of the Snake","Shuriken","Lantern","MawBank","Dodecahedron","Orrery","Bottled Lightning","Anchor","Pantograph"],"potions_floor_usage":[16,20,21,31,33],"damage_taken":[{"damage":0.0,"enemies":"Cultist","floor":1.0,"turns":4.0},{"damage":0.0,"enemies":"2 Louse","floor":3.0,"turns":2.0},{"damage":30.0,"enemies":"Gremlin Nob","floor":7.0,"turns":4.0},{"damage":0.0,"enemies":"Small Slimes","floor":11.0,"turns":2.0},{"damage":8.0,"enemies":"Exordium Thugs","floor":12.0,"turns":4.0},{"damage":15.0,"enemies":"Lagavulin","floor":14.0,"turns":4.0},{"damage":34,"enemies":"The Guardian","floor":16,"turns":11},{"damage":1,"enemies":"Chosen","floor":18,"turns":5},{"damage":7,"enemies":"2 Thieves","floor":19,"turns":4},{"damage":14,"enemies":"Centurion and Healer","floor":20,"turns":2},{"damage":16,"enemies":"Snake Plant","floor":21,"turns":6},{"damage":17,"enemies":"Cultist and Chosen","floor":24,"turns":6},{"damage":13,"enemies":"Gremlin Leader","floor":27,"turns":6},{"damage":13,"enemies":"Snecko","floor":28,"turns":5},{"damage":14,"enemies":"Centurion and Healer","floor":31,"turns":4},{"damage":39,"enemies":"Automaton","floor":33,"turns":8}],"seed_played":"2711765393522376218","potions_obtained":[{"floor":3.0,"key":"LiquidBronze"},{"floor":5.0,"key":"LiquidBronze"},{"floor":12.0,"key":"SkillPotion"},{"floor":14.0,"key":"AttackPotion"},{"floor":19,"key":"SkillPotion"},{"floor":20,"key":"Block Potion"},{"floor":24,"key":"PowerPotion"},{"floor":28,"key":"AttackPotion"}],"is_trial":false,"path_per_floor":["M","T","M","$","?","R","E","R","T","R","M","M","$","E","R","B",null,"M","M","M","M","?","R","M","R","T","E","M","$","R","M","R"],"character_chosen":"THE_SILENT","items_purchased":["Riddle With Holes","Pantograph","Sadistic Nature"],"campfire_rested":5,"item_purchase_floors":[4,29,29],"current_hp_per_floor":[59,59,59,59,59,59,29,29,29,48,48,40,40,25,44,10,52,51,44,30,14,14,33,16,35,35,22,9,9,28,14,14,0],"gold":38,"neow_bonus":"","is_prod":false,"is_daily":false,"chose_seed":false,"campfire_upgraded":3,"win_rate":0,"timestamp":1538990034,"path_taken":["M","?","M","?","?","R","E","R","T","R","?","M","?","E","R","BOSS","M","M","M","M","?","R","M","R","T","E","M","$","R","M","R","BOSS"],"build_version":"2018-10-04v2","purchased_purges":1,"victory":false,"max_hp_per_floor":[66,66,66,66,66,66,66,66,66,66,66,66,66,66,66,66,66,66,66,66,66,66,66,66,66,66,66,66,66,66,66,66,66],"card_choices":[{"not_picked":["Cloak And Dagger","Prepared"],"picked":"Deadly Poison","floor":1.0},{"not_picked":["Dagger Spray","Slice"],"picked":"Bane","floor":3.0},{"not_picked":["Sucker Punch","Concentrate"],"picked":"Adrenaline","floor":7.0},{"not_picked":["Prepared","Masterful Stab"],"picked":"Backstab","floor":11.0},{"not_picked":["Prepared","Outmaneuver","Eviscerate"],"picked":"SKIP","floor":12.0},{"not_picked":["Expertise","Slice"],"picked":"Masterful Stab","floor":14.0},{"not_picked":["Doppelganger","Burst"],"picked":"After Image","floor":16},{"not_picked":["PiercingWail","Dodge and Roll"],"picked":"Backstab","floor":17},{"not_picked":["Poisoned Stab","Slice"],"picked":"Leg Sweep","floor":17},{"not_picked":["Dagger Spray","Poisoned Stab"],"picked":"Slice","floor":17},{"not_picked":["PiercingWail","Flying Knee"],"picked":"Cloak And Dagger","floor":17},{"not_picked":["Dagger Throw","Deflect"],"picked":"Infinite Blades","floor":17},{"not_picked":["Underhanded Strike","Deadly Poison"],"picked":"Deflect","floor":18},{"not_picked":["Skewer","Escape Plan"],"picked":"All Out Attack","floor":19},{"not_picked":["PiercingWail","Blade Dance","Flying Knee"],"picked":"SKIP","floor":20},{"not_picked":["Skewer","Concentrate"],"picked":"Noxious Fumes","floor":21},{"not_picked":["Distraction","Malaise"],"picked":"Crippling Poison+1","floor":24},{"not_picked":["Quick Slash","Riddle With Holes"],"picked":"Endless Agony","floor":27},{"not_picked":["Predator","Quick Slash"],"picked":"Catalyst","floor":28},{"not_picked":["Concentrate","Well Laid Plans+1"],"picked":"Dash","floor":31}],"player_experience":1349079,"relics_obtained":[{"floor":2.0,"key":"Shuriken"},{"floor":7.0,"key":"Lantern"},{"floor":9.0,"key":"MawBank"},{"floor":14.0,"key":"Dodecahedron"},{"floor":26,"key":"Bottled Lightning"},{"floor":27,"key":"Anchor"}],"event_choices":[{"event_name":"The Woman in Blue","player_choice":"Bought 1 Potion","floor":5.0,"damage_taken":0.0},{"event_name":"Nest","player_choice":"Stole From Cult","floor":22,"damage_taken":0}],"is_beta":false,"boss_relics":[{"not_picked":["White Beast Statue","Coffee Dripper"],"picked":"Orrery"}],"items_purged_floors":[29],"is_endless":false,"potions_floor_spawned":[3,12,14,19,20,24,28],"killed_by":"Automaton","ascension_level":20}