{"gold_per_floor":[218,229,229,1,1,1,1,1,1,1,1,18,31,49,49,151,151,162,261,293,293,293,293,307,326,402,52,52,70,86,102,102,207,207,219,1218,1230,1244,1254,1254,379,379,379,379,410,410,444,455,455,455],"floor_reached":51,"playtime":1989,"items_purged":["Strike_R"],"score":947,"play_id":"413f1108-88b4-43e8-8362-eb0a4c41e9a7","local_time":"20190131030434","is_ascension_mode":false,"campfire_choices":[{"data":"Flame Barrier","floor":6.0,"key":"SMITH"},{"data":"Barricade","floor":8.0,"key":"SMITH"},{"data":"Bash","floor":11.0,"key":"SMITH"},{"data":"True Grit","floor":15.0,"key":"SMITH"},{"data":"Entrench","floor":23.0,"key":"SMITH"},{"data":"Body Slam","floor":28.0,"key":"SMITH"},{"data":"Feed","floor":32.0,"key":"SMITH"},{"data":"Juggernaut","floor":40.0,"key":"SMITH"},{"data":"Burning Pact","floor":44,"key":"SMITH"},{"data":"Metallicize","floor":46,"key":"SMITH"},{"data":"The Bomb","floor":49,"key":"SMITH"}],"neow_cost":"NONE","seed_source_timestamp":4968035992567,"circlet_count":0,"master_deck":["Strike_R","Strike_R","Strike_R","Defend_R","Defend_R","Defend_R","Defend_R","Bash+1","Headbutt","Flame Barrier+1","Barricade+1","Shrug It Off","Metallicize+1","True Grit+1","Brutality","Carnage+1","Blood for Blood+1","Entrench+1","Ghostly","Ghostly","Ghostly","Ghostly","Ghostly","Body Slam+1","Ghostly Armor+1","Shame","Metallicize","Feed+1","Burning Pact+1","Juggernaut+1","Normality","Normality","Parasite","Evolve","Magnetism","Shrug It Off","The Bomb+1","Injury","Outmaneuver","Flying Knee+1"],"special_seed":0,"relics":["Burning Blood","Bronze Scales","Bottled Tornado","Ginger","Cursed Key","Red Mask","Letter Opener","Dead Branch","Busted Crown","Self Forming Clay","Blood Vial","PrismaticShard","Bottled Flame","Frozen Egg 2","Red Skull"],"potions_floor_usage":[47,50,50,50],"damage_taken":[{"damage":0.0,"enemies":"2 Louse","floor":1.0,"turns":3.0},{"damage":1.0,"enemies":"Jaw Worm","floor":2.0,"turns":4.0},{"damage":0.0,"enemies":"Small Slimes","floor":12.0,"turns":3.0},{"damage":5.0,"enemies":"Looter","floor":13.0,"turns":4.0},{"damage":2.0,"enemies":"3 Louse","floor":14.0,"turns":4.0},{"damage":14.0,"enemies":"Hexaghost","floor":16.0,"turns":15.0},{"damage":5.0,"enemies":"Spheric Guardian","floor":18.0,"turns":7.0},{"damage":19.0,"enemies":"Masked Bandits","floor":20.0,"turns":6.0},{"damage":0.0,"enemies":"Chosen","floor":24.0,"turns":5.0},{"damage":8.0,"enemies":"Centurion and Healer","floor":25.0,"turns":6.0},{"damage":4.0,"enemies":"Shelled Parasite and Fungi","floor":29.0,"turns":5.0},{"damage":3.0,"enemies":"Snake Plant","floor":30.0,"turns":4.0},{"damage":5.0,"enemies":"Snecko","floor":31.0,"turns":9.0},{"damage":14.0,"enemies":"Collector","floor":33.0,"turns":19.0},{"damage":3.0,"enemies":"3 Darklings","floor":35.0,"turns":4.0},{"damage":0.0,"enemies":"3 Shapes","floor":37.0,"turns":4.0},{"damage":4.0,"enemies":"Writhing Mass","floor":38.0,"turns":5.0},{"damage":0.0,"enemies":"Sphere and 2 Shapes","floor":39.0,"turns":6.0},{"damage":17,"enemies":"Giant Head","floor":45,"turns":10},{"damage":7,"enemies":"Reptomancer","floor":47,"turns":7},{"damage":6,"enemies":"3 Darklings","floor":48,"turns":7},{"damage":10,"enemies":"Donu and Deca","floor":50,"turns":10}],"seed_played":"-8610891537230749245","potions_obtained":[{"floor":2.0,"key":"PowerPotion"},{"floor":16.0,"key":"Swift Potion"},{"floor":18.0,"key":"AttackPotion"},{"floor":24.0,"key":"Dexterity Potion"},{"floor":30.0,"key":"AttackPotion"},{"floor":33.0,"key":"AttackPotion"},{"floor":35.0,"key":"FearPotion"},{"floor":38.0,"key":"BloodPotion"},{"floor":47,"key":"PowerPotion"},{"floor":48,"key":"Swift Potion"}],"is_trial":false,"path_per_floor":["M","M","?","$","?","R","T","R","T","?","R","M","M","M","R","B",null,"M","?","?","?","?","R","M","M","T","$","R","M","M","M","R","B",null,"M","?","M","M","M","R","$","?","T","R","E","R","E","M","R","B",null],"character_chosen":"IRONCLAD","items_purchased":["Barricade","Dead Branch","Metallicize","Self Forming Clay","Blood Vial","PrismaticShard","Weak Potion","Magnetism","Shrug It Off"],"campfire_rested":0,"item_purchase_floors":[4,27,27,41,41,41,41,41,41],"current_hp_per_floor":[80,80,73,73,73,73,73,73,73,66,66,72,73,77,77,69,80,80,80,67,67,40,40,40,38,38,38,38,40,40,43,43,39,47,51,51,51,51,59,59,59,49,49,49,40,40,41,43,43,46],"gold":455,"neow_bonus":"HUNDRED_GOLD","is_prod":false,"is_daily":false,"chose_seed":false,"campfire_upgraded":11,"win_rate":0,"timestamp":1548925474,"path_taken":["M","M","?","$","?","R","?","R","T","?","R","M","M","M","R","BOSS","M","?","?","?","?","R","M","M","T","$","R","M","M","M","R","BOSS","M","?","M","M","M","R","$","?","T","R","E","R","E","M","R","BOSS"],"build_version":"2019-01-23","purchased_purges":1,"victory":true,"max_hp_per_floor":[80,80,80,80,80,80,80,80,80,80,80,80,80,80,80,80,80,80,80,80,80,40,40,40,40,40,40,40,40,40,43,43,47,47,51,51,51,51,59,59,59,59,59,59,59,59,59,59,59,59],"card_choices":[{"not_picked":["Iron Wave","Ghostly Armor"],"picked":"Headbutt","floor":1.0},{"not_picked":["Thunderclap","Twin Strike"],"picked":"Flame Barrier","floor":2.0},{"not_picked":["Body Slam","Cleave"],"picked":"Shrug It Off","floor":12.0},{"not_picked":["Warcry","Havoc"],"picked":"Metallicize","floor":13.0},{"not_picked":["Searing Blow","Feel No Pain"],"picked":"True Grit","floor":14.0},{"not_picked":["Berserk","Limit Break"],"picked":"Brutality","floor":16.0},{"not_picked":["Thunderclap","Perfected Strike"],"picked":"Carnage+1","floor":18.0},{"not_picked":["Pummel","Twin Strike"],"picked":"Blood for Blood+1","floor":20.0},{"not_picked":["Clothesline","Sword Boomerang"],"picked":"Body Slam","floor":24.0},{"not_picked":["Pommel Strike+1","Evolve+1"],"picked":"Ghostly Armor+1","floor":25.0},{"not_picked":["Rampage+1","Anger"],"picked":"Feed","floor":29.0},{"not_picked":["Clash","Wild Strike","Anger"],"picked":"SKIP","floor":30.0},{"not_picked":["Reckless Charge+1","Heavy Blade"],"picked":"Burning Pact","floor":31.0},{"not_picked":["Dark Embrace","Limit Break"],"picked":"Juggernaut","floor":33.0},{"not_picked":["Flex"],"picked":"SKIP","floor":35.0},{"not_picked":["Anger"],"picked":"SKIP","floor":37.0},{"not_picked":[],"picked":"Evolve","floor":38.0},{"not_picked":["Hemokinesis+1"],"picked":"SKIP","floor":39.0},{"not_picked":[],"picked":"The Bomb","floor":42},{"not_picked":["Seeing Red"],"picked":"SKIP","floor":45},{"not_picked":["Outmaneuver"],"picked":"SKIP","floor":47},{"not_picked":["Outmaneuver"],"picked":"SKIP","floor":47},{"not_picked":[],"picked":"Outmaneuver","floor":47},{"not_picked":[],"picked":"Flying Knee+1","floor":48}],"player_experience":676725,"relics_obtained":[{"floor":7.0,"key":"Bronze Scales"},{"floor":9.0,"key":"Bottled Tornado"},{"floor":20.0,"key":"Red Mask"},{"floor":26.0,"key":"Letter Opener"},{"floor":43,"key":"Bottled Flame"},{"floor":45,"key":"Frozen Egg 2"},{"floor":47,"key":"Red Skull"}],"event_choices":[{"cards_removed":["Strike_R"],"damage_healed":0.0,"max_hp_gain":0.0,"max_hp_loss":0.0,"gold_gain":0.0,"event_name":"Golden Wing","player_choice":"Card Removal","floor":3.0,"gold_loss":0.0,"damage_taken":7.0},{"damage_healed":0.0,"max_hp_gain":0.0,"max_hp_loss":0.0,"gold_gain":0.0,"event_name":"The Cleric","player_choice":"Leave","floor":5.0,"gold_loss":0.0,"damage_taken":0.0},{"damage_healed":0.0,"max_hp_gain":0.0,"max_hp_loss":0.0,"gold_gain":0.0,"event_name":"Scrap Ooze","player_choice":"Success","floor":10.0,"gold_loss":0.0,"damage_taken":7.0,"relics_obtained":["Ginger"]},{"damage_healed":0.0,"max_hp_gain":0.0,"max_hp_loss":0.0,"gold_gain":99.0,"event_name":"Nest","player_choice":"Stole From Cult","floor":19.0,"gold_loss":0.0,"damage_taken":0.0},{"damage_healed":0.0,"max_hp_gain":0.0,"max_hp_loss":0.0,"gold_gain":0.0,"event_name":"Masked Bandits","player_choice":"Fought Bandits","floor":20.0,"gold_loss":0.0,"damage_taken":0.0},{"damage_healed":0.0,"max_hp_gain":0.0,"max_hp_loss":0.0,"gold_gain":0.0,"event_name":"The Library","player_choice":"Read","floor":21.0,"gold_loss":0.0,"damage_taken":0.0,"cards_obtained":["Entrench"]},{"damage_healed":0.0,"max_hp_gain":0.0,"max_hp_loss":40.0,"gold_gain":0.0,"event_name":"Ghosts","player_choice":"Became a Ghost","floor":22.0,"gold_loss":0.0,"damage_taken":0.0,"cards_obtained":["Ghostly","Ghostly","Ghostly","Ghostly","Ghostly"]},{"damage_healed":0.0,"max_hp_gain":0.0,"max_hp_loss":0.0,"gold_gain":999.0,"event_name":"MindBloom","player_choice":"Gold","floor":36.0,"gold_loss":0.0,"damage_taken":0.0,"cards_obtained":["Normality","Normality"]},{"damage_healed":0,"gold_gain":0,"player_choice":"Memory 3","damage_taken":10,"max_hp_gain":0,"max_hp_loss":0,"event_name":"SensoryStone","floor":42,"gold_loss":0}],"is_beta":false,"boss_relics":[{"not_picked":["Fusion Hammer","Philosopher\u0027s Stone"],"picked":"Cursed Key"},{"not_picked":["White Beast Statue","Lizard Tail"],"picked":"Busted Crown"}],"items_purged_floors":[4],"is_endless":false,"potions_floor_spawned":[2,16,18,24,30,33,35,38,47,48],"ascension_level":0}