{"gold_per_floor":[119,119,119,130,80,109,8,18,18,18,31,45,45,59,59,155,155,169,169,54,69,79,106,123,141,141,141,141,153,164,164,164,164],"floor_reached":33,"playtime":2816,"items_purged":["Writhe"],"score":271,"play_id":"1eefb0db-bf7a-4fc3-b32e-90f2c9200ad5","local_time":"20190116195932","is_ascension_mode":false,"campfire_choices":[{"floor":13.0,"key":"REST"},{"floor":15.0,"key":"REST"},{"floor":28,"key":"REST"},{"floor":32,"key":"REST"}],"neow_cost":"CURSE","seed_source_timestamp":0,"circlet_count":0,"master_deck":["Strike_B","Strike_B","Strike_B","Strike_B","Defend_B","Defend_B","Defend_B","Defend_B","Zap","Dualcast","Panacea","Discovery","Go for the Eyes","Beam Cell","Beam Cell","Ball Lightning","Sweeping Beam","Auto Shields","Conserve Battery","Genetic Algorithm","Rainbow","Ball Lightning+1","Static Discharge","Glacier","Go for the Eyes+1","Coolheaded","Tempest","Rainbow","Ball Lightning+1","Chaos+1","Storm"],"special_seed":0,"relics":["Cracked Core","Torii","FossilizedHelix","Dead Branch","Lizard Tail","Gambling Chip","Symbiotic Virus","Shovel"],"potions_floor_usage":[29,33,33,33],"damage_taken":[{"damage":10.0,"enemies":"Small Slimes","floor":1.0,"turns":3.0},{"damage":8.0,"enemies":"Jaw Worm","floor":4.0,"turns":2.0},{"damage":28.0,"enemies":"Lagavulin","floor":6.0,"turns":6.0},{"damage":7.0,"enemies":"2 Louse","floor":8.0,"turns":2.0},{"damage":10.0,"enemies":"Exordium Wildlife","floor":11.0,"turns":3.0},{"damage":0.0,"enemies":"3 Louse","floor":12.0,"turns":2.0},{"damage":0.0,"enemies":"Large Slime","floor":14.0,"turns":6.0},{"damage":4.0,"enemies":"Hexaghost","floor":16.0,"turns":9.0},{"damage":13.0,"enemies":"3 Byrds","floor":18.0,"turns":4.0},{"damage":10.0,"enemies":"Spheric Guardian","floor":21.0,"turns":5.0},{"damage":4.0,"enemies":"Centurion and Healer","floor":22.0,"turns":8.0},{"damage":26.0,"enemies":"Book of Stabbing","floor":23.0,"turns":5.0},{"damage":27.0,"enemies":"3 Cultists","floor":24.0,"turns":5.0},{"damage":8,"enemies":"Snake Plant","floor":25,"turns":4},{"damage":1,"enemies":"Centurion and Healer","floor":29,"turns":7},{"damage":0,"enemies":"Shelled Parasite and Fungi","floor":30,"turns":4},{"damage":64,"enemies":"Collector","floor":33,"turns":13}],"seed_played":"-5120789571471077307","potions_obtained":[{"floor":1.0,"key":"FearPotion"},{"floor":12.0,"key":"Poison Potion"},{"floor":16.0,"key":"FearPotion"},{"floor":24.0,"key":"FearPotion"},{"floor":25,"key":"Strength Potion"},{"floor":29,"key":"SpeedPotion"},{"floor":30,"key":"SneckoOil"}],"is_trial":false,"path_per_floor":["M","?","?","M","?","E","$","M","T","$","M","M","R","M","R","B",null,"M","?","$","M","M","E","M","M","T","?","R","M","M","?","R","B"],"character_chosen":"DEFECT","items_purchased":["Ball Lightning","Static Discharge","Glacier"],"campfire_rested":4,"item_purchase_floors":[7,20,20],"current_hp_per_floor":[65,65,65,57,57,29,29,22,22,22,12,12,34,34,56,52,75,62,48,48,38,34,8,25,17,17,17,41,40,40,40,64,0],"gold":164,"neow_bonus":"RANDOM_COLORLESS_2","is_prod":false,"is_daily":false,"chose_seed":false,"campfire_upgraded":0,"win_rate":0,"timestamp":1547621972,"path_taken":["M","?","?","M","?","E","$","M","T","$","M","M","R","?","R","BOSS","M","?","$","M","M","E","M","M","T","?","R","M","M","?","R","BOSS"],"build_version":"2019-01-10","purchased_purges":1,"victory":false,"max_hp_per_floor":[75,75,75,75,75,75,75,75,75,75,75,75,75,75,75,75,75,75,80,80,80,80,80,80,80,80,80,80,80,80,80,80,80],"card_choices":[{"not_picked":["Barrage","Compile Driver"],"picked":"Go for the Eyes","floor":1.0},{"not_picked":["Sweeping Beam","Fusion"],"picked":"Beam Cell","floor":4.0},{"not_picked":["Steam","Streamline"],"picked":"Beam Cell","floor":6.0},{"not_picked":["Coolheaded","Rip and Tear"],"picked":"Sweeping Beam","floor":8.0},{"not_picked":["Barrage","Streamline"],"picked":"Auto Shields","floor":11.0},{"not_picked":["Hologram","Gash"],"picked":"Conserve Battery","floor":12.0},{"not_picked":["Gash","Turbo"],"picked":"Genetic Algorithm","floor":14.0},{"not_picked":["Buffer","Meteor Strike"],"picked":"Rainbow","floor":16.0},{"not_picked":["Steam","Go for the Eyes+1"],"picked":"Ball Lightning+1","floor":18.0},{"not_picked":["Steam","Scrape"],"picked":"Go for the Eyes+1","floor":21.0},{"not_picked":["Leap","Steam"],"picked":"Coolheaded","floor":22.0},{"not_picked":["Coolheaded","Redo"],"picked":"Tempest","floor":23.0},{"not_picked":["Hologram","Leap"],"picked":"Rainbow","floor":24.0},{"not_picked":["Redo","Double Energy"],"picked":"Ball Lightning+1","floor":25},{"not_picked":["Reprogram","Skim+1"],"picked":"Chaos+1","floor":29},{"not_picked":["Sweeping Beam+1","Streamline"],"picked":"Storm","floor":30}],"player_experience":574091,"relics_obtained":[{"floor":6.0,"key":"FossilizedHelix"},{"floor":9.0,"key":"Dead Branch"},{"floor":23.0,"key":"Gambling Chip"},{"floor":26,"key":"Symbiotic Virus"}],"event_choices":[{"damage_healed":0.0,"max_hp_gain":0.0,"max_hp_loss":0.0,"gold_gain":0.0,"event_name":"Shining Light","player_choice":"Ignored","floor":2.0,"gold_loss":0.0,"damage_taken":0.0},{"damage_healed":0.0,"max_hp_gain":0.0,"max_hp_loss":0.0,"gold_gain":0.0,"event_name":"Big Fish","player_choice":"Box","floor":3.0,"gold_loss":0.0,"damage_taken":0.0,"relics_obtained":["Torii"],"cards_obtained":["Regret"]},{"cards_removed":["Regret"],"damage_healed":0.0,"max_hp_gain":0.0,"max_hp_loss":0.0,"gold_gain":0.0,"event_name":"The Cleric","player_choice":"Card Removal","floor":5.0,"gold_loss":50.0,"damage_taken":0.0},{"damage_healed":0.0,"max_hp_gain":5.0,"max_hp_loss":0.0,"gold_gain":0.0,"event_name":"Forgotten Altar","player_choice":"Shed Blood","floor":19.0,"gold_loss":0.0,"damage_taken":19.0},{"damage_healed":0,"gold_gain":0,"player_choice":"Opened","damage_taken":0,"relics_obtained":["Shovel"],"max_hp_gain":0,"max_hp_loss":0,"event_name":"The Mausoleum","floor":27,"gold_loss":0},{"damage_healed":0,"gold_gain":0,"player_choice":"Ignored","damage_taken":0,"max_hp_gain":0,"max_hp_loss":0,"event_name":"Cursed Tome","floor":31,"gold_loss":0}],"is_beta":false,"boss_relics":[{"not_picked":["Calling Bell","Sozu"],"picked":"Lizard Tail"}],"items_purged_floors":[7],"is_endless":false,"potions_floor_spawned":[1,12,16,24,25,29,30],"killed_by":"Collector","ascension_level":0}