{"gold_per_floor":[110,35,35,48,65,65,98,110,110,110,122,148,148,168,168,241,291,309,326,326,13,28,28],"floor_reached":23,"playtime":999,"items_purged":[],"score":365,"play_id":"eff029f5-28a5-4ba0-882b-e771baf66e5c","local_time":"20190130171329","is_ascension_mode":true,"campfire_choices":[{"floor":6.0,"key":"RECALL"},{"floor":10.0,"key":"REST"},{"floor":13,"key":"REST"},{"floor":15,"key":"REST"}],"neow_cost":"NONE","seed_source_timestamp":495902628842870,"circlet_count":0,"master_deck":["AscendersBane","Defend_G","Defend_G","Defend_G","Defend_G","Defend_G","Strike_G","Strike_G","Strike_G","Strike_G+1","Survivor","Neutralize","Deadly Poison","Predator","Dash","Backflip","Noxious Fumes","Acrobatics","Burst","Unload","Dagger Spray","Phantasmal Killer","Reflex","Bane","Distraction+1","Writhe","PiercingWail","Underhanded Strike+1"],"special_seed":0,"relics":["Fusion Hammer","Vajra","Darkstone Periapt","Question Card","Tiny House","Orichalcum","Molten Egg 2"],"potions_floor_usage":[12,16,18,22,22],"damage_taken":[{"damage":0.0,"enemies":"2 Louse","floor":1.0,"turns":3.0},{"damage":0.0,"enemies":"Cultist","floor":4.0,"turns":3.0},{"damage":4.0,"enemies":"Jaw Worm","floor":5.0,"turns":3.0},{"damage":35.0,"enemies":"Lagavulin","floor":7.0,"turns":8.0},{"damage":2.0,"enemies":"Exordium Wildlife","floor":8.0,"turns":5.0},{"damage":3.0,"enemies":"Looter","floor":11.0,"turns":3.0},{"damage":6,"enemies":"Gremlin Nob","floor":12,"turns":3},{"damage":2,"enemies":"2 Fungi Beasts","floor":14,"turns":3},{"damage":32,"enemies":"The Guardian","floor":16,"turns":11},{"damage":14,"enemies":"Spheric Guardian","floor":18,"turns":4},{"damage":11,"enemies":"3 Byrds","floor":19,"turns":5},{"damage":9,"enemies":"Cultist and Chosen","floor":22,"turns":7},{"damage":50,"enemies":"Slavers","floor":23,"turns":3}],"seed_played":"-2300986045944660437","potions_obtained":[{"floor":4.0,"key":"Fruit Juice"},{"floor":7.0,"key":"SkillPotion"},{"floor":11.0,"key":"PowerPotion"},{"floor":14,"key":"Swift Potion"},{"floor":16,"key":"SpeedPotion"},{"floor":17,"key":"SkillPotion"},{"floor":18,"key":"AttackPotion"}],"is_trial":false,"path_per_floor":["M","$","?","M","M","R","E","M","T","R","M","E","R","M","R","B",null,"M","M","?","$","M","E"],"character_chosen":"THE_SILENT","items_purchased":["Predator","Molten Egg 2","PiercingWail"],"campfire_rested":3,"item_purchase_floors":[2,21,21],"current_hp_per_floor":[59,59,59,59,55,55,25,23,23,44,41,35,56,54,71,39,68,54,43,49,49,40,0],"gold":28,"neow_bonus":"BOSS_RELIC","is_prod":false,"is_daily":false,"chose_seed":false,"campfire_upgraded":0,"win_rate":0,"timestamp":1548864809,"path_taken":["M","$","?","M","M","R","E","M","T","R","?","E","R","?","R","BOSS","M","M","?","$","M","E"],"build_version":"2019-01-23","purchased_purges":0,"victory":false,"max_hp_per_floor":[66,66,66,66,66,66,71,71,71,71,71,71,71,71,71,71,76,76,76,82,82,82,82],"card_choices":[{"not_picked":["Underhanded Strike","Blade Dance"],"picked":"Deadly Poison","floor":1.0},{"not_picked":["Bane","Dodge and Roll"],"picked":"Dash","floor":4.0},{"not_picked":["Caltrops","Flying Knee"],"picked":"Backflip","floor":5.0},{"not_picked":["Flechettes","Caltrops"],"picked":"Noxious Fumes","floor":7.0},{"not_picked":["Endless Agony","Sucker Punch"],"picked":"Acrobatics","floor":8.0},{"not_picked":["Quick Slash","Endless Agony"],"picked":"Burst","floor":11.0},{"not_picked":["Accuracy","Backflip"],"picked":"Unload","floor":12},{"not_picked":["Tactician","Distraction","Endless Agony"],"picked":"Dagger Spray","floor":14},{"not_picked":["Die Die Die","Wraith Form v2","Bullet Time"],"picked":"Phantasmal Killer","floor":16},{"not_picked":["Setup","Acrobatics","Sucker Punch"],"picked":"Reflex","floor":17},{"not_picked":["Outmaneuver","Flying Knee","Sucker Punch"],"picked":"Bane","floor":18},{"not_picked":["Deflect","Expertise","Blur"],"picked":"Distraction+1","floor":19},{"not_picked":["Bouncing Flask","Finisher+1","Venomology"],"picked":"Underhanded Strike+1","floor":22}],"player_experience":1139383,"relics_obtained":[{"floor":7.0,"key":"Vajra"},{"floor":9.0,"key":"Darkstone Periapt"},{"floor":12,"key":"Question Card"}],"event_choices":[{"cards_removed":["Strike_G"],"damage_healed":0.0,"max_hp_gain":0.0,"max_hp_loss":0.0,"gold_gain":0.0,"event_name":"Bonfire Elementals","player_choice":"Offered Basic","floor":3.0,"gold_loss":0.0,"damage_taken":0.0},{"damage_healed":0,"gold_gain":0,"player_choice":"Opened","damage_taken":0,"relics_obtained":["Orichalcum"],"max_hp_gain":0,"max_hp_loss":0,"event_name":"The Mausoleum","floor":20,"gold_loss":0,"cards_obtained":["Writhe"]}],"is_beta":false,"boss_relics":[{"not_picked":["Ectoplasm","Runic Pyramid"],"picked":"Tiny House"}],"items_purged_floors":[],"is_endless":false,"potions_floor_spawned":[4,7,11,14,16,18],"killed_by":"Slavers","ascension_level":16}