{"gold_per_floor":[113,43,43,62,62,62,72,72,125,125,135,165,1,31,31,136,136,148,123,123,138,138,138,138,138,138,138,156,171,188,203,203,203],"floor_reached":33,"playtime":1762,"items_purged":[],"score":270,"play_id":"08583af5-738a-4e95-ae20-40136051f187","local_time":"20181207234027","is_ascension_mode":false,"campfire_choices":[{"data":"Cloak And Dagger","floor":6,"key":"SMITH"},{"data":"Noxious Fumes","floor":8,"key":"SMITH"},{"data":"Caltrops","floor":10,"key":"SMITH"},{"floor":15,"key":"REST"},{"floor":23,"key":"REST"},{"data":"Cloak And Dagger","floor":25,"key":"SMITH"},{"data":"Infinite Blades","floor":27,"key":"SMITH"},{"floor":32,"key":"REST"}],"neow_cost":"NONE","seed_source_timestamp":15858992295114,"circlet_count":0,"master_deck":["Neutralize","Noxious Fumes+1","Deadly Poison","Outmaneuver","Slice","Slice","Crippling Poison","Cloak And Dagger+1","Bane","Dash","Choke","Caltrops","Caltrops+1","Poisoned Stab","Infinite Blades+1","Flechettes","Accuracy","Crippling Poison","Deadly Poison","Burst","Catalyst+1","Cloak And Dagger+1","Deflect","Deadly Poison","Deep Breath","Deflect","Bouncing Flask+1","Deadly Poison+1","Blur"],"relics":["Pandora\u0027s Box","Blue Candle","Anchor","Lantern","Odd Mushroom","Black Star","Bottled Tornado"],"potions_floor_usage":[12,14,16,28,31,33],"damage_taken":[{"damage":0,"enemies":"2 Louse","floor":1,"turns":2},{"damage":0,"enemies":"Small Slimes","floor":4,"turns":3},{"damage":6,"enemies":"Cultist","floor":7,"turns":4},{"damage":0,"enemies":"3 Louse","floor":11,"turns":2},{"damage":11,"enemies":"Gremlin Nob","floor":12,"turns":4},{"damage":2,"enemies":"The Mushroom Lair","floor":14,"turns":3},{"damage":34,"enemies":"Hexaghost","floor":16,"turns":6},{"damage":21,"enemies":"Shell Parasite","floor":18,"turns":6},{"damage":16,"enemies":"2 Thieves","floor":21,"turns":5},{"damage":25,"enemies":"3 Cultists","floor":28,"turns":6},{"damage":10,"enemies":"Centurion and Healer","floor":29,"turns":5},{"damage":9,"enemies":"Shelled Parasite and Fungi","floor":30,"turns":3},{"damage":0,"enemies":"Snake Plant","floor":31,"turns":3},{"damage":21,"enemies":"Collector","floor":33,"turns":5}],"seed_played":"5713523563330858328","potions_obtained":[{"floor":1,"key":"Strength Potion"},{"floor":11,"key":"Strength Potion"},{"floor":12,"key":"PowerPotion"},{"floor":21,"key":"Block Potion"},{"floor":29,"key":"Swift Potion"},{"floor":30,"key":"Poison Potion"}],"is_trial":false,"path_per_floor":["M","$","?","M","?","R","M","R","T","R","M","E","$","?","R","B",null,"M","$","?","M","?","R","?","R","T","R","M","M","M","M","R","B"],"character_chosen":"THE_SILENT","items_purchased":["Caltrops","Accuracy","Crippling Poison","Deadly Poison","Cloak And Dagger"],"campfire_rested":3,"item_purchase_floors":[2,13,13,13,19],"current_hp_per_floor":[70,70,70,70,58,58,52,52,52,52,52,41,41,39,60,26,70,49,49,49,33,33,54,54,54,54,54,29,19,10,10,31,10],"gold":203,"neow_bonus":"BOSS_RELIC","is_prod":false,"is_daily":false,"chose_seed":false,"campfire_upgraded":5,"win_rate":0.0,"timestamp":1544179227,"path_taken":["M","$","?","M","?","R","M","R","T","R","M","E","$","?","R","BOSS","M","$","?","?","?","R","?","R","T","R","?","M","?","M","R","BOSS"],"build_version":"2018-12-06","purchased_purges":0,"victory":false,"max_hp_per_floor":[70,70,70,70,70,70,70,70,70,70,70,70,70,70,70,70,70,70,70,70,70,70,70,70,70,70,70,70,70,70,70,70,70],"card_choices":[{"not_picked":["Poisoned Stab","Masterful Stab"],"picked":"Choke","floor":1},{"not_picked":["Endless Agony","Flying Knee"],"picked":"Caltrops","floor":4},{"not_picked":["Tactician","PiercingWail"],"picked":"Poisoned Stab","floor":7},{"not_picked":["Dodge and Roll","Concentrate"],"picked":"Infinite Blades","floor":11},{"not_picked":["Bane","Flying Knee"],"picked":"Flechettes","floor":12},{"not_picked":["Grand Finale","Tools of the Trade"],"picked":"Burst","floor":16},{"not_picked":["Leg Sweep","Reflex+1"],"picked":"Catalyst+1","floor":18},{"not_picked":["Tactician","Heel Hook"],"picked":"Deadly Poison","floor":21},{"not_picked":["Escape Plan","Dodge and Roll"],"picked":"Bouncing Flask+1","floor":28},{"not_picked":["PiercingWail","Deflect+1"],"picked":"Deadly Poison+1","floor":29},{"not_picked":["Flying Knee","Underhanded Strike"],"picked":"Blur","floor":30},{"not_picked":["Underhanded Strike","Backflip","Dagger Spray"],"picked":"SKIP","floor":31}],"player_experience":428980,"relics_obtained":[{"floor":9,"key":"Anchor"},{"floor":12,"key":"Lantern"},{"floor":14,"key":"Odd Mushroom"},{"floor":26,"key":"Bottled Tornado"}],"event_choices":[{"damage_healed":0,"gold_gain":0,"player_choice":"Leave","damage_taken":0,"max_hp_gain":0,"max_hp_loss":0,"event_name":"The Cleric","floor":3,"gold_loss":0},{"damage_healed":0,"gold_gain":0,"player_choice":"Success","damage_taken":12,"relics_obtained":["Blue Candle"],"max_hp_gain":0,"max_hp_loss":0,"event_name":"Scrap Ooze","floor":5,"gold_loss":0},{"damage_healed":0,"gold_gain":0,"player_choice":"Fought Mushrooms","damage_taken":0,"max_hp_gain":0,"max_hp_loss":0,"event_name":"Mushrooms","floor":14,"gold_loss":0},{"damage_healed":0,"gold_gain":0,"cards_transformed":["Reflex"],"player_choice":"Transformed","damage_taken":0,"max_hp_gain":0,"max_hp_loss":0,"event_name":"Transmorgrifier","floor":20,"gold_loss":0,"cards_obtained":["Deflect"]},{"cards_removed":["Survivor"],"damage_healed":0,"gold_gain":0,"player_choice":"Elegance","damage_taken":0,"max_hp_gain":0,"max_hp_loss":0,"event_name":"Back to Basics","floor":22,"gold_loss":0},{"damage_healed":0,"gold_gain":0,"player_choice":"2 cards matched","damage_taken":0,"max_hp_gain":0,"max_hp_loss":0,"event_name":"Match and Keep!","floor":24,"gold_loss":0,"cards_obtained":["Deep Breath","Deflect"]}],"is_beta":false,"boss_relics":[{"not_picked":["Calling Bell","Runic Pyramid"],"picked":"Black Star"}],"items_purged_floors":[],"is_endless":false,"potions_floor_spawned":[1,11,12,21,29,30],"killed_by":"Collector","ascension_level":0}