{"gold_per_floor":[112,129,4,4,14,14,14,14,83,83,99,18,18,44,44,149,149,161,172,186,186,285,285],"floor_reached":23,"playtime":1835,"items_purged":[],"score":189,"play_id":"ec69e070-4056-4dcc-819e-fb49da446664","local_time":"20181013174754","is_ascension_mode":false,"campfire_choices":[{"data":"Redo","floor":6,"key":"SMITH"},{"data":"Dualcast","floor":8,"key":"SMITH"},{"floor":15,"key":"REST"}],"neow_cost":"","seed_source_timestamp":172378675901212,"circlet_count":0,"master_deck":["Strike_B","Strike_B","Strike_B+1","Defend_B","Defend_B","Defend_B","Defend_B","Zap+1","Dualcast+1","Ball Lightning","Rip and Tear","Darkness","Dark Shackles","Redo+1","Self Repair","Glacier","Stack","Seek","Compile Driver","Self Repair","Blizzard"],"relics":["Cracked Core","Bottled Flame","Bottled Lightning","Gambling Chip","Pen Nib","Inserter","Enchiridion"],"potions_floor_usage":[14,14,16,19,19],"damage_taken":[{"damage":0,"enemies":"Small Slimes","floor":1,"turns":3},{"damage":1,"enemies":"2 Louse","floor":2,"turns":3},{"damage":0,"enemies":"Jaw Worm","floor":5,"turns":2},{"damage":2,"enemies":"Blue Slaver","floor":11,"turns":2},{"damage":11,"enemies":"3 Sentries","floor":14,"turns":6},{"damage":15,"enemies":"Hexaghost","floor":16,"turns":10},{"damage":2,"enemies":"Shell Parasite","floor":18,"turns":10},{"damage":9,"enemies":"2 Thieves","floor":19,"turns":5},{"damage":19,"enemies":"Snake Plant","floor":20,"turns":6},{"damage":52,"enemies":"Book of Stabbing","floor":23,"turns":5}],"seed_played":"5682814725061788320","potions_obtained":[{"floor":1,"key":"SpeedPotion"},{"floor":5,"key":"FearPotion"},{"floor":11,"key":"AttackPotion"},{"floor":16,"key":"SpeedPotion"},{"floor":18,"key":"SkillPotion"}],"is_trial":false,"path_per_floor":["M","M","$","?","M","R","T","R","T","?","M","$","?","E","R","B",null,"M","M","M","?","?"],"character_chosen":"DEFECT","items_purchased":["Darkness","Dark Shackles","Glacier"],"campfire_rested":1,"item_purchase_floors":[3,3,12],"current_hp_per_floor":[75,74,74,59,59,59,59,59,59,59,57,57,39,35,57,49,75,75,73,68,52,52,0],"gold":285,"neow_bonus":"","is_prod":false,"is_daily":false,"chose_seed":false,"campfire_upgraded":2,"win_rate":0.0,"timestamp":1539406074,"path_taken":["M","M","$","?","M","R","?","R","T","?","?","$","?","E","R","BOSS","M","M","M","?","?","E"],"build_version":"2018-10-11","purchased_purges":0,"victory":false,"max_hp_per_floor":[75,75,75,75,75,75,75,75,75,75,75,75,75,75,75,75,75,75,75,75,75,75,75],"card_choices":[{"not_picked":["Force Field","Conserve Battery"],"picked":"Ball Lightning","floor":1},{"not_picked":["Sweeping Beam","Lockon"],"picked":"Rip and Tear","floor":2},{"not_picked":["Conserve Battery","Sweeping Beam"],"picked":"Redo","floor":5},{"not_picked":["Rip and Tear","Compile Driver"],"picked":"Self Repair","floor":11},{"not_picked":["White Noise","Fusion"],"picked":"Stack","floor":14},{"not_picked":["Machine Learning","Thunder Strike"],"picked":"Seek","floor":16},{"not_picked":["Sweeping Beam","BootSequence"],"picked":"Compile Driver","floor":18},{"not_picked":["Steam","Sweeping Beam"],"picked":"Self Repair","floor":19},{"not_picked":["Scrape","Steam Power"],"picked":"Blizzard","floor":20}],"player_experience":2873,"relics_obtained":[{"floor":7,"key":"Bottled Flame"},{"floor":9,"key":"Bottled Lightning"},{"floor":14,"key":"Pen Nib"},{"floor":21,"key":"Enchiridion"}],"event_choices":[{"event_name":"Shining Light","player_choice":"Entered Light","floor":4,"damage_taken":0},{"event_name":"Purifier","player_choice":"One Purge","floor":10,"damage_taken":0},{"event_name":"Scrap Ooze","player_choice":"success","floor":13,"damage_taken":18},{"event_name":"Cursed Tome","player_choice":"Obtained Book","floor":21,"damage_taken":0},{"event_name":"Nest","player_choice":"Stole From Cult","floor":22,"damage_taken":0}],"is_beta":false,"boss_relics":[{"not_picked":["Fusion Hammer","Busted Crown"],"picked":"Inserter"}],"items_purged_floors":[],"is_endless":false,"potions_floor_spawned":[1,5,11,16,18],"killed_by":"Book of Stabbing","ascension_level":0}