{"gold_per_floor":[364,51,126,126,143,143,175,187,187,187,217,217,217],"floor_reached":13,"playtime":455,"items_purged":[],"score":182,"play_id":"adec20a6-4c4f-45c4-87f2-1b30ef571c27","local_time":"20190103230316","is_ascension_mode":true,"campfire_choices":[{"data":"Poisoned Stab","floor":6.0,"key":"SMITH"},{"floor":10.0,"key":"REST"},{"floor":12.0,"key":"REST"}],"neow_cost":"TEN_PERCENT_HP_LOSS","seed_source_timestamp":7786830739394,"circlet_count":0,"master_deck":["AscendersBane","Defend_G+1","Defend_G+1","Defend_G","Defend_G","Defend_G","Strike_G","Strike_G","Strike_G","Strike_G","Strike_G","Survivor","Neutralize","Poisoned Stab","Poisoned Stab","Poisoned Stab+1","Wraith Form v2"],"special_seed":0,"relics":["Ring of the Snake","Gremlin Horn","Vajra","The Courier","Juzu Bracelet"],"potions_floor_usage":[13],"damage_taken":[{"damage":0.0,"enemies":"Cultist","floor":1.0,"turns":4.0},{"damage":0.0,"enemies":"Jaw Worm","floor":5.0,"turns":4.0},{"damage":28.0,"enemies":"Gremlin Nob","floor":7.0,"turns":4.0},{"damage":0.0,"enemies":"Small Slimes","floor":8.0,"turns":3.0},{"damage":1.0,"enemies":"Lagavulin","floor":11.0,"turns":5.0},{"damage":48,"enemies":"Gremlin Nob","floor":13,"turns":4}],"seed_played":"4730940432288488493","potions_obtained":[{"floor":5.0,"key":"Dexterity Potion"},{"floor":7.0,"key":"FearPotion"}],"is_trial":false,"path_per_floor":["M","$","?","?","M","R","E","M","T","R","E","R","E"],"character_chosen":"THE_SILENT","items_purchased":["Gremlin Horn","Poisoned Stab"],"campfire_rested":2,"item_purchase_floors":[2,2],"current_hp_per_floor":[59,59,48,30,30,30,2,2,2,20,19,37,0],"gold":217,"neow_bonus":"TWO_FIFTY_GOLD","is_prod":false,"is_daily":false,"chose_seed":false,"campfire_upgraded":1,"win_rate":0,"timestamp":1546552996,"path_taken":["M","?","?","?","M","R","E","M","T","R","E","R","E"],"build_version":"2018-12-20","purchased_purges":0,"victory":false,"max_hp_per_floor":[60,60,60,60,60,60,60,60,60,60,60,60,60],"card_choices":[{"not_picked":["Escape Plan","Deflect"],"picked":"Poisoned Stab","floor":1.0},{"not_picked":["Outmaneuver","Dagger Throw"],"picked":"Poisoned Stab","floor":5.0},{"not_picked":["Prepared","Dagger Throw","Concentrate"],"picked":"SKIP","floor":7.0},{"not_picked":["Poisoned Stab","Finisher"],"picked":"Wraith Form v2","floor":8.0},{"not_picked":["Caltrops","Infinite Blades","Burst"],"picked":"SKIP","floor":11.0}],"player_experience":1952702,"relics_obtained":[{"floor":7.0,"key":"Vajra"},{"floor":9.0,"key":"The Courier"},{"floor":11.0,"key":"Juzu Bracelet"}],"event_choices":[{"damage_healed":0.0,"max_hp_gain":0.0,"max_hp_loss":0.0,"gold_gain":75.0,"event_name":"World of Goop","player_choice":"Gather Gold","floor":3.0,"gold_loss":0.0,"damage_taken":11.0},{"damage_healed":0.0,"max_hp_gain":0.0,"max_hp_loss":0.0,"gold_gain":0.0,"event_name":"Shining Light","player_choice":"Entered Light","floor":4.0,"gold_loss":0.0,"damage_taken":18.0,"cards_upgraded":["Defend_G","Defend_G"]}],"is_beta":false,"boss_relics":[],"items_purged_floors":[],"is_endless":false,"potions_floor_spawned":[5,7],"killed_by":"Gremlin Nob","ascension_level":20}