{"gold_per_floor":[113,113,134,7,21,21,44,44,44,82,82,82,40,55,55,185,185,201,221,40,65,27,27,41,74,74,74,98,128,141,159,159,282,282,298,311,92,1091,1109,1109,1109,1129,1129,1129,1142,1142,1142,52,52,52],"floor_reached":51,"playtime":2365,"items_purged":["Armaments","Iron Wave"],"score":1062,"play_id":"8f74ff87-b707-4fd5-b519-94b4a22ce5fa","local_time":"20181011163232","daily_mods":["SealedDeck","Heirloom","Binary"],"is_ascension_mode":true,"campfire_choices":[{"data":"Spot Weakness","floor":6.0,"key":"SMITH"},{"data":"Armaments","floor":8.0,"key":"SMITH"},{"data":"Sword Boomerang","floor":11.0,"key":"SMITH"},{"data":"Heavy Blade","floor":15.0,"key":"SMITH"},{"data":"Limit Break","floor":23.0,"key":"SMITH"},{"floor":32.0,"key":"REST"},{"floor":40,"key":"REST"},{"data":"Uppercut","floor":44,"key":"SMITH"},{"data":"Discovery","floor":46,"key":"SMITH"},{"data":"Thinking Ahead","floor":49,"key":"SMITH"}],"neow_cost":"","seed_source_timestamp":0,"circlet_count":0,"master_deck":["Cleave","Sword Boomerang+1","Clothesline+1","Armaments+1","Spot Weakness+1","Sword Boomerang+1","Heavy Blade+1","Twin Strike","Metallicize","Shrug It Off","Disarm","Uppercut+1","Shrug It Off","True Grit","Double Tap","Limit Break+1","Shrug It Off","Discovery+1","Shockwave","Fiend Fire","Inflame+1","Inflame","Shrug It Off","Normality","Normality","Sword Boomerang+1","Thinking Ahead+1","Warcry"],"special_seed":0,"relics":["Burning Blood","Champion Belt","Golden Idol","Blue Candle","Singing Bowl","The Courier","Velvet Choker","Bag of Marbles","Potion Belt","Tiny Chest","Mark of Pain","Happy Flower","Paper Frog","Shuriken","Du-Vu Doll","Strange Spoon","Whetstone","Sundial"],"potions_floor_usage":[41,45,50,50,50,50,50],"damage_taken":[{"damage":0.0,"enemies":"Small Slimes","floor":1.0,"turns":2.0},{"damage":12.0,"enemies":"Jaw Worm","floor":3.0,"turns":2.0},{"damage":0.0,"enemies":"Cultist","floor":5.0,"turns":3.0},{"damage":13.0,"enemies":"3 Louse","floor":7.0,"turns":3.0},{"damage":10.0,"enemies":"Lagavulin","floor":10.0,"turns":7.0},{"damage":1.0,"enemies":"Blue Slaver","floor":14.0,"turns":3.0},{"damage":41.0,"enemies":"Slime Boss","floor":16.0,"turns":11.0},{"damage":0.0,"enemies":"Spheric Guardian","floor":18.0,"turns":3.0},{"damage":17.0,"enemies":"2 Thieves","floor":19.0,"turns":3.0},{"damage":7.0,"enemies":"Chosen and Byrds","floor":21.0,"turns":3.0},{"damage":12.0,"enemies":"Snecko","floor":24.0,"turns":4.0},{"damage":19.0,"enemies":"Gremlin Leader","floor":25.0,"turns":6.0},{"damage":5.0,"enemies":"Snake Plant","floor":28.0,"turns":3.0},{"damage":6.0,"enemies":"Centurion and Healer","floor":30.0,"turns":7.0},{"damage":8.0,"enemies":"Cultist and Chosen","floor":31.0,"turns":6.0},{"damage":65.0,"enemies":"Automaton","floor":33.0,"turns":12.0},{"damage":39.0,"enemies":"3 Shapes","floor":35.0,"turns":10.0},{"damage":8.0,"enemies":"Orb Walker","floor":36.0,"turns":2.0},{"damage":11,"enemies":"4 Shapes","floor":39,"turns":9},{"damage":8,"enemies":"Transient","floor":41,"turns":4},{"damage":8,"enemies":"Maw","floor":42,"turns":6},{"damage":1,"enemies":"4 Shapes","floor":45,"turns":3},{"damage":40,"enemies":"Awakened One","floor":50,"turns":6}],"seed_played":"4071188609389016327","potions_obtained":[{"floor":1.0,"key":"SmokeBomb"},{"floor":3.0,"key":"Poison Potion"},{"floor":10.0,"key":"GamblersBrew"},{"floor":16.0,"key":"Explosive Potion"},{"floor":19.0,"key":"GamblersBrew"},{"floor":28.0,"key":"EssenceOfSteel"},{"floor":30.0,"key":"PowerPotion"},{"floor":33.0,"key":"AttackPotion"},{"floor":36.0,"key":"Dexterity Potion"},{"floor":42,"key":"SkillPotion"}],"is_trial":true,"path_per_floor":["M","?","M","$","M","R","M","R","T","E","R","?","$","M","R","B",null,"M","M","$","M","$","R","M","E","T","?","M","?","M","M","R","B",null,"M","M","$","?","M","R","M","M","T","R","M","R","T","$","R","B"],"character_chosen":"IRONCLAD","items_purchased":["Shrug It Off","Disarm","Shrug It Off","Limit Break","Shrug It Off","Happy Flower","Inflame","Shrug It Off","Du-Vu Doll","Strange Spoon","Whetstone","Sundial","Thinking Ahead","Swift Potion","FearPotion","Regen Potion","Warcry"],"campfire_rested":2,"item_purchase_floors":[4,4,13,20,22,37,37,37,48,48,48,48,48,48,48,48,48],"current_hp_per_floor":[78,74,68,68,74,74,67,67,67,65,65,40,40,45,45,10,60,68,59,59,60,60,60,56,45,45,45,48,48,50,48,75,16,72,39,39,39,39,36,64,62,62,62,62,67,67,67,67,67,48],"gold":52,"neow_bonus":"","is_prod":false,"is_daily":false,"chose_seed":false,"campfire_upgraded":8,"win_rate":0,"timestamp":1539268352,"path_taken":["M","?","M","$","M","R","M","R","T","E","R","?","$","M","R","BOSS","M","M","$","M","$","R","M","E","T","?","?","?","?","M","R","BOSS","M","M","$","?","M","R","M","M","T","R","M","R","?","$","R","BOSS"],"build_version":"2018-10-04v2","purchased_purges":2,"victory":true,"max_hp_per_floor":[80,74,74,74,74,74,74,74,74,76,76,76,76,76,76,76,76,78,80,80,82,82,82,84,86,86,86,88,88,90,90,90,90,90,90,92,92,92,94,94,94,96,96,96,96,96,96,96,96,96],"card_choices":[{"not_picked":["Clash","Thunderclap"],"picked":"SKIP","floor":1.0},{"not_picked":["Headbutt"],"picked":"Iron Wave","floor":3.0},{"not_picked":["Clothesline","Havoc"],"picked":"SKIP","floor":5.0},{"not_picked":["Thunderclap"],"picked":"Uppercut","floor":7.0},{"not_picked":["Sever Soul","Bloodletting"],"picked":"Singing Bowl","floor":10.0},{"not_picked":["Feel No Pain"],"picked":"True Grit","floor":14.0},{"not_picked":["Impervious"],"picked":"Double Tap","floor":16.0},{"not_picked":["Evolve","Wild Strike+1"],"picked":"Singing Bowl","floor":18.0},{"not_picked":["Flex","Armaments+1"],"picked":"Singing Bowl","floor":19.0},{"not_picked":["True Grit","Perfected Strike+1"],"picked":"Singing Bowl","floor":21.0},{"not_picked":["Second Wind+1","Thunderclap+1"],"picked":"Singing Bowl","floor":24.0},{"not_picked":["Clash","Limit Break"],"picked":"Singing Bowl","floor":25.0},{"not_picked":["Shrug It Off","Twin Strike"],"picked":"Singing Bowl","floor":28.0},{"not_picked":["Rupture","Iron Wave"],"picked":"Singing Bowl","floor":30.0},{"not_picked":["Power Through"],"picked":"Shockwave","floor":31.0},{"not_picked":["Immolate"],"picked":"Fiend Fire","floor":33.0},{"not_picked":["Body Slam"],"picked":"Inflame+1","floor":35.0},{"not_picked":["Wild Strike","Disarm"],"picked":"Singing Bowl","floor":36.0},{"not_picked":["Clash","True Grit+1"],"picked":"Singing Bowl","floor":39},{"not_picked":["Reckless Charge","Ghostly Armor"],"picked":"Singing Bowl","floor":42},{"not_picked":["Body Slam+1"],"picked":"Sword Boomerang+1","floor":45}],"player_experience":963711,"relics_obtained":[{"floor":9.0,"key":"Blue Candle"},{"floor":10.0,"key":"Singing Bowl"},{"floor":25.0,"key":"Bag of Marbles"},{"floor":26.0,"key":"Potion Belt"},{"floor":43,"key":"Paper Frog"},{"floor":47,"key":"Shuriken"}],"event_choices":[{"event_name":"Golden Idol","player_choice":"Lose Max HP","floor":2.0,"damage_taken":0.0},{"event_name":"Scrap Ooze","player_choice":"success","floor":12.0,"damage_taken":25.0},{"event_name":"Match and Keep!","player_choice":"1 cards matched","floor":27.0,"damage_taken":0.0},{"event_name":"The Mausoleum","player_choice":"Yes","floor":29.0,"damage_taken":0.0},{"event_name":"MindBloom","player_choice":"Gold","floor":38,"damage_taken":0}],"is_beta":false,"boss_relics":[{"not_picked":["Ectoplasm","Black Blood"],"picked":"Velvet Choker"},{"not_picked":["Pandora\u0027s Box","Runic Pyramid"],"picked":"Mark of Pain"}],"items_purged_floors":[20,48],"is_endless":false,"potions_floor_spawned":[1,3,10,16,19,28,30,33,36,42],"ascension_level":9}