{"path_per_floor":["M","?","?","M","M","E","R","E","T","T","$","?","R","M","R","B",null,"M","M","?","?","M","E","R","M","T","R","$","M","?","E","R","B",null,"M","M","$","M","?"],"character_chosen":"THE_SILENT","items_purchased":["Frozen Egg 2","Lantern","Infinite Blades","Ginger","Regal Pillow"],"gold_per_floor":[211,211,386,406,416,444,444,479,479,505,25,25,25,37,37,136,136,148,165,165,165,181,211,211,226,303,303,14,30,30,65,65,169,169,185,196,42,58,58],"floor_reached":40,"campfire_rested":5,"playtime":4834,"current_hp_per_floor":[69,69,69,66,66,22,43,22,22,22,22,22,43,37,58,16,70,60,52,52,49,45,20,20,14,14,28,28,34,34,26,40,25,49,49,49,49,17,43],"items_purged":[],"gold":58,"score":460,"play_id":"a2e73664-6cd0-46b8-aa76-56dcfd1560fa","local_time":"20180318050838","is_prod":false,"is_daily":false,"is_ascension_mode":false,"campfire_upgraded":1,"timestamp":1521346118,"path_taken":["M","?","?","M","M","E","R","E","T","?","?","?","R","M","R","BOSS","M","M","?","?","M","E","R","?","T","R","$","?","?","E","R","BOSS","M","?","?","M","?","E"],"build_version":"2018-03-15v3","purchased_purges":0,"victory":false,"master_deck":["Defend_G+1","Defend_G+1","Defend_G+1","Defend_G+1","Defend_G+1","Survivor","Neutralize","Prepared","Doubt","Endless Agony","Flying Knee+1","Dodge and Roll","Dodge and Roll","Infinite Blades+1","Flying Knee","Adrenaline+1","Acrobatics+1","Dagger Spray","Bite","Bite","Bite","Bite","Bite","Endless Agony","Accuracy+1","Deadly Poison+1","Sucker Punch","Dagger Throw","A Thousand Cuts+1","Underhanded Strike","Cloak And Dagger+1","Bouncing Flask+1"],"max_hp_per_floor":[70,70,70,70,70,70,70,70,70,70,70,70,70,70,70,70,70,70,70,70,49,49,49,49,49,49,49,49,49,49,49,49,49,49,49,49,49,49,43],"relics":["Ring of the Snake","Whetstone","Ninja Scroll","Unceasing Top","Bag of Marbles","Frozen Egg 2","Lantern","Lizard Tail","War Paint","Vajra","Toolbox","Ginger","Blood Vial","Philosopher\u0027s Stone","Regal Pillow"],"card_choices":[{"not_picked":["Deflect","Outmaneuver"],"picked":"Prepared"},{"not_picked":["A Thousand Cuts","Prepared"],"picked":"Endless Agony"},{"not_picked":["Reflex","Sucker Punch"],"picked":"Flying Knee"},{"not_picked":["Masterful Stab","Slice"],"picked":"Dodge and Roll"},{"not_picked":["PiercingWail","Eviscerate"],"picked":"Dodge and Roll"},{"not_picked":["Dodge and Roll","Escape Plan"],"picked":"Flying Knee"},{"not_picked":["After Image","Venomology"],"picked":"Adrenaline"},{"not_picked":["Bane","Outmaneuver"],"picked":"Acrobatics"},{"not_picked":["Outmaneuver","Expertise"],"picked":"Dagger Spray"},{"not_picked":["Flechettes","Dagger Throw"],"picked":"Endless Agony"},{"not_picked":["Underhanded Strike","Leg Sweep"],"picked":"Accuracy"},{"not_picked":["Cloak And Dagger","Flying Knee"],"picked":"Deadly Poison"},{"not_picked":["Malaise","Masterful Stab"],"picked":"Sucker Punch"},{"not_picked":["Corpse Explosion","Skewer"],"picked":"Dagger Throw"},{"not_picked":["Night Terror","Glass Knife"],"picked":"A Thousand Cuts"},{"not_picked":["Escape Plan","Sucker Punch"],"picked":"Underhanded Strike"},{"not_picked":["Expertise","Escape Plan"],"picked":"Cloak And Dagger"},{"not_picked":["Prepared","Dagger Spray"],"picked":"Bouncing Flask"}],"player_experience":111784,"potions_floor_usage":[16,23,29,33,33,33,38],"damage_taken":[{"damage":1,"enemies":"Jaw Worm","floor":1,"turns":5},{"damage":3,"enemies":"Small Slimes","floor":4,"turns":5},{"damage":0,"enemies":"2 Louse","floor":5,"turns":3},{"damage":44,"enemies":"Gremlin Nob","floor":6,"turns":6},{"damage":21,"enemies":"3 Sentries","floor":8,"turns":12},{"damage":6,"enemies":"Large Slime","floor":14,"turns":6},{"damage":42,"enemies":"Hexaghost","floor":16,"turns":11},{"damage":10,"enemies":"Spheric Guardian","floor":18,"turns":4},{"damage":8,"enemies":"2 Thieves","floor":19,"turns":4},{"damage":23,"enemies":"Slaver and Parasite","floor":22,"turns":11},{"damage":39,"enemies":"Book of Stabbing","floor":23,"turns":6},{"damage":18,"enemies":"Sentry and Sphere","floor":25,"turns":5},{"damage":0,"enemies":"Centurion and Healer","floor":29,"turns":3},{"damage":14,"enemies":"Slavers","floor":31,"turns":4},{"damage":61,"enemies":"Collector","floor":33,"turns":10},{"damage":4,"enemies":"Orb Walker","floor":35,"turns":3},{"damage":0,"enemies":"3 Shapes","floor":36,"turns":1},{"damage":38,"enemies":"Maw","floor":38,"turns":6},{"damage":57,"enemies":"Giant Head","floor":40,"turns":7}],"event_choices":[{"event_name":"The Cleric","player_choice":"Leave","floor":2,"damage_taken":0},{"event_name":"Liars Game","player_choice":"agreed","floor":3,"damage_taken":0},{"event_name":"Bonfire Elementals","player_choice":"BASIC","floor":12,"damage_taken":0},{"event_name":"The Mausoleum","player_choice":"Yes","floor":20,"damage_taken":0},{"event_name":"Vampires","player_choice":"Became a vampire","floor":21,"damage_taken":0},{"event_name":"Back to Basics","player_choice":"Simplicity","floor":30,"damage_taken":0},{"event_name":"The Moai Head","player_choice":"Heal","floor":39,"damage_taken":0}],"boss_relics":[{"not_picked":["Runic Dome","Eternal Feather"],"picked":"Lizard Tail"},{"not_picked":["Question Card","White Beast Statue"],"picked":"Philosopher\u0027s Stone"}],"potions_floor_spawned":[5,8,16,22,23,31,33],"seed_played":"6154597702827322376","killed_by":"Giant Head","ascension_level":0,"is_trial":false}