{"path_per_floor":["M","M","?","?","M","E","M","M","T","E","M","R","M","?","R","B",null,"M","M","?"],"character_chosen":"THE_SILENT","items_purchased":[],"gold_per_floor":[110,126,126,126,144,176,188,207,207,240,257,257,277,277,277,372,372,386,403,403],"floor_reached":21,"campfire_rested":1,"playtime":2193,"current_hp_per_floor":[70,70,70,70,70,52,39,35,35,32,26,47,49,66,66,30,70,67,32,32],"items_purged":[],"gold":403,"score":203,"play_id":"81efc1e2-e80f-4c60-81a5-8a21e26e2aa5","local_time":"20180322185919","is_prod":false,"is_daily":false,"is_ascension_mode":true,"campfire_upgraded":1,"timestamp":1521741559,"path_taken":["M","M","?","?","M","E","?","M","T","E","M","R","M","?","R","BOSS","M","M","?","M"],"build_version":"2018-03-15v3","purchased_purges":0,"victory":false,"master_deck":["Defend_G","Defend_G","Defend_G","Defend_G","Strike_G","Strike_G","Strike_G","Strike_G","Strike_G","Survivor","Neutralize","Burst","Poisoned Stab","Slice","Poisoned Stab","Terror","Slice","Noxious Fumes+1","Deadly Poison","Accuracy","Dagger Spray","Outmaneuver","Parasite","Venomology","Writhe","Regret","Injury","Quick Slash","Bouncing Flask"],"max_hp_per_floor":[70,70,70,70,70,70,70,70,70,70,70,70,70,70,70,70,70,70,70,70],"relics":["Ring of the Snake","The Courier","Thread and Needle","Blood Vial","Calling Bell","Anchor","Dead Branch","Ninja Scroll"],"card_choices":[{"not_picked":["Prepared","Slice"],"picked":"Poisoned Stab"},{"not_picked":["Distraction","Eviscerate"],"picked":"Slice"},{"not_picked":["Acrobatics","Well Laid Plans"],"picked":"Terror"},{"not_picked":["Tactician","Finisher"],"picked":"Slice"},{"not_picked":["Quick Slash","Cloak And Dagger"],"picked":"Noxious Fumes"},{"not_picked":["Distraction","Bane"],"picked":"Deadly Poison"},{"not_picked":["Crippling Poison","Underhanded Strike"],"picked":"Accuracy"},{"not_picked":["Dash","Skewer"],"picked":"Dagger Spray"},{"not_picked":["Prepared","Dagger Throw"],"picked":"Outmaneuver"},{"not_picked":["Phantasmal Killer","Burst"],"picked":"Venomology"},{"not_picked":["Underhanded Strike","Escape Plan"],"picked":"Quick Slash"},{"not_picked":["Malaise","Dodge and Roll"],"picked":"Bouncing Flask"}],"player_experience":283247,"potions_floor_usage":[10,16],"damage_taken":[{"damage":0,"enemies":"Cultist","floor":1,"turns":5},{"damage":0,"enemies":"Small Slimes","floor":2,"turns":5},{"damage":0,"enemies":"Jaw Worm","floor":5,"turns":2},{"damage":18,"enemies":"Gremlin Nob","floor":6,"turns":4},{"damage":13,"enemies":"Gremlin Gang","floor":7,"turns":6},{"damage":4,"enemies":"Blue Slaver","floor":8,"turns":3},{"damage":3,"enemies":"3 Sentries","floor":10,"turns":6},{"damage":8,"enemies":"Exordium Thugs","floor":11,"turns":5},{"damage":0,"enemies":"2 Fungi Beasts","floor":13,"turns":3},{"damage":38,"enemies":"Slime Boss","floor":16,"turns":10},{"damage":3,"enemies":"Chosen","floor":18,"turns":5},{"damage":37,"enemies":"Spheric Guardian","floor":19,"turns":7},{"damage":34,"enemies":"3 Cultists","floor":21,"turns":4}],"event_choices":[{"event_name":"Transmorgrifier","player_choice":"Transform","floor":3,"damage_taken":0},{"event_name":"The Woman in Blue","player_choice":"Bought 0 Potions","floor":4,"damage_taken":0},{"event_name":"Mushrooms","player_choice":"Healed and dodged fight","floor":14,"damage_taken":0},{"event_name":"Drug Dealer","player_choice":"Ignored","floor":20,"damage_taken":0}],"boss_relics":[{"not_picked":["Velvet Choker","Cursed Key"],"picked":"Calling Bell"}],"potions_floor_spawned":[6,7,8,13,16,19],"seed_played":"-8655845940969429902","killed_by":"3 Cultists","ascension_level":1,"is_trial":false}