{"path_per_floor":["M","?","?","$","M","R","E","M","T","R","?","M","E","M","R","B",null,"M","M","$","M","?","R","E","M","T","E","R","E","M","M","R","B",null,"M","$","?","M","M","E","R","M","T","R","?","M","R","?","R","B"],"character_chosen":"THE_SILENT","items_purchased":["Noxious Fumes","Skewer","Shuriken","Sadistic Nature","Bronze Scales"],"gold_per_floor":[113,288,288,61,79,79,108,118,196,196,196,215,248,260,260,360,360,380,391,149,165,165,165,191,207,253,283,283,312,323,339,339,439,439,458,26,0,12,23,53,53,70,95,95,95,110,110,210,210,210],"floor_reached":51,"campfire_rested":6,"playtime":4348,"current_hp_per_floor":[61,61,61,61,60,60,54,55,55,55,60,54,50,48,48,33,71,73,72,72,51,51,51,42,42,42,26,53,35,24,24,52,22,78,68,68,68,54,27,3,32,34,34,64,54,54,84,84,100,42],"items_purged":["Doubt","Normality"],"gold":210,"score":1006,"play_id":"30432f7f-6589-45ee-9ffc-b8ee7c52e3c5","local_time":"20180521193049","is_prod":false,"is_daily":false,"chose_seed":false,"is_ascension_mode":true,"campfire_upgraded":4,"timestamp":1526923849,"campfire_choices":[{"data":"Skewer","floor":6.0,"key":"SMITH"},{"data":"Noxious Fumes","floor":10.0,"key":"SMITH"},{"data":"Neutralize","floor":15.0,"key":"SMITH"},{"data":"Adrenaline","floor":23,"key":"SMITH"},{"floor":28,"key":"REST"},{"floor":32,"key":"REST"},{"floor":41,"key":"REST"},{"floor":44,"key":"REST"},{"floor":47,"key":"REST"},{"floor":49,"key":"REST"}],"path_taken":["M","?","?","$","M","R","E","M","T","R","?","?","E","M","R","BOSS","M","M","$","M","?","R","E","M","T","E","R","E","M","?","R","BOSS","M","$","?","?","M","E","R","M","T","R","?","M","R","?","R","BOSS"],"build_version":"2018-05-17","seed_source_timestamp":12405694609325,"purchased_purges":3,"victory":true,"master_deck":["Defend_G","Defend_G","Defend_G","Defend_G","Defend_G","Strike_G","Strike_G","Strike_G","Strike_G","Strike_G","Survivor","Neutralize+1","Predator+1","Noxious Fumes+1","Skewer+1","Slice","Cloak And Dagger","Adrenaline+1","Cloak And Dagger+1","Escape Plan","Flying Knee+1","Slice","Glass Knife","Deadly Poison+1","Die Die Die","Regret","Writhe","Dash+1","Sadistic Nature","Footwork+1","Sucker Punch+1","Dark Shackles","Master of Strategy","Flash of Steel+1","Infinite Blades"],"max_hp_per_floor":[70,70,70,70,70,70,72,74,74,74,79,81,81,83,83,83,83,85,85,85,85,85,85,85,85,85,92,92,94,96,96,96,96,96,96,96,96,96,96,98,98,100,100,100,100,100,100,100,100,100],"relics":["Ring of the Snake","Ancient Tea Set","Singing Bowl","Paper Crane","Art of War","Lizard Tail","Shuriken","Snake Skull","Anchor","Strawberry","Vajra","Calling Bell","Pen Nib","Ice Cream","Molten Egg 2","Bronze Scales","Red Mask","Bag of Marbles","Orichalcum"],"card_choices":[{"not_picked":["Choke","Underhanded Strike"],"picked":"Predator","floor":1.0},{"not_picked":["Prepared","Blade Dance"],"picked":"Slice","floor":5.0},{"not_picked":["Heel Hook","Masterful Stab","Predator"],"picked":"Singing Bowl","floor":7.0},{"not_picked":["Eviscerate","Underhanded Strike","Heel Hook"],"picked":"Singing Bowl","floor":8.0},{"not_picked":["Underhanded Strike","Eviscerate","Outmaneuver"],"picked":"Singing Bowl","floor":12.0},{"not_picked":["Wraith Form v2","Heel Hook"],"picked":"Cloak And Dagger","floor":13.0},{"not_picked":["Quick Slash","Cloak And Dagger","Reflex"],"picked":"Singing Bowl","floor":14.0},{"not_picked":["Venomology","Envenom"],"picked":"Adrenaline","floor":16.0},{"not_picked":["Cloak And Dagger","Prepared","Underhanded Strike"],"picked":"Singing Bowl","floor":18},{"not_picked":["Slice+1","Dodge and Roll"],"picked":"Cloak And Dagger+1","floor":19},{"not_picked":["Dagger Spray","Accuracy+1"],"picked":"Escape Plan","floor":21},{"not_picked":["Choke","Storm of Steel"],"picked":"Flying Knee+1","floor":24},{"not_picked":["Backflip","Cloak And Dagger"],"picked":"Slice","floor":25},{"not_picked":["Calculated Gamble","Deflect"],"picked":"Glass Knife","floor":27},{"not_picked":["Accuracy","Distraction","Riddle With Holes"],"picked":"Singing Bowl","floor":29},{"not_picked":["Dagger Throw","Bane+1","Prepared+1"],"picked":"Singing Bowl","floor":30},{"not_picked":["Concentrate","Prepared"],"picked":"Deadly Poison+1","floor":31},{"not_picked":["Phantasmal Killer","Glass Knife"],"picked":"Die Die Die","floor":33},{"not_picked":["Deadly Poison+1","Heel Hook+1"],"picked":"Dash+1","floor":35},{"not_picked":["Outmaneuver+1","Backflip"],"picked":"Footwork+1","floor":38},{"not_picked":["Dagger Throw+1","Slice+1"],"picked":"Sucker Punch+1","floor":39},{"not_picked":["Deflect","Poisoned Stab+1","Venomology"],"picked":"Singing Bowl","floor":40},{"not_picked":["Dodge and Roll","PiercingWail+1","Deflect+1"],"picked":"Singing Bowl","floor":42},{"not_picked":["Blind","Transmutation"],"picked":"Dark Shackles","floor":45},{"not_picked":["Swift Strike","Deep Breath"],"picked":"Master of Strategy","floor":45},{"not_picked":["Bandage Up","Secret Technique"],"picked":"Flash of Steel","floor":45},{"not_picked":["Blade Dance","Deflect"],"picked":"Infinite Blades","floor":46}],"player_experience":629278,"potions_floor_usage":[18,27,29,30,33,40,50,50],"damage_taken":[{"damage":2.0,"enemies":"Small Slimes","floor":1.0,"turns":3.0},{"damage":1.0,"enemies":"Cultist","floor":5.0,"turns":3.0},{"damage":8.0,"enemies":"3 Sentries","floor":7.0,"turns":5.0},{"damage":1.0,"enemies":"2 Louse","floor":8.0,"turns":2.0},{"damage":8.0,"enemies":"Exordium Thugs","floor":12.0,"turns":4.0},{"damage":4.0,"enemies":"Lagavulin","floor":13.0,"turns":5.0},{"damage":4.0,"enemies":"Gremlin Gang","floor":14.0,"turns":5.0},{"damage":15.0,"enemies":"The Guardian","floor":16.0,"turns":10.0},{"damage":0,"enemies":"3 Byrds","floor":18,"turns":2},{"damage":1,"enemies":"Chosen","floor":19,"turns":4},{"damage":21,"enemies":"3 Cultists","floor":21,"turns":6},{"damage":9,"enemies":"Slavers","floor":24,"turns":5},{"damage":0,"enemies":"Snecko","floor":25,"turns":3},{"damage":23,"enemies":"Book of Stabbing","floor":27,"turns":6},{"damage":20,"enemies":"Slavers","floor":29,"turns":4},{"damage":13,"enemies":"Chosen and Byrds","floor":30,"turns":4},{"damage":0,"enemies":"Cultist and Chosen","floor":31,"turns":4},{"damage":79,"enemies":"Automaton","floor":33,"turns":9},{"damage":10,"enemies":"3 Shapes","floor":35,"turns":6},{"damage":14,"enemies":"3 Darklings","floor":38,"turns":3},{"damage":27,"enemies":"Maw","floor":39,"turns":8},{"damage":26,"enemies":"2 Orb Walkers","floor":40,"turns":4},{"damage":0,"enemies":"4 Shapes","floor":42,"turns":2},{"damage":0,"enemies":"Sphere and 2 Shapes","floor":46,"turns":3},{"damage":58,"enemies":"Awakened One","floor":50,"turns":9}],"relics_obtained":[{"floor":7.0,"key":"Singing Bowl"},{"floor":9.0,"key":"Paper Crane"},{"floor":13.0,"key":"Art of War"},{"floor":24,"key":"Snake Skull"},{"floor":26,"key":"Anchor"},{"floor":27,"key":"Strawberry"},{"floor":29,"key":"Vajra"},{"floor":34,"key":"Pen Nib"},{"floor":34,"key":"Ice Cream"},{"floor":34,"key":"Molten Egg 2"},{"floor":40,"key":"Bag of Marbles"},{"floor":43,"key":"Orichalcum"}],"event_choices":[{"event_name":"Liars Game","player_choice":"agreed","floor":2.0,"damage_taken":0.0},{"event_name":"Upgrade Shrine","player_choice":"Upgraded","floor":3.0,"damage_taken":0.0},{"event_name":"Big Fish","player_choice":"Donut","floor":11.0,"damage_taken":0.0},{"event_name":"Vampires","player_choice":"Ignored","floor":22,"damage_taken":0},{"event_name":"Tomb of Lord Red Mask","player_choice":"Paid","floor":37,"damage_taken":0},{"event_name":"SensoryStone","player_choice":"Memory 3","floor":45,"damage_taken":0},{"event_name":"Golden Shrine","player_choice":"Pray","floor":48,"damage_taken":0}],"boss_relics":[{"not_picked":["Runic Pyramid","Pandora\u0027s Box"],"picked":"Calling Bell"}],"potions_floor_spawned":[1,8,12,13,19,21,24,29,33,40,46],"seed_played":"6335309033486952774","ascension_level":6,"potions_obtained":[{"floor":1.0,"key":"LiquidBronze"},{"floor":8.0,"key":"PowerPotion"},{"floor":12.0,"key":"Swift Potion"},{"floor":13.0,"key":"Weak Potion"},{"floor":19,"key":"GhostInAJar"},{"floor":21,"key":"PowerPotion"},{"floor":29,"key":"FearPotion"},{"floor":33,"key":"AttackPotion"},{"floor":40,"key":"LiquidBronze"},{"floor":46,"key":"Weak Potion"}],"is_trial":false}