{"gold_per_floor":[114,114,41,53,53,53,53,53,77,89,101,114,114,127,127,231,231,249,249,17,32,52,52,52,52,76,76,92,92,110,110,110,110],"floor_reached":33,"playtime":1388,"items_purged":["Strike_G"],"score":237,"play_id":"453ec589-a763-4135-acff-45ec8a1be1cf","local_time":"20181020000803","is_ascension_mode":false,"campfire_choices":[{"data":"Noxious Fumes","floor":6,"key":"SMITH"},{"data":"Neutralize","floor":8,"key":"SMITH"},{"floor":15,"key":"REST"},{"floor":23,"key":"REST"},{"floor":25,"key":"REST"},{"data":"Blade Dance","floor":27,"key":"SMITH"},{"data":"Corpse Explosion","floor":29,"key":"SMITH"},{"floor":32,"key":"REST"}],"neow_cost":"NONE","seed_source_timestamp":714053662662725,"circlet_count":0,"master_deck":["Defend_G","Defend_G","Defend_G","Defend_G","Defend_G","Strike_G","Strike_G","Strike_G","Strike_G","Survivor","Neutralize+1","Bouncing Flask+1","Noxious Fumes+1","Dagger Throw","Catalyst","Blade Dance","All Out Attack","Sucker Punch","Corpse Explosion+1","Bane","Poisoned Stab+1","Blade Dance+1","RitualDagger","Bane+1","Leg Sweep+1","Necronomicurse"],"relics":["Ring of the Snake","NeowsBlessing","Question Card","Potion Belt","White Beast Statue","Snake Skull","Boot","Necronomicon"],"potions_floor_usage":[16,16,16,28,30,30,30],"damage_taken":[{"damage":0,"enemies":"2 Louse","floor":1,"turns":1},{"damage":0,"enemies":"Jaw Worm","floor":4,"turns":1},{"damage":0,"enemies":"Small Slimes","floor":10,"turns":1},{"damage":37,"enemies":"Exordium Thugs","floor":11,"turns":5},{"damage":11,"enemies":"2 Fungi Beasts","floor":12,"turns":3},{"damage":8,"enemies":"Exordium Wildlife","floor":14,"turns":3},{"damage":10,"enemies":"Hexaghost","floor":16,"turns":6},{"damage":29,"enemies":"3 Byrds","floor":18,"turns":4},{"damage":10,"enemies":"Chosen","floor":21,"turns":3},{"damage":31,"enemies":"Snake Plant","floor":22,"turns":4},{"damage":2,"enemies":"Chosen and Byrds","floor":28,"turns":4},{"damage":20,"enemies":"Shelled Parasite and Fungi","floor":30,"turns":4},{"damage":27,"enemies":"Collector","floor":33,"turns":3}],"seed_played":"-186961591391668890","potions_obtained":[{"floor":4,"key":"FearPotion"},{"floor":10,"key":"Ancient Potion"},{"floor":12,"key":"GhostInAJar"},{"floor":14,"key":"Poison Potion"},{"floor":18,"key":"Dexterity Potion"},{"floor":21,"key":"GamblersBrew"},{"floor":22,"key":"FearPotion"},{"floor":28,"key":"EssenceOfSteel"},{"floor":30,"key":"SmokeBomb"}],"is_trial":false,"path_per_floor":["M","?","$","M","?","R","?","R","T","M","M","M","?","M","R","B",null,"M","?","$","M","M","R","?","R","T","R","M","R","M","?","R"],"character_chosen":"THE_SILENT","items_purchased":["Noxious Fumes","Snake Skull"],"campfire_rested":4,"item_purchase_floors":[3,20],"current_hp_per_floor":[70,67,67,67,67,67,67,67,67,67,30,19,19,11,32,22,70,41,64,64,54,23,44,38,59,59,59,57,57,37,21,42,15],"gold":110,"neow_bonus":"THREE_ENEMY_KILL","is_prod":false,"is_daily":false,"chose_seed":false,"campfire_upgraded":4,"win_rate":0.0,"timestamp":1539947283,"path_taken":["M","?","$","M","?","R","?","R","T","?","M","M","?","M","R","BOSS","M","?","$","M","M","R","?","R","T","R","M","R","M","?","R","BOSS"],"build_version":"2018-10-18","purchased_purges":1,"victory":false,"max_hp_per_floor":[70,70,70,70,70,70,70,70,70,70,70,70,70,70,70,70,70,70,70,70,70,70,70,70,70,70,70,70,70,70,70,70,70],"card_choices":[{"not_picked":["Dodge and Roll","Acrobatics"],"picked":"Bouncing Flask","floor":1},{"not_picked":["Skewer","Accuracy","Finisher"],"picked":"Dagger Throw","floor":4},{"not_picked":["Endless Agony","Finisher","Backstab"],"picked":"Catalyst","floor":10},{"not_picked":["Dash","PiercingWail","Dagger Spray"],"picked":"Blade Dance","floor":11},{"not_picked":["Deadly Poison","Expertise","Sucker Punch"],"picked":"All Out Attack","floor":12},{"not_picked":["PiercingWail","Dagger Spray","Underhanded Strike"],"picked":"Sucker Punch","floor":14},{"not_picked":["Doppelganger","Night Terror","A Thousand Cuts"],"picked":"Corpse Explosion","floor":16},{"not_picked":["Finisher","Caltrops","Backstab"],"picked":"Bane","floor":18},{"not_picked":["Backflip","Underhanded Strike","Reflex+1"],"picked":"Poisoned Stab+1","floor":21},{"not_picked":["Bane","Footwork","Heel Hook+1"],"picked":"Blade Dance","floor":22},{"not_picked":["Sucker Punch","Cloak And Dagger+1","Dagger Throw"],"picked":"Bane+1","floor":28},{"not_picked":["Calculated Gamble+1","PiercingWail+1","Unload"],"picked":"Leg Sweep+1","floor":30}],"player_experience":110298,"relics_obtained":[{"floor":9,"key":"Potion Belt"},{"floor":26,"key":"Boot"},{"floor":31,"key":"Necronomicon"}],"event_choices":[{"damage_healed":0,"gold_gain":0,"player_choice":"Success","damage_taken":3,"relics_obtained":["Question Card"],"max_hp_gain":0,"max_hp_loss":0,"event_name":"Scrap Ooze","floor":2,"gold_loss":0},{"damage_healed":0,"gold_gain":0,"player_choice":"Ignored","damage_taken":0,"max_hp_gain":0,"max_hp_loss":0,"event_name":"Liars Game","floor":5,"gold_loss":0},{"damage_healed":0,"gold_gain":0,"player_choice":"Searched \u00270\u0027 times","damage_taken":0,"max_hp_gain":0,"max_hp_loss":0,"event_name":"Dead Adventurer","floor":7,"gold_loss":0},{"damage_healed":0,"gold_gain":0,"player_choice":"Forge","damage_taken":0,"max_hp_gain":0,"max_hp_loss":0,"event_name":"Accursed Blacksmith","floor":13,"gold_loss":0,"cards_upgraded":["Bouncing Flask"]},{"damage_healed":23,"gold_gain":0,"player_choice":"Heal","damage_taken":0,"max_hp_gain":0,"max_hp_loss":0,"event_name":"The Library","floor":19,"gold_loss":0},{"damage_healed":0,"gold_gain":0,"player_choice":"Joined the Cult","damage_taken":6,"max_hp_gain":0,"max_hp_loss":0,"event_name":"Nest","floor":24,"gold_loss":0,"cards_obtained":["RitualDagger"]},{"damage_healed":0,"gold_gain":0,"player_choice":"Obtained Book","damage_taken":16,"max_hp_gain":0,"max_hp_loss":0,"event_name":"Cursed Tome","floor":31,"gold_loss":0}],"is_beta":false,"boss_relics":[{"not_picked":["Snecko Eye","Velvet Choker"],"picked":"White Beast Statue"}],"items_purged_floors":[20],"is_endless":false,"potions_floor_spawned":[4,10,12,14,18,21,22,28,30],"killed_by":"Collector","ascension_level":0}