{"gold_per_floor":[115,40,215,215,225,225,236,255,255,269,130,142,142,171,171,268,268,284,284,302,302,320,320,339,370,416,428,456,456,474,492,492,594,594,609,373,373,373,373,373,392,441,468,500,500,0,0,0,0,0],"floor_reached":51,"playtime":3303,"items_purged":["Defend_G","Doubt","Well Laid Plans+1"],"score":809,"play_id":"185aed90-d91a-4fff-b4da-b429f0fad24d","local_time":"20190114205152","is_ascension_mode":true,"campfire_choices":[{"data":"Neutralize","floor":6.0,"key":"SMITH"},{"data":"Sucker Punch","floor":13.0,"key":"SMITH"},{"data":"Backflip","floor":15.0,"key":"SMITH"},{"data":"Adrenaline","floor":23,"key":"SMITH"},{"data":"Terror","floor":32,"key":"SMITH"},{"floor":40,"key":"REST"},{"floor":45,"key":"REST"},{"data":"Thinking Ahead","floor":49,"key":"SMITH"}],"neow_cost":"NONE","seed_source_timestamp":0,"circlet_count":0,"master_deck":["Survivor","Neutralize+1","Dagger Throw","Backflip+1","Sucker Punch+1","Terror+1","Masterful Stab","Corpse Explosion","Heel Hook","Adrenaline+1","All Out Attack","Masterful Stab","Backstab","After Image+1","Heel Hook+1","Backstab+1","Flechettes+1","Dodge and Roll","Distraction","Venomology","PiercingWail+1","Phantasmal Killer","Backstab","Apotheosis","Madness+1","Madness","Outmaneuver+1","Thinking Ahead+1"],"special_seed":0,"relics":["Ring of the Snake","Frozen Egg 2","Mercury Hourglass","Bronze Scales","Pandora\u0027s Box","Smiling Mask","Boot","Juzu Bracelet","Runic Pyramid","War Paint","Snake Skull","Vajra","Red Mask"],"potions_floor_usage":[30,30,30,31,31,33,33,33,44,50,50,50],"damage_taken":[{"damage":0.0,"enemies":"Cultist","floor":1.0,"turns":5.0},{"damage":1.0,"enemies":"Small Slimes","floor":5.0,"turns":3.0},{"damage":0.0,"enemies":"Jaw Worm","floor":7.0,"turns":4.0},{"damage":14.0,"enemies":"Large Slime","floor":8.0,"turns":11.0},{"damage":9.0,"enemies":"Lots of Slimes","floor":10.0,"turns":3.0},{"damage":0.0,"enemies":"Exordium Wildlife","floor":12.0,"turns":3.0},{"damage":6.0,"enemies":"3 Sentries","floor":14.0,"turns":3.0},{"damage":14.0,"enemies":"The Guardian","floor":16.0,"turns":10.0},{"damage":0.0,"enemies":"Spheric Guardian","floor":18.0,"turns":3.0},{"damage":5.0,"enemies":"2 Thieves","floor":20.0,"turns":3.0},{"damage":0,"enemies":"Cultist and Chosen","floor":22,"turns":3},{"damage":0,"enemies":"Sentry and Sphere","floor":24,"turns":3},{"damage":23,"enemies":"Slavers","floor":25,"turns":3},{"damage":3,"enemies":"Centurion and Healer","floor":27,"turns":2},{"damage":3,"enemies":"Book of Stabbing","floor":28,"turns":3},{"damage":11,"enemies":"Snake Plant","floor":30,"turns":2},{"damage":0,"enemies":"Snecko","floor":31,"turns":3},{"damage":27,"enemies":"Collector","floor":33,"turns":7},{"damage":19,"enemies":"3 Darklings","floor":35,"turns":3},{"damage":21,"enemies":"3 Shapes","floor":41,"turns":3},{"damage":0,"enemies":"Reptomancer","floor":44,"turns":4},{"damage":29,"enemies":"Awakened One","floor":50,"turns":8}],"seed_played":"-5096569868017436031","potions_obtained":[{"floor":7.0,"key":"SkillPotion"},{"floor":12.0,"key":"Weak Potion"},{"floor":14.0,"key":"EntropicBrew"},{"floor":18.0,"key":"FairyPotion"},{"floor":28,"key":"Regen Potion"},{"floor":30,"key":"Fire Potion"},{"floor":31,"key":"FearPotion"},{"floor":33,"key":"SteroidPotion"}],"is_trial":false,"path_per_floor":["M","$","?","?","M","R","M","M","T","M","$","M","R","E","R","B",null,"M","?","M","?","M","R","M","E","T","M","E","?","M","M","R","B",null,"M","$","?","?","?","R","M","T","T","E","R","?","?","?","R","B",null],"character_chosen":"THE_SILENT","items_purchased":["Infinite Blades+1","Apotheosis"],"campfire_rested":2,"item_purchase_floors":[11,36],"current_hp_per_floor":[70,70,70,52,51,51,51,37,37,28,28,28,28,22,22,8,70,70,70,65,65,65,65,65,42,42,39,36,36,34,34,34,7,70,51,51,51,42,42,63,42,42,42,42,63,63,63,70,70,41],"gold":0,"neow_bonus":"REMOVE_CARD","is_prod":false,"is_daily":false,"chose_seed":false,"campfire_upgraded":6,"win_rate":0,"timestamp":1547495512,"path_taken":["M","?","?","?","M","R","M","M","T","?","$","M","R","E","R","BOSS","M","?","?","?","M","R","?","E","T","M","E","?","M","M","R","BOSS","M","$","?","?","?","R","M","?","T","E","R","?","?","?","R","BOSS"],"build_version":"2019-01-10","purchased_purges":3,"victory":true,"max_hp_per_floor":[70,70,70,70,70,70,70,70,70,70,70,70,70,70,70,70,70,70,70,70,70,70,70,70,70,70,70,70,70,70,70,70,70,70,70,70,70,70,70,70,70,70,70,70,70,70,70,70,70,70],"card_choices":[{"not_picked":["Deadly Poison","Prepared"],"picked":"Dagger Throw","floor":1.0},{"not_picked":["Dodge and Roll","Flechettes"],"picked":"Backflip","floor":5.0},{"not_picked":["Quick Slash","Underhanded Strike"],"picked":"Sucker Punch","floor":7.0},{"not_picked":["PiercingWail","Leg Sweep"],"picked":"Terror","floor":8.0},{"not_picked":["Accuracy+1","Prepared"],"picked":"Masterful Stab","floor":10.0},{"not_picked":["PiercingWail","Blade Dance"],"picked":"Corpse Explosion","floor":12.0},{"not_picked":["Setup","Blur"],"picked":"Heel Hook","floor":14.0},{"not_picked":["Doppelganger","Grand Finale"],"picked":"Adrenaline","floor":16.0},{"not_picked":["Predator","Prepared","Acrobatics"],"picked":"SKIP","floor":18.0},{"not_picked":["PiercingWail","Setup"],"picked":"Heel Hook+1","floor":20.0},{"not_picked":["Bane","Distraction"],"picked":"Backstab+1","floor":22},{"not_picked":["Outmaneuver","Caltrops+1"],"picked":"Flechettes+1","floor":24},{"not_picked":["Flechettes","Quick Slash"],"picked":"Dodge and Roll","floor":25},{"not_picked":["Dagger Throw","Bane"],"picked":"Distraction","floor":27},{"not_picked":["Quick Slash+1","Predator"],"picked":"Venomology","floor":28},{"not_picked":["Prepared","Bane","Dagger Spray"],"picked":"SKIP","floor":30},{"not_picked":["Bane","Accuracy+1"],"picked":"PiercingWail","floor":31},{"not_picked":["Venomology","Malaise"],"picked":"Phantasmal Killer","floor":33},{"not_picked":["Prepared","Noxious Fumes+1"],"picked":"Backstab","floor":35},{"not_picked":["PiercingWail","Deflect"],"picked":"Outmaneuver+1","floor":41},{"not_picked":["Concentrate","Catalyst+1","Predator+1"],"picked":"SKIP","floor":44},{"not_picked":["Apotheosis","Enlightenment"],"picked":"Thinking Ahead","floor":47}],"player_experience":165845,"relics_obtained":[{"floor":9.0,"key":"Mercury Hourglass"},{"floor":14.0,"key":"Bronze Scales"},{"floor":25,"key":"Smiling Mask"},{"floor":26,"key":"Boot"},{"floor":28,"key":"Juzu Bracelet"},{"floor":42,"key":"War Paint"},{"floor":43,"key":"Snake Skull"},{"floor":44,"key":"Vajra"}],"event_choices":[{"damage_healed":0.0,"max_hp_gain":0.0,"max_hp_loss":0.0,"gold_gain":175.0,"event_name":"Liars Game","player_choice":"AGREE","floor":3.0,"gold_loss":0.0,"damage_taken":0.0,"cards_obtained":["Doubt"]},{"damage_healed":0.0,"max_hp_gain":0.0,"max_hp_loss":0.0,"gold_gain":0.0,"event_name":"Scrap Ooze","player_choice":"Success","floor":4.0,"gold_loss":0.0,"damage_taken":18.0,"relics_obtained":["Frozen Egg 2"]},{"cards_removed":["Reflex"],"damage_healed":0.0,"max_hp_gain":0.0,"max_hp_loss":0.0,"gold_gain":0.0,"event_name":"Bonfire Elementals","player_choice":"Offered Uncommon","floor":19.0,"gold_loss":0.0,"damage_taken":0.0},{"cards_removed":["Outmaneuver"],"damage_healed":0.0,"max_hp_gain":0.0,"max_hp_loss":0.0,"gold_gain":0.0,"event_name":"Purifier","player_choice":"Purged","floor":21.0,"gold_loss":0.0,"damage_taken":0.0},{"cards_removed":["Infinite Blades"],"damage_healed":0,"gold_gain":0,"player_choice":"Card Removal","damage_taken":0,"max_hp_gain":0,"max_hp_loss":0,"event_name":"Wheel of Change","floor":29,"gold_loss":0},{"damage_healed":0,"gold_gain":0,"player_choice":"Bought 0 Potions","damage_taken":0,"max_hp_gain":0,"max_hp_loss":0,"event_name":"The Woman in Blue","floor":37,"gold_loss":0},{"damage_healed":0,"gold_gain":0,"player_choice":"Embrace Madness","damage_taken":9,"max_hp_gain":0,"max_hp_loss":0,"event_name":"Winding Halls","floor":38,"gold_loss":0,"cards_obtained":["Madness","Madness"]},{"cards_removed":["Blur"],"damage_healed":0,"gold_gain":0,"player_choice":"Removed Skill","damage_taken":0,"max_hp_gain":0,"max_hp_loss":0,"event_name":"Falling","floor":39,"gold_loss":0},{"damage_healed":0,"gold_gain":0,"player_choice":"Paid","damage_taken":0,"relics_obtained":["Red Mask"],"max_hp_gain":0,"max_hp_loss":0,"event_name":"Tomb of Lord Red Mask","floor":46,"gold_loss":500},{"damage_healed":0,"gold_gain":0,"player_choice":"Memory 1","damage_taken":0,"max_hp_gain":0,"max_hp_loss":0,"event_name":"SensoryStone","floor":47,"gold_loss":0},{"damage_healed":7,"gold_gain":0,"player_choice":"Full Heal","damage_taken":0,"max_hp_gain":0,"max_hp_loss":0,"event_name":"Wheel of Change","floor":48,"gold_loss":0}],"is_beta":false,"boss_relics":[{"not_picked":["Astrolabe","Black Star"],"picked":"Pandora\u0027s Box"},{"not_picked":["Lizard Tail","White Beast Statue"],"picked":"Runic Pyramid"}],"items_purged_floors":[2,11,36],"is_endless":false,"potions_floor_spawned":[7,12,14,18,28,30,31,33,44],"ascension_level":2}