{"gold_per_floor":[110,13,32,48,48,79,79,98,147,170,170,170,170,183,183,303,303,317,342,17,17,35,35,54,54,54,54,54,54,79,95,95,95],"floor_reached":33,"playtime":3349,"items_purged":["Strike_B"],"score":249,"play_id":"fc10db72-f760-4ef7-96fa-c45405bcef6f","local_time":"20181123141442","is_ascension_mode":false,"campfire_choices":[{"floor":15,"key":"REST"},{"floor":23,"key":"REST"},{"floor":25,"key":"REST"},{"data":"Consume","floor":27,"key":"SMITH"},{"data":"Electrodynamics","floor":29,"key":"SMITH"},{"floor":32,"key":"REST"}],"neow_cost":"NONE","seed_source_timestamp":680456665155030,"circlet_count":0,"master_deck":["Strike_B+1","Strike_B","Strike_B+1","Defend_B","Defend_B","Defend_B","Defend_B","Zap+1","Dualcast","Sweeping Beam","Consume+1","Rebound","Auto Shields","Static Discharge","Conserve Battery","Strike_G","Seek","Electrodynamics+1","Conserve Battery","Streamline+1","Self Repair","Necronomicurse","Redo+1","Streamline+1","Redo+1","Undo+1"],"relics":["Cracked Core","Whetstone","Golden Idol","Darkstone Periapt","Juzu Bracelet","Empty Cage","Toxic Egg 2","Necronomicon","Bottled Tornado"],"potions_floor_usage":[10,10,16,31],"damage_taken":[{"damage":0,"enemies":"Small Slimes","floor":1,"turns":2},{"damage":1,"enemies":"Cultist","floor":3,"turns":3},{"damage":6,"enemies":"Jaw Worm","floor":4,"turns":4},{"damage":40,"enemies":"3 Sentries","floor":6,"turns":6},{"damage":2,"enemies":"Red Slaver","floor":8,"turns":4},{"damage":31,"enemies":"Exordium Thugs","floor":10,"turns":4},{"damage":4,"enemies":"Blue Slaver","floor":14,"turns":3},{"damage":35,"enemies":"Hexaghost","floor":16,"turns":8},{"damage":3,"enemies":"Chosen","floor":18,"turns":4},{"damage":20,"enemies":"2 Thieves","floor":19,"turns":2},{"damage":45,"enemies":"Snake Plant","floor":22,"turns":5},{"damage":16,"enemies":"Centurion and Healer","floor":24,"turns":5},{"damage":13,"enemies":"Snecko","floor":30,"turns":4},{"damage":17,"enemies":"Sentry and Sphere","floor":31,"turns":4},{"damage":80,"enemies":"Collector","floor":33,"turns":6}],"seed_played":"-8887088093250375757","potions_obtained":[{"floor":3,"key":"Poison Potion"},{"floor":8,"key":"Regen Potion"},{"floor":10,"key":"FocusPotion"},{"floor":18,"key":"Explosive Potion"},{"floor":30,"key":"Dexterity Potion"}],"is_trial":false,"path_per_floor":["M","$","M","M","?","E","?","M","T","M","?","?","?","M","R","B",null,"M","M","$","?","M","R","M","R","T","R","?","R","M","M","R","B"],"character_chosen":"DEFECT","items_purchased":["Hologram","Toxic Egg 2","Self Repair"],"campfire_rested":4,"item_purchase_floors":[2,20,20],"current_hp_per_floor":[75,75,74,68,68,28,53,51,51,32,32,38,38,34,58,23,81,78,58,58,48,10,36,27,53,53,53,53,53,40,30,56,0],"gold":95,"neow_bonus":"RANDOM_COMMON_RELIC","is_prod":false,"is_daily":false,"chose_seed":false,"campfire_upgraded":2,"win_rate":0,"timestamp":1542935682,"path_taken":["M","$","M","M","?","E","?","M","T","M","?","?","?","M","R","BOSS","M","M","$","?","M","R","M","R","T","R","?","R","M","M","R","BOSS"],"build_version":"2018-11-15","purchased_purges":1,"victory":false,"max_hp_per_floor":[75,75,75,75,75,75,75,75,75,75,75,81,81,81,81,81,81,81,81,81,87,87,87,87,87,87,87,87,87,87,87,87,87],"card_choices":[{"not_picked":["Ball Lightning","Streamline"],"picked":"Sweeping Beam","floor":1},{"not_picked":["Double Energy","Go for the Eyes"],"picked":"Consume","floor":3},{"not_picked":["Compile Driver","Force Field"],"picked":"Rebound","floor":4},{"not_picked":["Hologram","Steam"],"picked":"Auto Shields","floor":6},{"not_picked":["Barrage","Tempest"],"picked":"Static Discharge","floor":8},{"not_picked":["Beam Cell","Gash"],"picked":"Conserve Battery","floor":10},{"not_picked":["Double Energy","Tempest"],"picked":"Seek","floor":14},{"not_picked":["Seek","Machine Learning"],"picked":"Electrodynamics","floor":16},{"not_picked":["Cold Snap","Rebound"],"picked":"Conserve Battery","floor":18},{"not_picked":["Go for the Eyes","Compile Driver"],"picked":"Streamline+1","floor":19},{"not_picked":["Doom and Gloom+1","Lockon"],"picked":"Redo+1","floor":22},{"not_picked":["Aggregate+1","Sweeping Beam"],"picked":"Streamline+1","floor":24},{"not_picked":["Sweeping Beam","Steam+1"],"picked":"Redo+1","floor":30},{"not_picked":["Reboot+1","Beam Cell"],"picked":"Undo+1","floor":31}],"player_experience":339478,"relics_obtained":[{"floor":6,"key":"Darkstone Periapt"},{"floor":9,"key":"Juzu Bracelet"},{"floor":21,"key":"Necronomicon"},{"floor":26,"key":"Bottled Tornado"}],"event_choices":[{"damage_healed":0,"gold_gain":0,"player_choice":"Take Wound","damage_taken":0,"relics_obtained":["Golden Idol"],"max_hp_gain":0,"max_hp_loss":0,"event_name":"Golden Idol","floor":5,"gold_loss":0,"cards_obtained":["Injury"]},{"damage_healed":25,"gold_gain":0,"player_choice":"Banana","damage_taken":0,"max_hp_gain":0,"max_hp_loss":0,"event_name":"Big Fish","floor":7,"gold_loss":0},{"cards_removed":["Hologram"],"damage_healed":0,"gold_gain":0,"player_choice":"Took Card","damage_taken":0,"max_hp_gain":0,"max_hp_loss":0,"event_name":"NoteForYourself","floor":11,"gold_loss":0,"cards_obtained":["Strike_G"]},{"damage_healed":0,"gold_gain":0,"player_choice":"Cursed","damage_taken":0,"max_hp_gain":0,"max_hp_loss":0,"event_name":"Wheel of Change","floor":12,"gold_loss":0,"cards_obtained":["Decay"]},{"damage_healed":0,"gold_gain":0,"player_choice":"Forge","damage_taken":0,"max_hp_gain":0,"max_hp_loss":0,"event_name":"Accursed Blacksmith","floor":13,"gold_loss":0,"cards_upgraded":["Zap"]},{"damage_healed":0,"gold_gain":0,"player_choice":"Obtained Book","damage_taken":16,"max_hp_gain":0,"max_hp_loss":0,"event_name":"Cursed Tome","floor":21,"gold_loss":0},{"damage_healed":0,"gold_gain":0,"player_choice":"Ignored","damage_taken":0,"max_hp_gain":0,"max_hp_loss":0,"event_name":"Vampires","floor":28,"gold_loss":0}],"is_beta":false,"boss_relics":[{"not_picked":["Philosopher\u0027s Stone","Calling Bell"],"picked":"Empty Cage"}],"items_purged_floors":[2],"is_endless":false,"potions_floor_spawned":[3,8,10,18,30],"killed_by":"Collector","ascension_level":0}