{"gold_per_floor":[113,113,113,132,151,151,167,187,210,228,228,247,29,41,41,145,145,165,165,165,176,176,176,186,0,26,26],"floor_reached":27,"playtime":1577,"items_purged":["Strike_B"],"score":207,"play_id":"b0dea402-d6d7-401a-be5b-d990e8cbb632","local_time":"20181020170210","is_ascension_mode":false,"campfire_choices":[{"data":"Zap","floor":6,"key":"SMITH"},{"data":"Coolheaded","floor":15,"key":"SMITH"},{"data":"Echo Form","floor":23,"key":"SMITH"}],"neow_cost":"NONE","seed_source_timestamp":774716446138596,"circlet_count":0,"master_deck":["Strike_B","Defend_B","Defend_B","Zap+1","Dualcast","Glacier","Ball Lightning","Rebound","Darkness","Beam Cell","Undo","Coolheaded+1","FTL","Barrage","Echo Form+1","Genetic Algorithm","Doom and Gloom","Creative AI","Redo","Rebound","Redo+1","Reboot","Sweeping Beam","Rainbow"],"relics":["Cracked Core","Blood Vial","Orichalcum","Juzu Bracelet","Orrery","Happy Flower"],"potions_floor_usage":[8,10,18,27,27,27],"damage_taken":[{"damage":6,"enemies":"Jaw Worm","floor":1,"turns":4},{"damage":0,"enemies":"Small Slimes","floor":4,"turns":3},{"damage":0,"enemies":"2 Louse","floor":5,"turns":2},{"damage":10,"enemies":"Lots of Slimes","floor":7,"turns":3},{"damage":0,"enemies":"2 Fungi Beasts","floor":8,"turns":2},{"damage":17,"enemies":"Gremlin Gang","floor":10,"turns":5},{"damage":4,"enemies":"Looter","floor":12,"turns":2},{"damage":4,"enemies":"2 Fungi Beasts","floor":14,"turns":3},{"damage":27,"enemies":"Hexaghost","floor":16,"turns":10},{"damage":0,"enemies":"Chosen","floor":18,"turns":5},{"damage":20,"enemies":"3 Byrds","floor":21,"turns":4},{"damage":27,"enemies":"Snecko","floor":24,"turns":7},{"damage":37,"enemies":"Slavers","floor":27,"turns":5}],"seed_played":"7370358878539001353","potions_obtained":[{"floor":5,"key":"SteroidPotion"},{"floor":7,"key":"AttackPotion"},{"floor":8,"key":"Regen Potion"},{"floor":10,"key":"Weak Potion"},{"floor":16,"key":"SteroidPotion"},{"floor":18,"key":"SpeedPotion"}],"is_trial":false,"path_per_floor":["M","?","?","M","M","R","M","M","T","M","?","M","$","M","R","B",null,"M","?","?","M","?","R","M","?","T"],"character_chosen":"DEFECT","items_purchased":["Juzu Bracelet"],"campfire_rested":0,"item_purchase_floors":[13],"current_hp_per_floor":[69,62,62,64,66,66,58,60,60,59,59,57,57,55,55,30,75,75,75,75,55,55,55,30,30,30,0],"gold":26,"neow_bonus":"RANDOM_COMMON_RELIC","is_prod":false,"is_daily":false,"chose_seed":false,"campfire_upgraded":3,"win_rate":0.0,"timestamp":1540008130,"path_taken":["M","?","?","?","M","R","M","M","T","M","?","M","$","M","R","BOSS","M","?","?","M","?","R","M","?","T","E"],"build_version":"2018-10-18","purchased_purges":1,"victory":false,"max_hp_per_floor":[75,75,75,75,75,75,75,75,75,75,75,75,75,75,75,75,75,75,75,75,75,75,75,75,75,75,75],"card_choices":[{"not_picked":["Rebound","Scrape"],"picked":"Glacier","floor":1},{"not_picked":["Hologram","Skim"],"picked":"Rebound","floor":4},{"not_picked":["Aggregate","Gash"],"picked":"Darkness","floor":5},{"not_picked":["Rebound","Fusion"],"picked":"Beam Cell","floor":7},{"not_picked":["Stack","Defragment"],"picked":"Undo","floor":8},{"not_picked":["Glacier","Undo"],"picked":"Coolheaded","floor":10},{"not_picked":["BootSequence","Coolheaded"],"picked":"FTL","floor":12},{"not_picked":["Rip and Tear","Defragment"],"picked":"Barrage","floor":14},{"not_picked":["Seek","Machine Learning"],"picked":"Echo Form","floor":16},{"not_picked":["Recycle","Compile Driver"],"picked":"Genetic Algorithm","floor":17},{"not_picked":["Aggregate","Barrage"],"picked":"Doom and Gloom","floor":17},{"not_picked":["Turbo","Steam"],"picked":"Creative AI","floor":17},{"not_picked":["Sweeping Beam","Hologram"],"picked":"Redo","floor":17},{"not_picked":["Glacier","Conserve Battery"],"picked":"Rebound","floor":17},{"not_picked":["Streamline","Heatsinks+1"],"picked":"Redo+1","floor":18},{"not_picked":["Steam","Rip and Tear"],"picked":"Rainbow","floor":21},{"not_picked":["Gash","Steam","Streamline"],"picked":"SKIP","floor":24}],"player_experience":130472,"relics_obtained":[{"floor":9,"key":"Orichalcum"},{"floor":26,"key":"Happy Flower"}],"event_choices":[{"cards_removed":["Strike_B"],"damage_healed":0,"gold_gain":0,"player_choice":"Card Removal","damage_taken":7,"max_hp_gain":0,"max_hp_loss":0,"event_name":"Golden Wing","floor":2,"gold_loss":0},{"damage_healed":0,"gold_gain":0,"cards_transformed":["Strike_B"],"player_choice":"Change","damage_taken":0,"max_hp_gain":0,"max_hp_loss":0,"event_name":"Living Wall","floor":3,"gold_loss":0,"cards_obtained":["Ball Lightning"]},{"cards_removed":["Defend_B"],"damage_healed":0,"gold_gain":0,"player_choice":"Offered Basic","damage_taken":0,"max_hp_gain":0,"max_hp_loss":0,"event_name":"Bonfire Elementals","floor":11,"gold_loss":0},{"damage_healed":0,"gold_gain":0,"player_choice":"Bought 0 Potions","damage_taken":0,"max_hp_gain":0,"max_hp_loss":0,"event_name":"The Woman in Blue","floor":19,"gold_loss":0},{"damage_healed":0,"gold_gain":0,"player_choice":"2 cards matched","damage_taken":0,"max_hp_gain":0,"max_hp_loss":0,"event_name":"Match and Keep!","floor":20,"gold_loss":0,"cards_obtained":["Reboot","Sweeping Beam"]},{"cards_removed":["Defend_B"],"damage_healed":0,"gold_gain":0,"player_choice":"Purged","damage_taken":0,"max_hp_gain":0,"max_hp_loss":0,"event_name":"Purifier","floor":22,"gold_loss":0},{"damage_healed":0,"gold_gain":0,"player_choice":"Paid Fearfully","damage_taken":0,"max_hp_gain":0,"max_hp_loss":0,"event_name":"Masked Bandits","floor":25,"gold_loss":186}],"is_beta":false,"boss_relics":[{"not_picked":["Cursed Key","Fusion Hammer"],"picked":"Orrery"}],"items_purged_floors":[13],"is_endless":false,"potions_floor_spawned":[5,7,8,10,16,18,24],"killed_by":"Slavers","ascension_level":0}