{"gold_per_floor":[119,119,139,15,26,54,54,129,129,129,304,32,32,43,43,43],"floor_reached":16,"playtime":682,"items_purged":["Defend_B"],"score":98,"play_id":"84ca38cf-7d59-46f8-8894-d006c58329e9","local_time":"20181021002702","is_ascension_mode":false,"campfire_choices":[{"floor":7,"key":"REST"},{"floor":13,"key":"REST"},{"floor":15,"key":"REST"}],"neow_cost":"PERCENT_DAMAGE","seed_source_timestamp":802304054418438,"circlet_count":0,"master_deck":["Strike_B","Strike_B","Strike_B","Defend_B","Defend_B","Defend_B","Zap","Dualcast","Rebound","Sunder","Cold Snap","Ball Lightning","Streamline","Loop","Doubt","Cold Snap","Rip and Tear"],"relics":["Cracked Core","Bottled Lightning","Pen Nib","Gremlin Horn","Frozen Egg 2"],"potions_floor_usage":[6,16],"damage_taken":[{"damage":6,"enemies":"Jaw Worm","floor":1,"turns":3},{"damage":5,"enemies":"Small Slimes","floor":3,"turns":2},{"damage":0,"enemies":"Cultist","floor":5,"turns":2},{"damage":27,"enemies":"3 Sentries","floor":6,"turns":5},{"damage":16,"enemies":"Large Slime","floor":14,"turns":4},{"damage":57,"enemies":"The Guardian","floor":16,"turns":9}],"seed_played":"-2169254964668008714","potions_obtained":[{"floor":5,"key":"Regen Potion"},{"floor":6,"key":"Ancient Potion"},{"floor":14,"key":"LiquidBronze"}],"is_trial":false,"path_per_floor":["M","?","M","$","M","E","R","?","T","?","?","$","R","M","R"],"character_chosen":"DEFECT","items_purchased":["Ball Lightning","Frozen Egg 2","Cold Snap"],"campfire_rested":3,"item_purchase_floors":[4,12,12],"current_hp_per_floor":[48,48,43,43,43,30,52,41,41,38,38,38,60,44,66,9],"gold":43,"neow_bonus":"THREE_RARE_CARDS","is_prod":false,"is_daily":false,"chose_seed":false,"campfire_upgraded":0,"win_rate":0.0,"timestamp":1540034822,"path_taken":["M","?","M","$","?","E","R","?","T","?","?","?","R","M","R","BOSS"],"build_version":"2018-10-18","purchased_purges":1,"victory":false,"max_hp_per_floor":[75,75,75,75,75,75,75,75,75,75,75,75,75,75,75,75],"card_choices":[{"not_picked":["Coolheaded","Fusion"],"picked":"Rebound","floor":1},{"not_picked":["Beam Cell","Redo"],"picked":"Cold Snap","floor":3},{"not_picked":["Turbo","Leap"],"picked":"Streamline","floor":5},{"not_picked":["Streamline","Cold Snap"],"picked":"Loop","floor":6},{"not_picked":["Streamline","Compile Driver"],"picked":"Rip and Tear","floor":14}],"player_experience":149089,"relics_obtained":[{"floor":6,"key":"Bottled Lightning"},{"floor":9,"key":"Pen Nib"}],"event_choices":[{"damage_healed":0,"gold_gain":0,"cards_transformed":["Strike_B"],"player_choice":"Change","damage_taken":0,"max_hp_gain":0,"max_hp_loss":0,"event_name":"Living Wall","floor":2,"gold_loss":0,"cards_obtained":["Sunder"]},{"damage_healed":0,"gold_gain":75,"player_choice":"Gather Gold","damage_taken":11,"max_hp_gain":0,"max_hp_loss":0,"event_name":"World of Goop","floor":8,"gold_loss":0},{"damage_healed":0,"gold_gain":0,"player_choice":"Success","damage_taken":3,"relics_obtained":["Gremlin Horn"],"max_hp_gain":0,"max_hp_loss":0,"event_name":"Scrap Ooze","floor":10,"gold_loss":0},{"damage_healed":0,"gold_gain":175,"player_choice":"AGREE","damage_taken":0,"max_hp_gain":0,"max_hp_loss":0,"event_name":"Liars Game","floor":11,"gold_loss":0,"cards_obtained":["Doubt"]}],"is_beta":false,"boss_relics":[],"items_purged_floors":[4],"is_endless":false,"potions_floor_spawned":[5,6,14],"killed_by":"The Guardian","ascension_level":0}