{"path_per_floor":["M","$","M","?","M","R","?","R","T","M","?","E","M","?","R","B",null,"M","?","M","?","M","R","M","R","T","?","$","?","$","M","R","B",null,"M","$","M","$","M","?","R","M","T","R","M","M","?","M","R","B"],"character_chosen":"IRONCLAD","items_purchased":["Bludgeon","Bottled Lightning","Power Through","Shrug It Off"],"gold_per_floor":[113,38,57,57,76,76,76,76,102,120,85,111,126,301,301,403,403,422,337,355,355,374,374,392,392,439,439,7,7,7,19,19,114,114,132,82,99,80,99,99,99,110,110,110,121,131,131,151,151,151],"floor_reached":51,"campfire_rested":4,"playtime":2574,"current_hp_per_floor":[78,78,75,68,72,72,30,54,54,50,70,57,51,51,75,18,80,80,80,80,64,55,79,80,80,80,80,80,80,80,80,80,40,80,80,80,80,80,80,80,80,80,80,80,80,80,80,65,80,39],"items_purged":["Strike_R","Strike_R","Strike_R"],"gold":151,"score":705,"play_id":"6b227d0e-165a-45a0-9178-bd3d1b279541","local_time":"20180313230848","is_prod":false,"is_daily":false,"is_ascension_mode":true,"campfire_upgraded":5,"timestamp":1520978928,"path_taken":["M","$","M","?","M","R","?","R","T","M","?","E","?","?","R","BOSS","M","?","M","?","M","R","M","R","T","?","$","?","?","M","R","BOSS","M","$","M","$","M","?","R","M","T","R","M","M","?","M","R","BOSS"],"build_version":"2018-03-09","purchased_purges":3,"victory":true,"master_deck":["Defend_R","Defend_R","Defend_R","Defend_R","Bash","Pommel Strike+1","Shrug It Off","Flex","Flex","Thunderclap","Clothesline+1","Impervious","Heavy Blade+1","Bludgeon+1","Power Through","Shrug It Off","True Grit+1","Inflame+1","Shrug It Off","Shrug It Off+1","Pommel Strike+1","Disarm+1","Writhe","Spot Weakness"],"max_hp_per_floor":[80,80,80,80,80,80,80,80,80,80,80,80,80,80,80,80,80,80,80,80,80,80,80,80,80,80,80,80,80,80,80,80,80,80,80,80,80,80,80,80,80,80,80,80,80,80,80,80,80,80],"relics":["Burning Blood","Omamori","The Courier","Bag of Preparation","Smiling Mask","Sozu","Orichalcum","Necronomicon","Juzu Bracelet","Bottled Lightning","Snecko Eye","Dream Catcher","Champion Belt"],"card_choices":[{"not_picked":["Seeing Red","Iron Wave"],"picked":"Pommel Strike"},{"not_picked":["Metallicize","True Grit"],"picked":"Shrug It Off"},{"not_picked":["Havoc","Iron Wave"],"picked":"Flex"},{"not_picked":["Pommel Strike","Shrug It Off"],"picked":"Flex"},{"not_picked":["Dark Embrace","Cleave"],"picked":"Thunderclap"},{"not_picked":["Spot Weakness","Dual Wield"],"picked":"Clothesline"},{"not_picked":["Juggernaut","Bludgeon"],"picked":"Impervious"},{"not_picked":["Wild Strike","Searing Blow"],"picked":"Heavy Blade"},{"not_picked":["Burning Pact","Pommel Strike"],"picked":"True Grit"},{"not_picked":["Anger","Evolve"],"picked":"Inflame"},{"not_picked":["Wild Strike","Evolve"],"picked":"Shrug It Off"},{"not_picked":["Iron Wave","Shrug It Off"],"picked":"Pommel Strike"},{"not_picked":["Whirlwind","Thunderclap"],"picked":"Disarm"},{"not_picked":["Rupture","Searing Blow"],"picked":"Spot Weakness"}],"player_experience":84540,"potions_floor_usage":[12,22,31],"damage_taken":[{"damage":8,"enemies":"2 Louse","floor":1,"turns":4},{"damage":9,"enemies":"Small Slimes","floor":3,"turns":4},{"damage":2,"enemies":"Jaw Worm","floor":5,"turns":5},{"damage":10,"enemies":"2 Fungi Beasts","floor":10,"turns":4},{"damage":19,"enemies":"3 Sentries","floor":12,"turns":8},{"damage":12,"enemies":"Large Slime","floor":13,"turns":8},{"damage":63,"enemies":"The Guardian","floor":16,"turns":17},{"damage":0,"enemies":"Chosen","floor":18,"turns":4},{"damage":2,"enemies":"3 Byrds","floor":20,"turns":6},{"damage":15,"enemies":"Slaver and Parasite","floor":22,"turns":6},{"damage":0,"enemies":"Snecko","floor":24,"turns":2},{"damage":0,"enemies":"Snake Plant","floor":31,"turns":3},{"damage":46,"enemies":"Champ","floor":33,"turns":9},{"damage":0,"enemies":"Orb Walker","floor":35,"turns":1},{"damage":5,"enemies":"3 Darklings","floor":37,"turns":6},{"damage":3,"enemies":"Maw","floor":39,"turns":6},{"damage":3,"enemies":"4 Shapes","floor":42,"turns":5},{"damage":1,"enemies":"Sphere and 2 Shapes","floor":45,"turns":3},{"damage":0,"enemies":"3 Darklings","floor":46,"turns":4},{"damage":21,"enemies":"4 Shapes","floor":48,"turns":6},{"damage":47,"enemies":"Awakened One","floor":50,"turns":11}],"event_choices":[{"event_name":"Golden Wing","player_choice":"Card Removal","floor":4,"damage_taken":0},{"event_name":"Scrap Ooze","player_choice":"success","floor":7,"damage_taken":42},{"event_name":"The Cleric","player_choice":"Healed","floor":11,"damage_taken":0},{"event_name":"Liars Game","player_choice":"agreed","floor":14,"damage_taken":0},{"event_name":"Addict","player_choice":"Obtained Relic","floor":19,"damage_taken":0},{"event_name":"Cursed Tome","player_choice":"Obtained Book","floor":21,"damage_taken":0},{"event_name":"Back to Basics","player_choice":"Elegance","floor":27,"damage_taken":0},{"event_name":"The Library","player_choice":"Read","floor":29,"damage_taken":0},{"event_name":"Accursed Blacksmith","player_choice":"Rummage","floor":40,"damage_taken":0},{"event_name":"Winding Halls","player_choice":"Writhe","floor":47,"damage_taken":0}],"boss_relics":[{"not_picked":["Eternal Feather","Runic Cube"],"picked":"Sozu"},{"not_picked":["Philosopher\u0027s Stone","Mark of Pain"],"picked":"Snecko Eye"}],"potions_floor_spawned":[1,10,16,20,22,31,35,39],"seed_played":"-8199868116613015423","ascension_level":1,"is_trial":false}