{"gold_per_floor":[211,230,230,243,243,243,243,268,291,25,25],"floor_reached":11,"playtime":214,"items_purged":[],"score":146,"play_id":"eee4178a-6844-45ab-a3de-591a2f82200c","local_time":"20181231221430","is_ascension_mode":true,"campfire_choices":[{"floor":6.0,"key":"REST"}],"neow_cost":"NONE","seed_source_timestamp":2334770814386,"circlet_count":0,"master_deck":["AscendersBane","Strike_B","Strike_B","Strike_B","Strike_B","Defend_B","Defend_B","Defend_B","Defend_B","Zap","Dualcast","Darkness+1","Melter","Compile Driver+1","Electrodynamics"],"special_seed":0,"relics":["Cracked Core","Boot","Dream Catcher","Meat on the Bone"],"potions_floor_usage":[7],"damage_taken":[{"damage":0.0,"enemies":"2 Louse","floor":1.0,"turns":3.0},{"damage":12.0,"enemies":"Jaw Worm","floor":2.0,"turns":4.0},{"damage":0.0,"enemies":"Cultist","floor":4.0,"turns":3.0},{"damage":0,"enemies":"Red Slaver","floor":7,"turns":1},{"damage":38,"enemies":"Gremlin Nob","floor":8,"turns":4},{"damage":3,"enemies":"Blue Slaver","floor":11,"turns":1}],"seed_played":"-2429710613158573121","potions_obtained":[{"floor":1.0,"key":"SmokeBomb"},{"floor":4.0,"key":"Fire Potion"}],"is_trial":false,"path_per_floor":["M","M","M","?","M","?","R","M","E","T","$","M"],"character_chosen":"DEFECT","items_purchased":["Meat on the Bone"],"campfire_rested":1,"item_purchase_floors":[10],"current_hp_per_floor":[64,52,41,41,20,41,41,3,3,3,0],"gold":25,"neow_bonus":"HUNDRED_GOLD","is_prod":false,"is_daily":false,"chose_seed":false,"campfire_upgraded":0,"win_rate":0,"timestamp":1546262070,"path_taken":["M","M","?","M","?","R","M","E","T","$","M"],"build_version":"2018-12-20","purchased_purges":0,"victory":false,"max_hp_per_floor":[71,71,71,71,71,71,71,71,71,71,71],"card_choices":[{"not_picked":["Hello World","Doom and Gloom"],"picked":"Darkness","floor":1.0},{"not_picked":["Sweeping Beam","Capacitor"],"picked":"Melter","floor":2.0},{"not_picked":["Barrage","Stack"],"picked":"Compile Driver","floor":4.0},{"not_picked":["Hologram","Beam Cell"],"picked":"Electrodynamics","floor":8}],"player_experience":894370,"relics_obtained":[{"floor":8,"key":"Dream Catcher"}],"event_choices":[{"damage_healed":0.0,"max_hp_gain":0.0,"max_hp_loss":0.0,"gold_gain":0.0,"event_name":"Scrap Ooze","player_choice":"Success","floor":3.0,"gold_loss":0.0,"damage_taken":11.0,"relics_obtained":["Boot"]},{"damage_healed":0.0,"max_hp_gain":0.0,"max_hp_loss":0.0,"gold_gain":0.0,"event_name":"Shining Light","player_choice":"Entered Light","floor":5.0,"gold_loss":0.0,"damage_taken":21.0,"cards_upgraded":["Compile Driver","Darkness"]}],"is_beta":false,"boss_relics":[],"items_purged_floors":[],"is_endless":false,"potions_floor_spawned":[1,4],"killed_by":"Blue Slaver","ascension_level":20}