{"gold_per_floor":[116,291,303,78,95,95,112,112,112,177,207,207,39,39,39,142,142,152,0,15,15,90,90,125,140,164,164,178,178,195,226,226,321,321,337,30,30,6,18,18,37,67,93,105,123,134,34,48,48,48],"floor_reached":51,"playtime":2431,"items_purged":["Doubt","Strike_G"],"score":1089,"play_id":"816bafe0-cac1-42c4-9d49-9a5de1542a20","local_time":"20180924163341","is_ascension_mode":true,"campfire_choices":[{"data":"Deadly Poison","floor":6,"key":"SMITH"},{"data":"Backflip","floor":8,"key":"SMITH"},{"floor":12,"key":"REST"},{"data":"Catalyst","floor":15,"key":"SMITH"},{"floor":23,"key":"REST"},{"data":"After Image","floor":27,"key":"SMITH"},{"floor":29,"key":"REST"},{"data":"Footwork","floor":32,"key":"SMITH"},{"floor":40,"key":"REST"},{"floor":49,"key":"REST"}],"neow_cost":"NONE","seed_source_timestamp":246981094721275,"circlet_count":0,"master_deck":["Defend_G","Defend_G","Defend_G+1","Defend_G+1","Defend_G","Strike_G","Strike_G","Strike_G","Strike_G","Survivor","Neutralize+1","Backflip+1","Deadly Poison+1","Slice+1","Corpse Explosion","Terror","Catalyst+1","Sucker Punch","PiercingWail","After Image+1","Blade Dance+1","Blade Dance","Footwork+1","Deflect","Envenom","Prepared+1","Leg Sweep","Blind","Dark Shackles","Blade Dance","Crippling Poison+1","Backstab+1","Backflip+1","Noxious Fumes+1"],"relics":["Ring of the Snake","Oddly Smooth Stone","Shuriken","Calipers","Bag of Marbles","War Paint","Boot","White Beast Statue","Ninja Scroll","Omamori","Bronze Scales","Unceasing Top","Fusion Hammer","Ornamental Fan","Whetstone","Anchor"],"potions_floor_usage":[10,11,11,20,25,28,30,31,33,39,48,50,50,50],"damage_taken":[{"damage":1,"enemies":"Jaw Worm","floor":1,"turns":3},{"damage":2,"enemies":"2 Louse","floor":3,"turns":4},{"damage":0,"enemies":"Cultist","floor":5,"turns":3},{"damage":3,"enemies":"Red Slaver","floor":7,"turns":5},{"damage":10,"enemies":"Lagavulin Event","floor":10,"turns":6},{"damage":13,"enemies":"Gremlin Nob","floor":11,"turns":3},{"damage":7,"enemies":"The Guardian","floor":16,"turns":9},{"damage":2,"enemies":"3 Byrds","floor":18,"turns":6},{"damage":27,"enemies":"2 Thieves","floor":20,"turns":4},{"damage":0,"enemies":"Gremlin Leader","floor":24,"turns":7},{"damage":11,"enemies":"Centurion and Healer","floor":25,"turns":4},{"damage":3,"enemies":"Chosen and Byrds","floor":28,"turns":5},{"damage":1,"enemies":"Cultist and Chosen","floor":30,"turns":4},{"damage":21,"enemies":"Slavers","floor":31,"turns":7},{"damage":48,"enemies":"Collector","floor":33,"turns":10},{"damage":0,"enemies":"3 Shapes","floor":35,"turns":4},{"damage":0,"enemies":"Orb Walker","floor":39,"turns":4},{"damage":20,"enemies":"Transient","floor":41,"turns":5},{"damage":0,"enemies":"Nemesis","floor":42,"turns":5},{"damage":0,"enemies":"3 Darklings","floor":44,"turns":5},{"damage":0,"enemies":"Spire Growth","floor":45,"turns":7},{"damage":0,"enemies":"4 Shapes","floor":46,"turns":4},{"damage":44,"enemies":"Transient","floor":48,"turns":5},{"damage":21,"enemies":"Awakened One","floor":50,"turns":13}],"seed_played":"6445331629985012133","potions_obtained":[{"floor":1,"key":"Weak Potion"},{"floor":10,"key":"PowerPotion"},{"floor":10,"key":"SkillPotion"},{"floor":11,"key":"Regen Potion"},{"floor":16,"key":"Energy Potion"},{"floor":18,"key":"Regen Potion"},{"floor":20,"key":"FearPotion"},{"floor":24,"key":"GhostInAJar"},{"floor":25,"key":"Poison Potion"},{"floor":28,"key":"SteroidPotion"},{"floor":30,"key":"Regen Potion"},{"floor":31,"key":"EssenceOfSteel"},{"floor":33,"key":"Strength Potion"},{"floor":39,"key":"Strength Potion"},{"floor":48,"key":"Strength Potion"}],"is_trial":false,"path_per_floor":["M","?","M","$","M","R","M","R","T","?","E","R","$","?","R","B",null,"M","?","M","$","T","R","E","M","T","R","M","R","M","E","R","B",null,"M","$","?","$","M","R","M","E","T","M","M","M","$","M","R","B"],"character_chosen":"THE_SILENT","items_purchased":["Oddly Smooth Stone","War Paint","PiercingWail","Ornamental Fan","Leg Sweep","Blade Dance"],"campfire_rested":5,"item_purchase_floors":[4,13,13,36,36,38],"current_hp_per_floor":[62,62,60,60,60,60,57,57,57,47,34,55,55,52,52,45,64,62,62,35,35,35,56,56,57,57,57,54,70,69,63,63,30,60,60,60,55,55,55,70,50,50,50,50,50,50,50,6,27,6],"gold":48,"neow_bonus":"THREE_CARDS","is_prod":false,"is_daily":false,"chose_seed":false,"campfire_upgraded":5,"win_rate":0,"timestamp":1537799621,"path_taken":["M","?","?","$","M","R","M","R","T","?","E","R","$","?","R","BOSS","M","?","M","$","?","R","E","M","T","R","M","R","?","E","R","BOSS","M","$","?","?","M","R","?","E","T","?","M","M","$","M","R","BOSS"],"build_version":"2018-09-20","purchased_purges":2,"victory":true,"max_hp_per_floor":[70,70,70,70,70,70,70,70,70,70,70,70,70,70,70,70,70,70,70,70,70,70,70,70,70,70,70,70,70,70,70,70,70,70,70,70,70,70,70,70,70,70,70,70,70,70,70,70,70,70],"card_choices":[{"not_picked":["Acrobatics","Outmaneuver"],"picked":"Backflip","floor":0},{"not_picked":["Bouncing Flask","Riddle With Holes"],"picked":"Deadly Poison","floor":1},{"not_picked":["Outmaneuver","Quick Slash"],"picked":"Slice","floor":3},{"not_picked":["Expertise","Blade Dance"],"picked":"Corpse Explosion","floor":5},{"not_picked":["Choke","Acrobatics"],"picked":"Terror","floor":7},{"not_picked":["Deflect","Underhanded Strike"],"picked":"Catalyst","floor":10},{"not_picked":["Quick Slash","Backflip"],"picked":"Sucker Punch","floor":11},{"not_picked":["Unload","Night Terror"],"picked":"After Image","floor":16},{"not_picked":["Heel Hook","Dagger Spray","Choke+1"],"picked":"SKIP","floor":18},{"not_picked":["Calculated Gamble","Sucker Punch+1","Underhanded Strike"],"picked":"SKIP","floor":20},{"not_picked":["Backstab+1","Prepared"],"picked":"Blade Dance+1","floor":24},{"not_picked":["Endless Agony","Acrobatics","Grand Finale"],"picked":"SKIP","floor":25},{"not_picked":["Underhanded Strike+1","Quick Slash"],"picked":"Blade Dance","floor":28},{"not_picked":["Backflip+1","Sucker Punch"],"picked":"Footwork","floor":30},{"not_picked":["Dodge and Roll","Backflip+1"],"picked":"Deflect","floor":31},{"not_picked":["Corpse Explosion","Burst"],"picked":"Envenom","floor":33},{"not_picked":["Acrobatics+1","Flechettes"],"picked":"Prepared+1","floor":35},{"not_picked":["Swift Strike","Secret Weapon"],"picked":"Blind","floor":37},{"not_picked":["Dramatic Entrance","Secret Weapon"],"picked":"Dark Shackles","floor":37},{"not_picked":["Underhanded Strike+1","Blade Dance","Bane+1"],"picked":"SKIP","floor":39},{"not_picked":["Concentrate+1","Flying Knee+1"],"picked":"Crippling Poison+1","floor":41},{"not_picked":["Setup+1","Sucker Punch+1","Expertise"],"picked":"SKIP","floor":42},{"not_picked":["Acrobatics+1","Tools of the Trade","Deflect"],"picked":"SKIP","floor":44},{"not_picked":["Terror","Skewer"],"picked":"Backstab+1","floor":45},{"not_picked":["Well Laid Plans","Poisoned Stab"],"picked":"Backflip+1","floor":46},{"not_picked":["Flying Knee","Prepared+1"],"picked":"Noxious Fumes+1","floor":48}],"player_experience":657459,"relics_obtained":[{"floor":9,"key":"Shuriken"},{"floor":10,"key":"Calipers"},{"floor":11,"key":"Bag of Marbles"},{"floor":22,"key":"Ninja Scroll"},{"floor":24,"key":"Omamori"},{"floor":26,"key":"Bronze Scales"},{"floor":31,"key":"Unceasing Top"},{"floor":42,"key":"Whetstone"},{"floor":43,"key":"Anchor"}],"event_choices":[{"event_name":"Liars Game","player_choice":"agreed","floor":2,"damage_taken":0},{"event_name":"Dead Adventurer","player_choice":"Searched \u00271\u0027 times","floor":10,"damage_taken":0},{"event_name":"Scrap Ooze","player_choice":"success","floor":14,"damage_taken":3},{"event_name":"Masked Bandits","player_choice":"Paid Fearfully","floor":19,"damage_taken":0},{"event_name":"SensoryStone","player_choice":"Memory 2","floor":37,"damage_taken":0}],"is_beta":false,"boss_relics":[{"not_picked":["WristBlade","Calling Bell"],"picked":"White Beast Statue"},{"not_picked":["Velvet Choker","Tiny House"],"picked":"Fusion Hammer"}],"items_purged_floors":[4,47],"is_endless":false,"potions_floor_spawned":[1,10,10,11,16,18,20,24,25,28,30,31,33,35,39,41,42,44,45,46,48],"ascension_level":8}