{"gold_per_floor":[114,26,26,100,115,145,145,175,175,205,205,235,10,25,25,125,125,140,155,155,105,105,135,135,165,165,195,113,143,143,158,158,258,258,273,288,288,338,338,368,368,398,448,478,66,96,96,96,96,96],"floor_reached":51,"playtime":3883,"items_purged":[],"score":1261,"play_id":"29a7c028-0337-488d-96be-9930a8e42453","local_time":"20181020160104","daily_mods":["Draft","Blue Cards","Elite Swarm"],"is_ascension_mode":false,"campfire_choices":[{"data":"Skewer","floor":7.0,"key":"SMITH"},{"data":"Hologram","floor":15.0,"key":"SMITH"},{"data":"Beam Cell","floor":24.0,"key":"SMITH"},{"data":"Dramatic Entrance","floor":30.0,"key":"SMITH"},{"data":"Footwork","floor":32.0,"key":"SMITH"},{"floor":41.0,"key":"REST"},{"floor":49,"key":"REST"}],"neow_cost":"","seed_source_timestamp":844974674922,"circlet_count":0,"master_deck":["Sweeping Beam","Masterful Stab","Sucker Punch+1","Glacier","All Out Attack","Dagger Throw","Beam Cell+1","Skewer+1","FTL+1","Beam Cell","Beam Cell","Hologram","Slice","Hologram+1","Footwork+1","Dramatic Entrance+1","Endless Agony","All For One","Corpse Explosion+1","Corpse Explosion+1","All For One+1","Self Repair+1","Die Die Die+1","Reinforced Body+1","Beam Cell+1","Discovery","Neutralize+1","All For One+1","Envenom+1","After Image+1","Masterful Stab+1","Go for the Eyes+1","All For One+1","Well Laid Plans+1","Adrenaline","Conserve Battery","Gash+1","Blade Dance+1","Hyperbeam+1","Core Surge+1","Buffer+1","Noxious Fumes+1","Ball Lightning+1","Violence","A Thousand Cuts+1","Loop+1"],"special_seed":17824,"relics":["Ring of the Snake","Omamori","Molten Egg 2","Mercury Hourglass","Oddly Smooth Stone","Ginger","Frozen Egg 2","PreservedInsect","Sozu","CultistMask","Gremlin Horn","Bird Faced Urn","Tough Bandages","Boot","Lantern","Fusion Hammer","WarpedTongs","Regal Pillow","Torii","Mango","Strawberry","Art of War","Bottled Flame","Bag of Marbles","War Paint"],"potions_floor_usage":[50],"damage_taken":[{"damage":0.0,"enemies":"2 Louse","floor":1.0,"turns":1.0},{"damage":0.0,"enemies":"Jaw Worm","floor":5.0,"turns":1.0},{"damage":0.0,"enemies":"Lagavulin","floor":6.0,"turns":2.0},{"damage":0.0,"enemies":"Gremlin Nob","floor":8.0,"turns":2.0},{"damage":0.0,"enemies":"Lagavulin","floor":10.0,"turns":2.0},{"damage":0.0,"enemies":"3 Sentries","floor":12.0,"turns":1.0},{"damage":0.0,"enemies":"Small Slimes","floor":14.0,"turns":1.0},{"damage":27.0,"enemies":"The Guardian","floor":16.0,"turns":8.0},{"damage":0.0,"enemies":"Spheric Guardian","floor":18.0,"turns":2.0},{"damage":0.0,"enemies":"3 Byrds","floor":19.0,"turns":1.0},{"damage":0.0,"enemies":"Gremlin Leader","floor":23.0,"turns":3.0},{"damage":0.0,"enemies":"Slavers","floor":25.0,"turns":1.0},{"damage":0.0,"enemies":"Book of Stabbing","floor":27.0,"turns":2.0},{"damage":0.0,"enemies":"Slavers","floor":29.0,"turns":2.0},{"damage":2.0,"enemies":"Snecko","floor":31.0,"turns":3.0},{"damage":48.0,"enemies":"Champ","floor":33.0,"turns":8.0},{"damage":1.0,"enemies":"Orb Walker","floor":35.0,"turns":2.0},{"damage":0.0,"enemies":"3 Darklings","floor":36.0,"turns":1.0},{"damage":9.0,"enemies":"Mind Bloom Boss Battle","floor":39.0,"turns":4.0},{"damage":0.0,"enemies":"Reptomancer","floor":40.0,"turns":3.0},{"damage":0,"enemies":"Nemesis","floor":42,"turns":3},{"damage":0,"enemies":"Reptomancer","floor":44,"turns":2},{"damage":0,"enemies":"Nemesis","floor":46,"turns":2},{"damage":50,"enemies":"Time Eater","floor":50,"turns":6}],"seed_played":"5305881688716240515","potions_obtained":[{"floor":5.0,"key":"Poison Potion"},{"floor":6.0,"key":"EssenceOfSteel"},{"floor":10.0,"key":"LiquidBronze"},{"floor":12.0,"key":"GhostInAJar"}],"is_trial":false,"path_per_floor":["M","$","?","?","M","E","R","E","T","E","?","E","$","M","R","B",null,"M","M","?","?","?","E","R","E","T","E","$","E","R","M","R","B",null,"M","M","?","T","?","E","R","E","T","E","$","E","?","?","R","B"],"character_chosen":"THE_SILENT","items_purchased":["Dramatic Entrance","PreservedInsect","GhostInAJar","Masterful Stab+1","Go for the Eyes+1","Bag of Marbles","Noxious Fumes+1","Ball Lightning+1","Violence"],"campfire_rested":2,"item_purchase_floors":[2,13,13,28,28,45,45,45,45],"current_hp_per_floor":[70,70,56,56,56,56,56,56,56,56,56,56,56,56,56,39,70,70,70,70,70,70,70,70,70,70,70,70,70,70,68,68,38,70,69,70,70,70,70,84,84,91,91,91,91,91,91,91,91,45],"gold":96,"neow_bonus":"","is_prod":false,"is_daily":true,"chose_seed":false,"campfire_upgraded":5,"win_rate":0,"timestamp":1540044064,"path_taken":["M","$","?","?","?","E","R","E","T","E","?","E","?","M","R","BOSS","M","M","?","?","?","E","R","E","T","E","$","E","R","M","R","BOSS","M","M","?","?","?","E","R","E","T","E","$","E","?","?","R","BOSS"],"build_version":"2018-10-18","purchased_purges":0,"victory":true,"max_hp_per_floor":[70,70,70,70,70,70,70,70,70,70,70,70,70,70,70,70,70,70,70,70,70,70,70,70,70,70,70,70,70,70,70,70,70,70,70,70,70,70,70,84,84,91,91,91,91,91,91,91,91,91],"card_choices":[{"not_picked":["Compile Driver","Streamline"],"picked":"Sweeping Beam","floor":0.0},{"not_picked":["Backflip","Caltrops"],"picked":"Sucker Punch","floor":0.0},{"not_picked":["Deflect","Stack"],"picked":"Masterful Stab","floor":0.0},{"not_picked":["Redo","Poisoned Stab"],"picked":"Sucker Punch","floor":0.0},{"not_picked":["Blizzard","Dagger Throw"],"picked":"Glacier","floor":0.0},{"not_picked":["Deadly Poison","Skim"],"picked":"All Out Attack","floor":0.0},{"not_picked":["Calculated Gamble","Darkness"],"picked":"Dagger Throw","floor":0.0},{"not_picked":["Well Laid Plans","Blade Dance"],"picked":"Beam Cell","floor":0.0},{"not_picked":["Stack","Steam"],"picked":"Skewer","floor":0.0},{"not_picked":["Rebound","PiercingWail"],"picked":"FTL","floor":0.0},{"not_picked":["Cloak And Dagger","Underhanded Strike"],"picked":"Beam Cell","floor":0.0},{"not_picked":["Poisoned Stab","Heatsinks"],"picked":"Beam Cell","floor":0.0},{"not_picked":["Dodge and Roll","Blade Dance"],"picked":"Hologram","floor":0.0},{"not_picked":["Chill","Sucker Punch"],"picked":"Slice","floor":0.0},{"not_picked":["Prepared","Streamline"],"picked":"Hologram","floor":0.0},{"not_picked":["Well Laid Plans","Double Energy"],"picked":"Footwork","floor":1.0},{"not_picked":["Force Field","Concentrate"],"picked":"Endless Agony","floor":5.0},{"not_picked":["Thunder Strike","Multi-Cast"],"picked":"All For One","floor":6.0},{"not_picked":["Adrenaline","Biased Cognition"],"picked":"Corpse Explosion","floor":8.0},{"not_picked":["Tools of the Trade","Venomology"],"picked":"Corpse Explosion","floor":10.0},{"not_picked":["Phantasmal Killer","Electrodynamics"],"picked":"All For One+1","floor":12.0},{"not_picked":["Crippling Poison","Coolheaded"],"picked":"Self Repair+1","floor":14.0},{"not_picked":["Corpse Explosion","Doppelganger"],"picked":"Die Die Die+1","floor":16.0},{"not_picked":["All Out Attack+1","Quick Slash+1"],"picked":"Reinforced Body+1","floor":18.0},{"not_picked":["Slice+1","Endless Agony+1"],"picked":"Beam Cell+1","floor":19.0},{"not_picked":["Burst","Meteor Strike+1"],"picked":"All For One+1","floor":23.0},{"not_picked":["Buffer+1","Grand Finale+1"],"picked":"Envenom+1","floor":25.0},{"not_picked":["Phantasmal Killer","Corpse Explosion"],"picked":"After Image+1","floor":27.0},{"not_picked":["Bullet Time","Hyperbeam+1"],"picked":"All For One+1","floor":29.0},{"not_picked":["Doom and Gloom+1","Dagger Throw+1"],"picked":"Well Laid Plans+1","floor":31.0},{"not_picked":["Unload+1","Burst"],"picked":"Adrenaline","floor":33.0},{"not_picked":["Sucker Punch+1","Darkness+1"],"picked":"Conserve Battery","floor":35.0},{"not_picked":["Concentrate","Expertise+1"],"picked":"Gash+1","floor":36.0},{"not_picked":["Outmaneuver","Steam"],"picked":"Blade Dance+1","floor":39.0},{"not_picked":["Phantasmal Killer","Fission"],"picked":"Hyperbeam+1","floor":40.0},{"not_picked":["Electrodynamics+1","Adrenaline"],"picked":"Core Surge+1","floor":42},{"not_picked":["Phantasmal Killer","Amplify"],"picked":"Buffer+1","floor":44},{"not_picked":["Reboot","Electrodynamics+1"],"picked":"A Thousand Cuts+1","floor":46}],"player_experience":1571627,"relics_obtained":[{"floor":6.0,"key":"Omamori"},{"floor":8.0,"key":"Molten Egg 2"},{"floor":9.0,"key":"Mercury Hourglass"},{"floor":10.0,"key":"Oddly Smooth Stone"},{"floor":12.0,"key":"Frozen Egg 2"},{"floor":23.0,"key":"Gremlin Horn"},{"floor":25.0,"key":"Bird Faced Urn"},{"floor":26.0,"key":"Tough Bandages"},{"floor":27.0,"key":"Boot"},{"floor":29.0,"key":"Lantern"},{"floor":38.0,"key":"Regal Pillow"},{"floor":39.0,"key":"Torii"},{"floor":40.0,"key":"Mango"},{"floor":42,"key":"Strawberry"},{"floor":43,"key":"Art of War"},{"floor":44,"key":"Bottled Flame"},{"floor":46,"key":"War Paint"}],"event_choices":[{"damage_healed":0.0,"max_hp_gain":0.0,"max_hp_loss":0.0,"gold_gain":0.0,"event_name":"Shining Light","player_choice":"Entered Light","floor":3.0,"gold_loss":0.0,"damage_taken":14.0,"cards_upgraded":["Sucker Punch","FTL"]},{"damage_healed":0.0,"max_hp_gain":0.0,"max_hp_loss":0.0,"gold_gain":74.0,"event_name":"Golden Wing","player_choice":"Gained Gold","floor":4.0,"gold_loss":0.0,"damage_taken":0.0},{"damage_healed":0.0,"max_hp_gain":0.0,"max_hp_loss":0.0,"gold_gain":0.0,"event_name":"WeMeetAgain","player_choice":"Gave Potion","floor":11.0,"gold_loss":0.0,"damage_taken":0.0,"relics_obtained":["Ginger"]},{"damage_healed":0.0,"max_hp_gain":0.0,"max_hp_loss":0.0,"gold_gain":0.0,"event_name":"FaceTrader","player_choice":"Trade","floor":20.0,"gold_loss":0.0,"damage_taken":0.0,"relics_obtained":["CultistMask"]},{"damage_healed":0.0,"max_hp_gain":0.0,"max_hp_loss":0.0,"gold_gain":0.0,"event_name":"The Joust","player_choice":"Bet on Murderer","floor":21.0,"gold_loss":50.0,"damage_taken":0.0},{"damage_healed":0.0,"max_hp_gain":0.0,"max_hp_loss":0.0,"gold_gain":0.0,"event_name":"Match and Keep!","player_choice":"2 cards matched","floor":22.0,"gold_loss":0.0,"damage_taken":0.0,"cards_obtained":["Discovery","Neutralize"]},{"damage_healed":0.0,"max_hp_gain":0.0,"max_hp_loss":0.0,"gold_gain":0.0,"event_name":"Accursed Blacksmith","player_choice":"Rummage","floor":37.0,"gold_loss":0.0,"damage_taken":0.0,"relics_obtained":["WarpedTongs"],"cards_obtained":["Pain"]},{"damage_healed":0.0,"max_hp_gain":0.0,"max_hp_loss":0.0,"gold_gain":0.0,"event_name":"MindBloom","player_choice":"Fight","floor":39.0,"gold_loss":0.0,"damage_taken":0.0},{"damage_healed":0,"gold_gain":0,"cards_transformed":["Sucker Punch"],"player_choice":"Transformed","damage_taken":0,"max_hp_gain":0,"max_hp_loss":0,"event_name":"Transmorgrifier","floor":47,"gold_loss":0,"cards_obtained":["Loop"]},{"damage_healed":23,"gold_gain":0,"player_choice":"Writhe","damage_taken":0,"max_hp_gain":0,"max_hp_loss":0,"event_name":"Winding Halls","floor":48,"gold_loss":0,"cards_obtained":["Writhe"]}],"is_beta":false,"boss_relics":[{"not_picked":["Ectoplasm","HoveringKite"],"picked":"Sozu"},{"not_picked":["Pandora\u0027s Box","Black Star"],"picked":"Fusion Hammer"}],"items_purged_floors":[],"is_endless":false,"potions_floor_spawned":[5,6,10,12,16,18,27,36,46],"ascension_level":0}