{"path_per_floor":["M","M","?","$","M","R","M","R","T","M","M","M","?","M","R","B",null,"M","M","M","?","M","R","$","R","T","R","M","R","?","$","R"],"character_chosen":"IRONCLAD","items_purchased":["Metallicize","Omamori"],"gold_per_floor":[119,137,137,65,80,80,99,99,99,109,126,142,142,154,154,249,249,262,247,261,261,280,280,60,60,85,85,97,97,97,97,97,97],"floor_reached":33,"campfire_rested":4,"playtime":1359,"current_hp_per_floor":[76,80,80,80,80,80,80,80,80,62,53,58,58,57,80,51,80,65,57,41,41,13,37,37,61,61,61,55,79,79,79,79,0],"items_purged":["Normality"],"gold":97,"score":241,"play_id":"37684f39-9cb5-4d02-85b8-8e1f4b5010e9","local_time":"20180327234606","is_prod":false,"is_daily":false,"is_ascension_mode":false,"campfire_upgraded":4,"timestamp":1522187166,"path_taken":["M","M","?","$","M","R","M","R","T","M","?","M","?","M","R","BOSS","M","M","M","?","M","R","$","R","T","R","M","R","?","$","R","BOSS"],"build_version":"2018-03-22v2","purchased_purges":1,"victory":false,"master_deck":["Strike_R","Strike_R","Strike_R","Defend_R","Defend_R","Defend_R+1","Defend_R","Bash","Body Slam+1","Spot Weakness+1","Metallicize+1","Sword Boomerang+1","Rampage","Twin Strike","Seeing Red","Reaper","Flex+1","Armaments+1","Shrug It Off+1","Iron Wave+1","Infernal Blade+1"],"max_hp_per_floor":[80,80,80,80,80,80,80,80,80,80,80,80,80,80,80,80,80,80,80,80,80,80,80,80,80,80,80,80,80,80,80,80,80],"relics":["Burning Blood","Dream Catcher","Pen Nib","Cursed Key","War Paint","Omamori","Orichalcum"],"card_choices":[{"not_picked":["Power Through","Headbutt"],"picked":"Body Slam","floor":1},{"not_picked":["Headbutt","Dropkick"],"picked":"Spot Weakness","floor":2},{"not_picked":["Entrench","Warcry"],"picked":"Sword Boomerang","floor":7},{"not_picked":["Searing Blow","Disarm"],"picked":"Rampage","floor":12},{"not_picked":["Rampage","Sever Soul"],"picked":"Twin Strike","floor":14},{"not_picked":["Cleave","Havoc"],"picked":"Seeing Red","floor":15},{"not_picked":["Offering","Brutality"],"picked":"Reaper","floor":16},{"not_picked":["Headbutt","Seeing Red"],"picked":"Flex","floor":18},{"not_picked":["Cleave","Clash"],"picked":"Armaments","floor":19},{"not_picked":["Feel No Pain","Havoc"],"picked":"Shrug It Off","floor":20},{"not_picked":["Flex","Clash"],"picked":"Iron Wave","floor":25},{"not_picked":["Pommel Strike","Anger"],"picked":"Infernal Blade","floor":29}],"player_experience":192658,"potions_floor_usage":[10,10,16,18,20,22],"damage_taken":[{"damage":10,"enemies":"Jaw Worm","floor":1,"turns":5},{"damage":0,"enemies":"2 Louse","floor":2,"turns":3},{"damage":1,"enemies":"Cultist","floor":5,"turns":4},{"damage":5,"enemies":"Exordium Wildlife","floor":7,"turns":6},{"damage":39,"enemies":"Gremlin Gang","floor":10,"turns":7},{"damage":15,"enemies":"3 Louse","floor":11,"turns":3},{"damage":1,"enemies":"Looter","floor":12,"turns":3},{"damage":7,"enemies":"2 Fungi Beasts","floor":14,"turns":3},{"damage":35,"enemies":"The Guardian","floor":16,"turns":7},{"damage":21,"enemies":"3 Byrds","floor":18,"turns":5},{"damage":26,"enemies":"2 Thieves","floor":19,"turns":4},{"damage":28,"enemies":"Snecko","floor":20,"turns":7},{"damage":46,"enemies":"Chosen and Byrds","floor":22,"turns":8},{"damage":28,"enemies":"Cultist and Chosen","floor":28,"turns":5},{"damage":82,"enemies":"Champ","floor":33,"turns":17}],"event_choices":[{"event_name":"Living Wall","player_choice":"Grow","floor":3,"damage_taken":0},{"event_name":"Accursed Blacksmith","player_choice":"Rummage","floor":13,"damage_taken":0},{"event_name":"The Mausoleum","player_choice":"Yes","floor":21,"damage_taken":0},{"event_name":"Back to Basics","player_choice":"Elegance","floor":30,"damage_taken":0}],"boss_relics":[{"not_picked":["Velvet Choker","White Beast Statue"],"picked":"Cursed Key"}],"potions_floor_spawned":[1,5,12,14,18,20],"seed_played":"995841544141130272","killed_by":"Champ","ascension_level":0,"is_trial":false}