{"gold_per_floor":[116,131,131,141,191,221,234,234,234,234,134,168,48,58,58,133,133],"floor_reached":17,"playtime":505,"items_purged":["Defend_B"],"score":289,"play_id":"c7294528-468c-452b-9307-c2c76c107589","local_time":"20180716011508","is_ascension_mode":true,"campfire_choices":[{"data":"Defragment","floor":8.0,"key":"SMITH"},{"data":"Go for the Eyes","floor":10.0,"key":"SMITH"},{"floor":15.0,"key":"REST"}],"neow_cost":"NONE","seed_source_timestamp":344676897357769,"circlet_count":0,"master_deck":["Strike_B","Strike_B","Strike_B","Strike_B","Defend_B","Defend_B","Defend_B","Zap","Dualcast","AscendersBane","Glacier","Go for the Eyes+1","Blizzard+1","Rebound","Capacitor","Defragment+1","Doom and Gloom","Stack","Barrage","White Noise","Loop","Ball Lightning","Stack","Multi-Cast"],"special_seed":0,"relics":["Orrery","Anchor","Strawberry","Smiling Mask"],"potions_floor_usage":[],"damage_taken":[{"damage":1.0,"enemies":"Jaw Worm","floor":1.0,"turns":4.0},{"damage":0.0,"enemies":"2 Louse","floor":2.0,"turns":5.0},{"damage":0.0,"enemies":"Cultist","floor":4.0,"turns":3.0},{"damage":19.0,"enemies":"3 Sentries","floor":6.0,"turns":7.0},{"damage":8.0,"enemies":"Blue Slaver","floor":7.0,"turns":4.0},{"damage":30.0,"enemies":"Gremlin Nob","floor":12.0,"turns":6.0},{"damage":0.0,"enemies":"3 Louse","floor":14.0,"turns":2.0},{"damage":37.0,"enemies":"The Guardian","floor":16.0,"turns":10.0}],"seed_played":"-7502799390195942536","potions_obtained":[{"floor":4.0,"key":"Ancient Potion"},{"floor":7.0,"key":"Fruit Juice"}],"is_trial":false,"path_per_floor":["M","M","?","M","?","E","M","R","T","R","$","E","$","M","R","B"],"character_chosen":"DEFECT","items_purchased":["Barrage","Loop","Ball Lightning"],"campfire_rested":1,"item_purchase_floors":[11,13,13],"current_hp_per_floor":[63,63,63,63,63,44,36,36,43,43,43,18,18,18,42,12,12],"gold":133,"neow_bonus":"BOSS_RELIC","is_prod":false,"is_daily":false,"chose_seed":false,"campfire_upgraded":2,"win_rate":0,"timestamp":1531728908,"path_taken":["M","M","?","M","?","E","M","R","T","R","$","E","$","M","R","BOSS"],"build_version":"2018-07-13","purchased_purges":1,"victory":false,"max_hp_per_floor":[71,71,71,71,71,71,71,71,78,78,78,83,83,83,83,83,83],"card_choices":[{"not_picked":["Rebound","Force Field"],"picked":"Glacier","floor":0.0},{"not_picked":["Aggregate","Genetic Algorithm"],"picked":"Go for the Eyes","floor":0.0},{"not_picked":["Conserve Battery","Cold Snap"],"picked":"Blizzard","floor":0.0},{"not_picked":["Double Energy","Conserve Battery"],"picked":"Rebound","floor":0.0},{"not_picked":["Aggregate","Stack"],"picked":"Capacitor","floor":2.0},{"not_picked":["Rip and Tear","Compile Driver"],"picked":"Defragment","floor":4.0},{"not_picked":["Force Field","Beam Cell"],"picked":"Doom and Gloom","floor":6.0},{"not_picked":["Steam Power","Sunder"],"picked":"Stack","floor":7.0},{"not_picked":["Recycle","BootSequence"],"picked":"White Noise","floor":12.0},{"not_picked":["Hyperbeam","Genetic Algorithm"],"picked":"Stack","floor":14.0},{"not_picked":["Seek","Amplify"],"picked":"Multi-Cast","floor":16.0}],"player_experience":661425,"relics_obtained":[{"floor":6.0,"key":"Anchor"},{"floor":9.0,"key":"Strawberry"},{"floor":12.0,"key":"Smiling Mask"}],"event_choices":[{"event_name":"Living Wall","player_choice":"Grow","floor":3.0,"damage_taken":0.0},{"event_name":"Golden Shrine","player_choice":"Pray","floor":5.0,"damage_taken":0.0}],"boss_relics":[],"items_purged_floors":[11],"is_endless":false,"potions_floor_spawned":[4,7],"ascension_level":15}