{"gold_per_floor":[115,40,40,40,53,53,83,100,100,100,117,143,143,160,160,232,232,245,245,245,255,255,284,284,311,361,361,361,374,400,400,400,400],"floor_reached":33,"playtime":2292,"items_purged":["Strike_B"],"score":704,"play_id":"96732c06-edb8-48d7-b080-4b7cdb601a19","local_time":"20180913214748","is_ascension_mode":true,"campfire_choices":[{"data":"Sunder","floor":6.0,"key":"SMITH"},{"data":"Sunder","floor":10.0,"key":"SMITH"},{"floor":15.0,"key":"REST"},{"floor":24.0,"key":"REST"},{"floor":27.0,"key":"REST"},{"floor":32.0,"key":"REST"}],"neow_cost":"","seed_source_timestamp":32546472382982,"circlet_count":0,"master_deck":["Defend_B+1","Defend_B+1","Defend_B+1","Defend_B+1","Zap","Dualcast+1","AscendersBane","Streamline","Sunder+1","Sunder+1","Cold Snap","Cold Snap","Compile Driver","Recycle","Echo Form+1","Fission+1","Sunder+1","Seek+1","Turbo+1","Go for the Eyes","FTL","Coolheaded","Chill"],"special_seed":0,"relics":["Cracked Core","Calipers","Frozen Egg 2","Symbiotic Virus","Astrolabe","Enchiridion","War Paint","Question Card","Lantern","Matryoshka"],"potions_floor_usage":[33],"damage_taken":[{"damage":7.0,"enemies":"Jaw Worm","floor":1.0,"turns":4.0},{"damage":1.0,"enemies":"Cultist","floor":5.0,"turns":3.0},{"damage":25.0,"enemies":"3 Sentries","floor":7.0,"turns":7.0},{"damage":0.0,"enemies":"Small Slimes","floor":8.0,"turns":1.0},{"damage":14.0,"enemies":"3 Louse","floor":11.0,"turns":2.0},{"damage":26.0,"enemies":"Lagavulin","floor":12.0,"turns":6.0},{"damage":9.0,"enemies":"Red Slaver","floor":14.0,"turns":3.0},{"damage":14.0,"enemies":"Slime Boss","floor":16.0,"turns":7.0},{"damage":11.0,"enemies":"Shell Parasite","floor":18.0,"turns":2.0},{"damage":0.0,"enemies":"Spheric Guardian","floor":21.0,"turns":2.0},{"damage":0.0,"enemies":"Slavers","floor":23.0,"turns":4.0},{"damage":38.0,"enemies":"Book of Stabbing","floor":25.0,"turns":4.0},{"damage":22.0,"enemies":"Chosen and Byrds","floor":29.0,"turns":6.0},{"damage":11.0,"enemies":"Gremlin Leader","floor":30.0,"turns":6.0},{"damage":35,"enemies":"Champ","floor":33,"turns":22}],"seed_played":"7127630539916032153","potions_obtained":[{"floor":11.0,"key":"LiquidBronze"},{"floor":14.0,"key":"FearPotion"},{"floor":21.0,"key":"Swift Potion"},{"floor":25.0,"key":"EssenceOfSteel"},{"floor":29.0,"key":"Energy Potion"}],"is_trial":false,"path_per_floor":["M","$","?","?","M","R","E","M","T","R","M","E","?","M","R","B",null,"M","?","?","M","?","E","R","E","T","R","?","M","E","?","R"],"character_chosen":"DEFECT","items_purchased":[],"campfire_rested":4,"item_purchase_floors":[],"current_hp_per_floor":[57,57,71,76,75,75,50,50,50,50,36,10,10,1,23,9,59,48,48,27,27,27,27,49,11,11,33,33,18,7,7,29,0],"gold":400,"neow_bonus":"","is_prod":false,"is_daily":false,"chose_seed":false,"campfire_upgraded":2,"win_rate":0,"timestamp":1536868068,"path_taken":["M","$","?","?","M","R","E","?","T","R","M","E","?","M","R","BOSS","M","?","?","M","?","E","R","E","T","R","?","?","E","?","R","BOSS"],"build_version":"2018-09-06","purchased_purges":1,"victory":false,"max_hp_per_floor":[71,71,71,76,76,76,76,76,76,76,76,76,76,76,76,76,76,76,76,76,76,76,76,76,76,76,76,76,76,76,76,76,76],"card_choices":[{"not_picked":["Redo","Blizzard"],"picked":"Streamline","floor":1.0},{"not_picked":["Sweeping Beam","Turbo"],"picked":"Sunder","floor":5.0},{"not_picked":["Gash","Compile Driver"],"picked":"Sunder","floor":7.0},{"not_picked":["Steam","Undo"],"picked":"Cold Snap","floor":8.0},{"not_picked":["Doom and Gloom","Stack"],"picked":"Cold Snap","floor":11.0},{"not_picked":["Compile Driver","Rebound","Sunder"],"picked":"SKIP","floor":12.0},{"not_picked":["Rebound","Sunder"],"picked":"Compile Driver","floor":12.0},{"not_picked":["Amplify","Reinforced Body"],"picked":"Recycle","floor":14.0},{"not_picked":["Seek","Machine Learning+1"],"picked":"Echo Form+1","floor":16.0},{"not_picked":["Barrage","Redo","Sunder"],"picked":"SKIP","floor":18.0},{"not_picked":["Conserve Battery","Redo"],"picked":"Turbo","floor":21.0},{"not_picked":["Sunder","Gash"],"picked":"Go for the Eyes","floor":23.0},{"not_picked":["Steam Power","Redo"],"picked":"FTL","floor":25.0},{"not_picked":["Melter","Go for the Eyes","Turbo"],"picked":"Coolheaded","floor":29.0},{"not_picked":["Turbo+1","Hyperbeam","Leap"],"picked":"Chill","floor":30.0}],"player_experience":980611,"relics_obtained":[{"floor":7.0,"key":"Calipers"},{"floor":9.0,"key":"Frozen Egg 2"},{"floor":12.0,"key":"Symbiotic Virus"},{"floor":20.0,"key":"Enchiridion"},{"floor":23.0,"key":"War Paint"},{"floor":25.0,"key":"Question Card"},{"floor":26.0,"key":"Lantern"},{"floor":30.0,"key":"Matryoshka"}],"event_choices":[{"event_name":"Wheel of Change","player_choice":"Full Heal","floor":3.0,"damage_taken":0.0},{"event_name":"Big Fish","player_choice":"Donut","floor":4.0,"damage_taken":0.0},{"event_name":"Liars Game","player_choice":"disagreed","floor":13.0,"damage_taken":0.0},{"event_name":"Back to Basics","player_choice":"Simplicity","floor":19.0,"damage_taken":0.0},{"event_name":"Cursed Tome","player_choice":"Obtained Book","floor":20.0,"damage_taken":0.0},{"event_name":"Forgotten Altar","player_choice":"Smashed Altar","floor":22.0,"damage_taken":0.0},{"event_name":"Vampires","player_choice":"Ignored","floor":28.0,"damage_taken":0.0},{"event_name":"Fountain of Cleansing","player_choice":"Removed Curse","floor":31.0,"damage_taken":0.0}],"is_beta":false,"boss_relics":[{"not_picked":["Pandora\u0027s Box","Busted Crown"],"picked":"Astrolabe"}],"items_purged_floors":[2],"is_endless":false,"potions_floor_spawned":[11,14,21,25,29],"killed_by":"Champ","ascension_level":19}