{"path_per_floor":["M","M","M","M","$","R","?","R","T","?","M","E","R","M","R","B",null,"M","$","M","$","?","R","M","R","T","R","M","E","M","?","R","B",null,"M","?","?","$","M","R","M","M","T","R","T","?","E","M","R"],"character_chosen":"THE_SILENT","items_purchased":["Accuracy","Slice","Backflip","Noxious Fumes","Blade Dance","Strawberry"],"gold_per_floor":[119,129,143,156,7,7,7,7,80,80,98,129,129,142,142,240,240,251,251,263,114,144,144,161,161,188,188,207,238,257,172,172,268,268,287,287,287,60,80,80,95,105,175,175,175,175,207,227,227,227],"floor_reached":50,"campfire_rested":3,"playtime":1786,"current_hp_per_floor":[70,70,70,68,68,68,61,61,61,61,51,31,31,31,52,18,70,63,63,60,60,60,60,52,52,52,52,42,30,22,22,43,38,70,50,50,50,57,52,52,58,61,61,61,61,51,24,23,46,0],"items_purged":["Strike_G"],"gold":227,"score":517,"play_id":"bf41b3b8-dc34-443b-99fd-df10c1a4a1a5","local_time":"20180425100442","is_prod":false,"is_daily":false,"chose_seed":false,"is_ascension_mode":false,"campfire_upgraded":8,"timestamp":1524643482,"path_taken":["M","M","M","M","$","R","?","R","T","?","M","E","R","M","R","BOSS","M","$","M","$","?","R","M","R","T","R","M","E","M","?","R","BOSS","M","?","?","$","?","R","M","M","T","R","?","?","E","?","R","BOSS"],"build_version":"2018-04-19","seed_source_timestamp":33951424291602,"purchased_purges":3,"victory":false,"master_deck":["Defend_G","Defend_G","Defend_G","Defend_G","Defend_G","Strike_G","Survivor","Neutralize","Die Die Die","Cloak And Dagger+1","Blade Dance+1","Terror","Accuracy+1","Slice","Backflip","Cloak And Dagger+1","Quick Slash","Dagger Spray+1","Unload","Infinite Blades","Leg Sweep+1","Bouncing Flask","Prepared","Dodge and Roll","Riddle With Holes+1","Noxious Fumes","Writhe","Accuracy+1","Caltrops","Blur","Envenom+1","Blade Dance+1","Malaise","Dodge and Roll+1","Madness","Madness","Leg Sweep"],"max_hp_per_floor":[70,70,70,70,70,70,70,70,70,70,70,70,70,70,70,70,70,70,70,70,70,70,70,70,70,70,70,70,70,70,70,70,70,70,70,70,70,77,77,77,77,77,77,77,77,77,77,77,77,77],"relics":["Ring of the Snake","Kunai","Ancient Tea Set","Bronze Scales","Orrery","Tiny Chest","Bag of Marbles","Torii","Bird Faced Urn","Sozu","Strawberry","The Courier","Pantograph","Art of War"],"card_choices":[{"not_picked":["Dodge and Roll","Acrobatics"],"picked":"Cloak And Dagger","floor":1},{"not_picked":["Dodge and Roll","Prepared"],"picked":"Blade Dance","floor":2},{"not_picked":["Infinite Blades","Flying Knee"],"picked":"Terror","floor":3},{"not_picked":["Outmaneuver","Flying Knee"],"picked":"Cloak And Dagger","floor":11},{"not_picked":["Wraith Form v2","Dodge and Roll"],"picked":"Quick Slash","floor":12},{"not_picked":["Dodge and Roll","Underhanded Strike"],"picked":"Dagger Spray","floor":14},{"not_picked":["Die Die Die","Tools of the Trade"],"picked":"Unload","floor":16},{"not_picked":["Riddle With Holes","Sucker Punch"],"picked":"Infinite Blades","floor":17},{"not_picked":["Bouncing Flask","Outmaneuver"],"picked":"Leg Sweep","floor":17},{"not_picked":["Well Laid Plans","Quick Slash"],"picked":"Bouncing Flask","floor":17},{"not_picked":["Dagger Throw","Underhanded Strike"],"picked":"Prepared","floor":17},{"not_picked":["Crippling Poison","Bullet Time"],"picked":"Dodge and Roll","floor":18},{"not_picked":["Dodge and Roll","All Out Attack"],"picked":"Riddle With Holes","floor":20},{"not_picked":["Cloak And Dagger","Sucker Punch"],"picked":"Accuracy","floor":24},{"not_picked":["Terror","Poisoned Stab"],"picked":"Caltrops","floor":29},{"not_picked":["Sucker Punch","Prepared"],"picked":"Blur","floor":30},{"not_picked":["Phantasmal Killer","Unload"],"picked":"Envenom","floor":33},{"not_picked":["Heel Hook","Outmaneuver"],"picked":"Malaise","floor":39},{"not_picked":["Setup","Underhanded Strike"],"picked":"Dodge and Roll","floor":41},{"not_picked":["Backflip","Dagger Spray"],"picked":"Leg Sweep","floor":48}],"player_experience":555368,"potions_floor_usage":[12,24,28,29,29,33],"damage_taken":[{"damage":0,"enemies":"Jaw Worm","floor":1,"turns":3},{"damage":0,"enemies":"2 Louse","floor":2,"turns":1},{"damage":0,"enemies":"Cultist","floor":3,"turns":4},{"damage":2,"enemies":"3 Louse","floor":4,"turns":2},{"damage":10,"enemies":"Exordium Thugs","floor":11,"turns":3},{"damage":20,"enemies":"Lagavulin","floor":12,"turns":5},{"damage":0,"enemies":"Blue Slaver","floor":14,"turns":3},{"damage":34,"enemies":"The Guardian","floor":16,"turns":6},{"damage":7,"enemies":"Shell Parasite","floor":18,"turns":4},{"damage":3,"enemies":"3 Byrds","floor":20,"turns":3},{"damage":8,"enemies":"Slaver and Parasite","floor":24,"turns":5},{"damage":10,"enemies":"Centurion and Healer","floor":28,"turns":5},{"damage":21,"enemies":"Book of Stabbing","floor":29,"turns":4},{"damage":8,"enemies":"Snecko","floor":30,"turns":3},{"damage":13,"enemies":"Collector","floor":33,"turns":7},{"damage":20,"enemies":"3 Shapes","floor":35,"turns":2},{"damage":9,"enemies":"Orb Walker","floor":39,"turns":3},{"damage":0,"enemies":"4 Shapes","floor":41,"turns":4},{"damage":3,"enemies":"Sphere and 2 Shapes","floor":42,"turns":7},{"damage":39,"enemies":"Nemesis","floor":47,"turns":7},{"damage":13,"enemies":"Maw","floor":48,"turns":7},{"damage":92,"enemies":"Time Eater","floor":50,"turns":9}],"event_choices":[{"event_name":"Golden Wing","player_choice":"Card Removal","floor":7,"damage_taken":0},{"event_name":"Accursed Blacksmith","player_choice":"Rummage","floor":10,"damage_taken":0},{"event_name":"The Mausoleum","player_choice":"Yes","floor":22,"damage_taken":0},{"event_name":"Addict","player_choice":"Obtained Relic","floor":31,"damage_taken":0},{"event_name":"Tomb of Lord Red Mask","player_choice":"Ignored","floor":36,"damage_taken":0},{"event_name":"Purifier","player_choice":"One Purge","floor":37,"damage_taken":0},{"event_name":"Winding Halls","player_choice":"Embrace Madness","floor":46,"damage_taken":0}],"boss_relics":[{"not_picked":["Black Star","Ectoplasm"],"picked":"Orrery"},{"not_picked":["White Beast Statue","Pandora\u0027s Box"],"picked":"Sozu"}],"potions_floor_spawned":[4,14,16,20,28,29,39,41,48],"seed_played":"5092950115671182914","killed_by":"Time Eater","ascension_level":0,"is_trial":false}