{"gold_per_floor":[115,125,143,155,7,7,41,41,68,88,88,108,108,122,122,217,217,197,197],"floor_reached":19,"playtime":788,"items_purged":["Strike_G"],"score":239,"play_id":"6ee6bef4-4ae7-45e8-a107-f955ac167025","local_time":"20180924155239","is_ascension_mode":true,"campfire_choices":[{"data":"Noxious Fumes","floor":6,"key":"SMITH"},{"floor":8,"key":"REST"},{"floor":11,"key":"REST"},{"data":"Noxious Fumes","floor":15,"key":"SMITH"}],"neow_cost":"NONE","seed_source_timestamp":246169472458491,"circlet_count":0,"master_deck":["Defend_G+1","Defend_G","Defend_G","Defend_G","Defend_G","Strike_G","Strike_G","Strike_G","Strike_G","Survivor+1","Neutralize+1","Bouncing Flask","Bane","Dodge and Roll","Dash","Noxious Fumes+1","Backflip","Noxious Fumes+1","Poisoned Stab","Deflect","Doppelganger","Blur"],"relics":["Ring of the Serpent","War Paint","Regal Pillow","Omamori"],"potions_floor_usage":[12,16,18,19],"damage_taken":[{"damage":0,"enemies":"Cultist","floor":1,"turns":4},{"damage":0,"enemies":"Small Slimes","floor":2,"turns":4},{"damage":4,"enemies":"Jaw Worm","floor":3,"turns":2},{"damage":9,"enemies":"Blue Slaver","floor":4,"turns":4},{"damage":26,"enemies":"Gremlin Nob","floor":7,"turns":5},{"damage":6,"enemies":"3 Louse","floor":10,"turns":4},{"damage":4,"enemies":"Exordium Thugs","floor":12,"turns":5},{"damage":0,"enemies":"2 Fungi Beasts","floor":14,"turns":4},{"damage":48,"enemies":"Slime Boss","floor":16,"turns":9},{"damage":12,"enemies":"2 Thieves","floor":18,"turns":4},{"damage":48,"enemies":"Masked Bandits","floor":19,"turns":3}],"seed_played":"-4583562390391374590","potions_obtained":[{"floor":2,"key":"Strength Potion"},{"floor":3,"key":"Poison Potion"},{"floor":4,"key":"PowerPotion"},{"floor":14,"key":"Block Potion"},{"floor":18,"key":"AttackPotion"}],"is_trial":false,"path_per_floor":["M","M","M","M","$","R","E","R","T","M","R","M","?","M","R","B",null,"M"],"character_chosen":"THE_SILENT","items_purchased":["Noxious Fumes"],"campfire_rested":2,"item_purchase_floors":[5],"current_hp_per_floor":[63,63,59,50,50,50,24,45,45,39,70,66,63,63,63,15,56,44,0],"gold":197,"neow_bonus":"UPGRADE_CARD","is_prod":false,"is_daily":false,"chose_seed":false,"campfire_upgraded":2,"win_rate":0,"timestamp":1537797159,"path_taken":["M","?","M","M","$","R","E","R","T","?","R","M","?","M","R","BOSS","M","?"],"build_version":"2018-09-20","purchased_purges":1,"victory":false,"max_hp_per_floor":[70,70,70,70,70,70,70,70,70,70,70,70,70,70,70,70,70,70,70],"card_choices":[{"not_picked":["Deflect","Underhanded Strike"],"picked":"Bouncing Flask","floor":1},{"not_picked":["Blade Dance","Sucker Punch"],"picked":"Bane","floor":2},{"not_picked":["Concentrate","Reflex"],"picked":"Dodge and Roll","floor":3},{"not_picked":["Slice","Dagger Throw"],"picked":"Dash","floor":4},{"not_picked":["Flying Knee","Backstab"],"picked":"Backflip","floor":7},{"not_picked":["PiercingWail","Backflip"],"picked":"Noxious Fumes","floor":10},{"not_picked":["Bane","Dodge and Roll"],"picked":"Poisoned Stab","floor":12},{"not_picked":["Calculated Gamble","Terror"],"picked":"Deflect","floor":14},{"not_picked":["Storm of Steel","Phantasmal Killer"],"picked":"Doppelganger","floor":16},{"not_picked":["Outmaneuver","Backflip"],"picked":"Blur","floor":18}],"player_experience":656671,"relics_obtained":[{"floor":7,"key":"War Paint"},{"floor":9,"key":"Regal Pillow"}],"event_choices":[{"event_name":"Scrap Ooze","player_choice":"success","floor":13,"damage_taken":3},{"event_name":"Masked Bandits","player_choice":"Fought Bandits","floor":19,"damage_taken":0}],"is_beta":false,"boss_relics":[{"not_picked":["Tiny House","Astrolabe"],"picked":"Ring of the Serpent"}],"items_purged_floors":[5],"is_endless":false,"potions_floor_spawned":[2,3,4,14,18],"killed_by":"Masked Bandits","ascension_level":8}