{"gold_per_floor":[109,109,123,137,153,153,153,153,153,50,50,64,8,8,8,8],"floor_reached":16,"playtime":266,"items_purged":["Strike_R"],"score":180,"play_id":"1d7d53ea-bc93-436a-af69-59042397ae15","local_time":"20190126012444","is_ascension_mode":true,"campfire_choices":[{"data":"Armaments","floor":6,"key":"SMITH"},{"data":"Searing Blow+1","floor":8,"key":"SMITH"},{"data":"Searing Blow+2","floor":11,"key":"SMITH"},{"data":"Searing Blow+3","floor":15,"key":"SMITH"}],"neow_cost":"NONE","seed_source_timestamp":279411496891538,"circlet_count":0,"master_deck":["AscendersBane","Strike_R","Strike_R","Strike_R","Defend_R","Defend_R","Defend_R","Bash","Headbutt","Uppercut","Armaments+1","Searing Blow+4","True Grit","Shrug It Off","Thunderclap"],"relics":["Empty Cage","Dodecahedron","Golden Idol"],"potions_floor_usage":[12],"damage_taken":[{"damage":4,"enemies":"Small Slimes","floor":1,"turns":4},{"damage":10,"enemies":"2 Louse","floor":3,"turns":2},{"damage":4,"enemies":"Cultist","floor":4,"turns":3},{"damage":25,"enemies":"Large Slime","floor":5,"turns":6},{"damage":1,"enemies":"Blue Slaver","floor":12,"turns":2},{"damage":46,"enemies":"The Guardian","floor":16,"turns":7}],"seed_played":"-1118612879186472113","potions_obtained":[{"floor":3,"key":"Strength Potion"},{"floor":5,"key":"Poison Potion"}],"is_trial":false,"path_per_floor":["M","?","M","M","M","R","?","R","T","$","R","M","$","?","R","B"],"character_chosen":"IRONCLAD","items_purchased":["True Grit","Thunderclap"],"campfire_rested":0,"item_purchase_floors":[10,13],"current_hp_per_floor":[64,64,54,50,25,25,25,25,25,25,25,24,24,24,24,0],"gold":8,"neow_bonus":"BOSS_RELIC","is_prod":false,"is_daily":false,"chose_seed":false,"campfire_upgraded":4,"win_rate":0,"timestamp":1548494684,"path_taken":["M","?","M","M","M","R","?","R","T","$","R","M","$","?","R","BOSS"],"build_version":"2019-01-23","purchased_purges":1,"victory":false,"max_hp_per_floor":[75,75,75,75,75,75,75,75,75,75,75,75,75,68,68,68],"card_choices":[{"not_picked":["Wild Strike","Body Slam"],"picked":"Headbutt","floor":1},{"not_picked":["True Grit","Ghostly Armor"],"picked":"Uppercut","floor":3},{"not_picked":["Infernal Blade","Clothesline"],"picked":"Armaments","floor":4},{"not_picked":["Body Slam","Impervious"],"picked":"Searing Blow","floor":5},{"not_picked":["Pommel Strike","Thunderclap"],"picked":"Shrug It Off","floor":12}],"player_experience":1055655,"relics_obtained":[{"floor":9,"key":"Dodecahedron"}],"event_choices":[{"damage_healed":0,"gold_gain":0,"player_choice":"Ignored","damage_taken":0,"max_hp_gain":0,"max_hp_loss":0,"event_name":"Liars Game","floor":2,"gold_loss":0},{"damage_healed":0,"gold_gain":0,"player_choice":"Grow","damage_taken":0,"max_hp_gain":0,"max_hp_loss":0,"event_name":"Living Wall","floor":7,"gold_loss":0,"cards_upgraded":["Searing Blow"]},{"damage_healed":0,"gold_gain":0,"player_choice":"Lose Max HP","damage_taken":0,"relics_obtained":["Golden Idol"],"max_hp_gain":0,"max_hp_loss":7,"event_name":"Golden Idol","floor":14,"gold_loss":0}],"is_beta":true,"boss_relics":[],"items_purged_floors":[10],"is_endless":false,"potions_floor_spawned":[3,5],"killed_by":"The Guardian","ascension_level":20}