{"gold_per_floor":[116,116,132,132,132,163,163,180,253,62,81,81,81,50,50,147,147,157,82,82,94,94],"floor_reached":22,"playtime":1807,"items_purged":[],"score":209,"play_id":"3a4ce19e-99ed-4a27-a87d-478415ebb732","local_time":"20181219142648","is_ascension_mode":false,"campfire_choices":[{"floor":7,"key":"REST"},{"data":"Iron Wave","floor":13,"key":"SMITH"},{"data":"Neutralize","floor":15,"key":"SMITH"}],"neow_cost":"CURSE","seed_source_timestamp":271102794039239,"circlet_count":0,"master_deck":["Defend_G","Defend_G","Defend_G","Defend_G","Strike_G","Strike_G","Strike_G","Strike_G","Survivor","Neutralize+1","Iron Wave+1","Tools of the Trade","Eviscerate","All Out Attack","Backflip","Underhanded Strike+1","Footwork"],"relics":["Ring of the Snake","Regal Pillow","Matryoshka","Toy Ornithopter","Orrery"],"potions_floor_usage":[6,16,16],"damage_taken":[{"damage":2,"enemies":"2 Louse","floor":1,"turns":4},{"damage":0,"enemies":"Jaw Worm","floor":3,"turns":6},{"damage":43,"enemies":"Gremlin Nob","floor":6,"turns":6},{"damage":1,"enemies":"Cultist","floor":8,"turns":5},{"damage":3,"enemies":"Blue Slaver","floor":11,"turns":6},{"damage":11,"enemies":"Exordium Thugs","floor":14,"turns":6},{"damage":23,"enemies":"The Guardian","floor":16,"turns":31},{"damage":4,"enemies":"Shell Parasite","floor":18,"turns":13},{"damage":21,"enemies":"3 Byrds","floor":21,"turns":7},{"damage":8,"enemies":"Shelled Parasite and Fungi","floor":22,"turns":3}],"seed_played":"8848506560664469918","potions_obtained":[{"floor":1,"key":"SteroidPotion"},{"floor":8,"key":"Dexterity Potion"},{"floor":14,"key":"Block Potion"}],"is_trial":false,"path_per_floor":["M","?","M","?","?","E","R","M","T","$","M","?","R","M","R","B",null,"M","?","?","M","M"],"character_chosen":"THE_SILENT","items_purchased":["Toy Ornithopter"],"campfire_rested":1,"item_purchase_floors":[10],"current_hp_per_floor":[68,61,61,61,61,18,54,53,53,53,50,80,80,69,69,56,80,76,76,61,40,32],"gold":94,"neow_bonus":"THREE_RARE_CARDS","is_prod":false,"is_daily":false,"chose_seed":false,"campfire_upgraded":2,"win_rate":0.0,"timestamp":1545226008,"path_taken":["M","?","M","?","?","E","R","M","T","$","?","?","R","M","R","BOSS","M","?","?","M","M"],"build_version":"2018-12-13","purchased_purges":0,"victory":false,"max_hp_per_floor":[70,70,70,70,70,70,70,70,70,70,70,80,80,80,80,80,80,80,80,85,85,85],"card_choices":[{"not_picked":["Phantasmal Killer","Wraith Form v2"],"picked":"Burst","floor":0},{"not_picked":["Outmaneuver","Deadly Poison","Reflex"],"picked":"SKIP","floor":1},{"not_picked":["Dodge and Roll","Poisoned Stab","Flying Knee"],"picked":"SKIP","floor":3},{"not_picked":["Malaise","Calculated Gamble","Outmaneuver"],"picked":"SKIP","floor":6},{"not_picked":["Deadly Poison","Reflex","Poisoned Stab"],"picked":"SKIP","floor":8},{"not_picked":["Underhanded Strike","Bane","Flying Knee"],"picked":"SKIP","floor":11},{"not_picked":["Deadly Poison","Bane","Expertise"],"picked":"SKIP","floor":14},{"not_picked":["Venomology","A Thousand Cuts"],"picked":"Tools of the Trade","floor":16},{"not_picked":["Prepared","Caltrops"],"picked":"Eviscerate","floor":17},{"not_picked":["Blur","Sucker Punch"],"picked":"All Out Attack","floor":17},{"not_picked":["PiercingWail","Finisher"],"picked":"Backflip","floor":17},{"not_picked":["Skewer","Acrobatics"],"picked":"Underhanded Strike+1","floor":18},{"not_picked":["Outmaneuver+1","Sucker Punch"],"picked":"Footwork","floor":21}],"player_experience":10119,"relics_obtained":[{"floor":6,"key":"Regal Pillow"},{"floor":9,"key":"Matryoshka"}],"event_choices":[{"cards_removed":["Regret"],"damage_healed":0,"gold_gain":0,"player_choice":"Card Removal","damage_taken":7,"max_hp_gain":0,"max_hp_loss":0,"event_name":"Golden Wing","floor":2,"gold_loss":0},{"damage_healed":0,"gold_gain":0,"player_choice":"Ignored","damage_taken":0,"max_hp_gain":0,"max_hp_loss":0,"event_name":"Shining Light","floor":4,"gold_loss":0},{"cards_removed":["Strike_G"],"damage_healed":0,"gold_gain":0,"player_choice":"Took Card","damage_taken":0,"max_hp_gain":0,"max_hp_loss":0,"event_name":"NoteForYourself","floor":5,"gold_loss":0,"cards_obtained":["Iron Wave"]},{"cards_removed":["Burst"],"damage_healed":20,"gold_gain":0,"player_choice":"Offered Rare","damage_taken":0,"max_hp_gain":10,"max_hp_loss":0,"event_name":"Bonfire Elementals","floor":12,"gold_loss":0},{"cards_removed":["Defend_G"],"damage_healed":0,"gold_gain":0,"player_choice":"Gave Gold","damage_taken":0,"max_hp_gain":0,"max_hp_loss":0,"event_name":"Beggar","floor":19,"gold_loss":75},{"damage_healed":0,"gold_gain":0,"player_choice":"Shed Blood","damage_taken":20,"max_hp_gain":5,"max_hp_loss":0,"event_name":"Forgotten Altar","floor":20,"gold_loss":0}],"is_beta":false,"boss_relics":[{"not_picked":["White Beast Statue","Eternal Feather"],"picked":"Orrery"}],"items_purged_floors":[],"is_endless":false,"potions_floor_spawned":[1,8,14],"killed_by":"Shelled Parasite and Fungi","ascension_level":0}