{"gold_per_floor":[110,126,143,159,170,203,221,221,294,294,310,331,331,343,343,343],"floor_reached":16,"playtime":569,"items_purged":[],"score":212,"play_id":"366389a0-d909-42ec-990c-e829970eacc0","local_time":"20190125231658","is_ascension_mode":true,"campfire_choices":[{"floor":8,"key":"REST"},{"floor":13,"key":"REST"},{"data":"Steam","floor":15,"key":"SMITH"}],"neow_cost":"NONE","seed_source_timestamp":0,"circlet_count":0,"master_deck":["AscendersBane","Strike_B","Strike_B","Strike_B","Defend_B","Defend_B","Defend_B","Defend_B","Zap","Dualcast","Ball Lightning","Conserve Battery","Defragment","Rip and Tear","Steam+1","Meteor Strike","Ball Lightning","Streamline","Cold Snap"],"special_seed":0,"relics":["Cracked Core","Calipers","Frozen Egg 2","Odd Mushroom"],"potions_floor_usage":[16],"damage_taken":[{"damage":3.0,"enemies":"Small Slimes","floor":1.0,"turns":4.0},{"damage":7.0,"enemies":"Jaw Worm","floor":2.0,"turns":3.0},{"damage":1.0,"enemies":"Cultist","floor":3.0,"turns":3.0},{"damage":1.0,"enemies":"Looter","floor":4.0,"turns":3.0},{"damage":3.0,"enemies":"3 Louse","floor":5.0,"turns":3.0},{"damage":39,"enemies":"3 Sentries","floor":6,"turns":7},{"damage":0,"enemies":"Blue Slaver","floor":7,"turns":3},{"damage":18,"enemies":"Lots of Slimes","floor":11,"turns":3},{"damage":19,"enemies":"The Mushroom Lair","floor":12,"turns":4},{"damage":12,"enemies":"Large Slime","floor":14,"turns":5},{"damage":31,"enemies":"The Guardian","floor":16,"turns":6}],"seed_played":"-1184660868909734434","potions_obtained":[{"floor":2.0,"key":"FairyPotion"},{"floor":5.0,"key":"Weak Potion"},{"floor":12,"key":"LiquidBronze"}],"is_trial":false,"path_per_floor":["M","M","M","M","M","E","M","R","T","?","M","?","R","M","R","B"],"character_chosen":"DEFECT","items_purchased":[],"campfire_rested":2,"item_purchase_floors":[],"current_hp_per_floor":[68,61,60,59,56,17,17,40,40,40,22,3,26,14,14,0],"gold":343,"neow_bonus":"TEN_PERCENT_HP_BONUS","is_prod":false,"is_daily":false,"chose_seed":false,"campfire_upgraded":1,"win_rate":0,"timestamp":1548425818,"path_taken":["M","M","M","M","M","E","M","R","T","?","M","?","R","M","R","BOSS"],"build_version":"2019-01-23","purchased_purges":0,"victory":false,"max_hp_per_floor":[78,78,78,78,78,78,78,78,78,78,78,78,78,78,78,78],"card_choices":[{"not_picked":["Leap","Turbo"],"picked":"Ball Lightning","floor":1.0},{"not_picked":["Turbo","Go for the Eyes"],"picked":"Conserve Battery","floor":2.0},{"not_picked":["Leap","Melter"],"picked":"Defragment","floor":3.0},{"not_picked":["Cold Snap","Recycle"],"picked":"Rip and Tear","floor":4.0},{"not_picked":["Barrage","Capacitor"],"picked":"Steam","floor":5.0},{"not_picked":["Undo","Storm"],"picked":"Meteor Strike","floor":6},{"not_picked":["Recycle","Turbo"],"picked":"Ball Lightning","floor":7},{"not_picked":["Reprogram","Coolheaded","Compile Driver"],"picked":"SKIP","floor":11},{"not_picked":["Hello World+1","Gash"],"picked":"Streamline","floor":12},{"not_picked":["Redo","Streamline"],"picked":"Cold Snap","floor":14}],"player_experience":1072386,"relics_obtained":[{"floor":6,"key":"Calipers"},{"floor":9,"key":"Frozen Egg 2"},{"floor":12,"key":"Odd Mushroom"}],"event_choices":[{"cards_removed":["Strike_B"],"damage_healed":0,"gold_gain":0,"player_choice":"Forget","damage_taken":0,"max_hp_gain":0,"max_hp_loss":0,"event_name":"Living Wall","floor":10,"gold_loss":0},{"damage_healed":0,"gold_gain":0,"player_choice":"Fought Mushrooms","damage_taken":0,"max_hp_gain":0,"max_hp_loss":0,"event_name":"Mushrooms","floor":12,"gold_loss":0}],"is_beta":false,"boss_relics":[],"items_purged_floors":[],"is_endless":false,"potions_floor_spawned":[2,5,12],"killed_by":"The Guardian","ascension_level":20}