{"gold_per_floor":[119,132,182,192,202,202,219,245,295,295,315,315,315],"floor_reached":13,"playtime":284,"items_purged":[],"score":170,"play_id":"f4d6aefd-b16a-4870-bd02-bf403eb493bc","local_time":"20190118221044","is_ascension_mode":true,"campfire_choices":[{"data":"Sunder","floor":6.0,"key":"SMITH"},{"data":"Fission","floor":10.0,"key":"SMITH"},{"data":"Zap","floor":12.0,"key":"SMITH"}],"neow_cost":"NONE","seed_source_timestamp":0,"circlet_count":0,"master_deck":["AscendersBane","Strike_B","Strike_B","Strike_B","Strike_B","Defend_B","Defend_B","Defend_B","Defend_B","Zap+1","Dualcast","Leap","Sunder+1","Auto Shields","Doom and Gloom","Melter","Fission+1","Conserve Battery"],"special_seed":0,"relics":["Cracked Core","Oddly Smooth Stone","Incense Burner","Omamori"],"potions_floor_usage":[13],"damage_taken":[{"damage":7.0,"enemies":"2 Louse","floor":1.0,"turns":3.0},{"damage":0.0,"enemies":"Cultist","floor":2.0,"turns":3.0},{"damage":0.0,"enemies":"Jaw Worm","floor":4.0,"turns":3.0},{"damage":8.0,"enemies":"Large Slime","floor":5.0,"turns":6.0},{"damage":0.0,"enemies":"3 Louse","floor":7.0,"turns":2.0},{"damage":12.0,"enemies":"Lagavulin","floor":8.0,"turns":6.0},{"damage":5.0,"enemies":"Looter","floor":11.0,"turns":2.0},{"damage":25,"enemies":"Gremlin Nob","floor":13,"turns":3}],"seed_played":"-6495881927724999743","potions_obtained":[{"floor":1.0,"key":"Strength Potion"},{"floor":2.0,"key":"PowerPotion"},{"floor":11.0,"key":"SpeedPotion"}],"is_trial":false,"path_per_floor":["M","M","?","M","M","R","M","E","T","R","M","R","E"],"character_chosen":"DEFECT","items_purchased":[],"campfire_rested":0,"item_purchase_floors":[],"current_hp_per_floor":[57,57,50,50,42,42,42,30,30,30,25,25,0],"gold":315,"neow_bonus":"RANDOM_COMMON_RELIC","is_prod":false,"is_daily":false,"chose_seed":false,"campfire_upgraded":3,"win_rate":0,"timestamp":1547817044,"path_taken":["M","M","?","?","?","R","M","E","T","R","M","R","E"],"build_version":"2019-01-17v2","purchased_purges":0,"victory":false,"max_hp_per_floor":[71,71,71,71,71,71,71,71,71,71,71,71,71],"card_choices":[{"not_picked":["Chaos","Darkness"],"picked":"Leap","floor":1.0},{"not_picked":["Coolheaded","Leap"],"picked":"Sunder","floor":2.0},{"not_picked":["Redo","Force Field"],"picked":"Auto Shields","floor":4.0},{"not_picked":["Darkness","Force Field"],"picked":"Doom and Gloom","floor":5.0},{"not_picked":["Static Discharge","Compile Driver"],"picked":"Melter","floor":7.0},{"not_picked":["Coolheaded","Self Repair"],"picked":"Fission","floor":8.0},{"not_picked":["Rebound","Coolheaded"],"picked":"Conserve Battery","floor":11.0}],"player_experience":1044523,"relics_obtained":[{"floor":8.0,"key":"Incense Burner"},{"floor":9.0,"key":"Omamori"}],"event_choices":[{"damage_healed":0.0,"max_hp_gain":0.0,"max_hp_loss":0.0,"gold_gain":50.0,"event_name":"FaceTrader","player_choice":"Touch","floor":3.0,"gold_loss":0.0,"damage_taken":7.0}],"is_beta":false,"boss_relics":[],"items_purged_floors":[],"is_endless":false,"potions_floor_spawned":[1,2,4,11],"killed_by":"Gremlin Nob","ascension_level":19}