{"gold_per_floor":[119,134,134,152,165,165,181,516,539,539,567,567,582,617,617,691,691,708,708,518,544,557,557,571,586,586,152,152],"floor_reached":28,"playtime":1105,"items_purged":["Strike_B","Strike_B"],"score":480,"play_id":"3416229c-22a2-43fe-8f62-c7dd68de35cf","local_time":"20181225211841","is_ascension_mode":true,"campfire_choices":[{"data":"Streamline","floor":6.0,"key":"SMITH"},{"data":"Capacitor","floor":10.0,"key":"SMITH"},{"data":"Electrodynamics","floor":12.0,"key":"SMITH"},{"floor":15.0,"key":"REST"},{"floor":23.0,"key":"REST"}],"neow_cost":"NONE","seed_source_timestamp":27599237439167,"circlet_count":0,"master_deck":["AscendersBane","Strike_B","Strike_B","Defend_B","Defend_B","Defend_B","Defend_B","Zap","Dualcast","Cold Snap","Ball Lightning","Streamline+1","Glacier","Capacitor+1","Electrodynamics+1","Skim","Tempest","Echo Form","Glacier+1","Capacitor+1","Defragment","Coolheaded","Consume","Hologram","Fusion","Darkness"],"special_seed":0,"relics":["Cracked Core","Potion Belt","Old Coin","Smiling Mask","Boot","PreservedInsect","Velvet Choker","Red Mask","Gambling Chip","DataDisk","Runic Capacitor"],"potions_floor_usage":[28],"damage_taken":[{"damage":4.0,"enemies":"2 Louse","floor":1.0,"turns":2.0},{"damage":0.0,"enemies":"Cultist","floor":2.0,"turns":3.0},{"damage":3.0,"enemies":"Small Slimes","floor":4.0,"turns":3.0},{"damage":11.0,"enemies":"Blue Slaver","floor":5.0,"turns":3.0},{"damage":6.0,"enemies":"Red Slaver","floor":7.0,"turns":3.0},{"damage":6.0,"enemies":"Lagavulin","floor":8.0,"turns":10.0},{"damage":12.0,"enemies":"3 Sentries","floor":11.0,"turns":8.0},{"damage":12.0,"enemies":"Exordium Thugs","floor":13.0,"turns":3.0},{"damage":7.0,"enemies":"Gremlin Nob","floor":14.0,"turns":3.0},{"damage":25.0,"enemies":"Slime Boss","floor":16.0,"turns":8.0},{"damage":19.0,"enemies":"3 Byrds","floor":18.0,"turns":4.0},{"damage":12.0,"enemies":"Masked Bandits","floor":21.0,"turns":2.0},{"damage":5.0,"enemies":"Shell Parasite","floor":22.0,"turns":7.0},{"damage":25.0,"enemies":"Snake Plant","floor":24.0,"turns":6.0},{"damage":7.0,"enemies":"Centurion and Healer","floor":25.0,"turns":8.0},{"damage":21,"enemies":"Slavers","floor":28,"turns":4}],"seed_played":"-7842951951263071745","potions_obtained":[{"floor":1.0,"key":"Ancient Potion"},{"floor":2.0,"key":"FocusPotion"},{"floor":8.0,"key":"Dexterity Potion"},{"floor":21.0,"key":"EssenceOfSteel"}],"is_trial":false,"path_per_floor":["M","M","?","M","M","R","M","E","T","R","E","R","M","E","R","B",null,"M","?","$","?","M","R","M","M","T","$","E"],"character_chosen":"DEFECT","items_purchased":["Defragment","Coolheaded","DataDisk","Runic Capacitor"],"campfire_rested":2,"item_purchase_floors":[20,20,27,27],"current_hp_per_floor":[60,60,65,62,51,51,45,39,39,39,27,27,15,8,30,5,58,39,39,39,27,22,44,19,12,12,12,0],"gold":152,"neow_bonus":"RANDOM_COMMON_RELIC","is_prod":false,"is_daily":false,"chose_seed":false,"campfire_upgraded":3,"win_rate":0,"timestamp":1545740321,"path_taken":["M","M","?","M","M","R","M","E","T","R","E","R","M","E","R","BOSS","M","?","?","?","M","R","M","M","T","$","E"],"build_version":"2018-12-20","purchased_purges":2,"victory":false,"max_hp_per_floor":[71,71,76,76,76,76,76,76,76,76,76,76,76,76,76,76,76,76,76,76,76,76,76,76,76,76,76,76],"card_choices":[{"not_picked":["Reprogram","Compile Driver"],"picked":"Cold Snap","floor":1.0},{"not_picked":["Redo","Gash"],"picked":"Ball Lightning","floor":2.0},{"not_picked":["Self Repair","Scrape"],"picked":"Streamline","floor":4.0},{"not_picked":["Gash","Doom and Gloom"],"picked":"Glacier","floor":5.0},{"not_picked":["Compile Driver","Redo"],"picked":"Capacitor","floor":7.0},{"not_picked":["Static Discharge","BootSequence"],"picked":"Electrodynamics","floor":8.0},{"not_picked":["Steam","Tempest"],"picked":"Skim","floor":11.0},{"not_picked":["Leap","Storm"],"picked":"Tempest","floor":13.0},{"not_picked":["Leap","Cold Snap","Barrage"],"picked":"SKIP","floor":14.0},{"not_picked":["All For One","Electrodynamics"],"picked":"Echo Form","floor":16.0},{"not_picked":["Double Energy","Lockon"],"picked":"Glacier+1","floor":18.0},{"not_picked":["Steam Power","Coolheaded"],"picked":"Consume","floor":21.0},{"not_picked":["Beam Cell","Conserve Battery"],"picked":"Hologram","floor":22.0},{"not_picked":["Go for the Eyes","Ball Lightning"],"picked":"Fusion","floor":24.0},{"not_picked":["Coolheaded","Melter+1"],"picked":"Darkness","floor":25.0}],"player_experience":846905,"relics_obtained":[{"floor":8.0,"key":"Old Coin"},{"floor":9.0,"key":"Smiling Mask"},{"floor":11.0,"key":"Boot"},{"floor":14.0,"key":"PreservedInsect"},{"floor":21.0,"key":"Red Mask"},{"floor":26.0,"key":"Gambling Chip"}],"event_choices":[{"damage_healed":0.0,"max_hp_gain":5.0,"max_hp_loss":0.0,"gold_gain":0.0,"event_name":"Big Fish","player_choice":"Donut","floor":3.0,"gold_loss":0.0,"damage_taken":0.0},{"damage_healed":0.0,"max_hp_gain":0.0,"max_hp_loss":0.0,"gold_gain":0.0,"event_name":"Duplicator","player_choice":"Copied","floor":19.0,"gold_loss":0.0,"damage_taken":0.0,"cards_obtained":["Capacitor"]},{"damage_healed":0.0,"max_hp_gain":0.0,"max_hp_loss":0.0,"gold_gain":0.0,"event_name":"Masked Bandits","player_choice":"Fought Bandits","floor":21.0,"gold_loss":0.0,"damage_taken":0.0}],"is_beta":false,"boss_relics":[{"not_picked":["Black Star","Busted Crown"],"picked":"Velvet Choker"}],"items_purged_floors":[20,27],"is_endless":false,"potions_floor_spawned":[1,2,8,21],"killed_by":"Slavers","ascension_level":20}