{"gold_per_floor":[112,112,287,306,306,324,57,57,127,227,227,247,247,14,14,143,143,128,38,59,59,59,59,76,76,99,99,118,134,134,149,149,252,252,270,283,283,383,127,127,137,156,226,0,0,0,16,36,36,36],"floor_reached":50,"playtime":3373,"items_purged":["Doubt","Strike_G"],"score":457,"play_id":"e94cb2fc-0716-44a2-a57d-0ae9ec0fd246","local_time":"20181206185054","is_ascension_mode":false,"campfire_choices":[{"data":"Caltrops","floor":11,"key":"SMITH"},{"data":"Terror","floor":13,"key":"SMITH"},{"data":"Madness","floor":15,"key":"SMITH"},{"data":"Envenom","floor":23,"key":"SMITH"},{"floor":25,"key":"REST"},{"data":"Infinite Blades","floor":27,"key":"SMITH"},{"data":"Outmaneuver","floor":30,"key":"SMITH"},{"floor":32,"key":"REST"},{"data":"Neutralize","floor":40,"key":"SMITH"},{"floor":46,"key":"REST"},{"data":"Storm of Steel","floor":49,"key":"SMITH"}],"neow_cost":"NONE","seed_source_timestamp":873453375180740,"circlet_count":0,"master_deck":["Defend_G","Defend_G","Defend_G","Defend_G","Strike_G","Strike_G","Strike_G","Survivor","Neutralize+1","Caltrops+1","Finisher","Backflip","Terror+1","Outmaneuver+1","Madness+1","Envenom+1","Calculated Gamble","PanicButton","Flechettes","Wraith Form v2","Infinite Blades+1","Terror+1","Flying Knee+1","Poisoned Stab","Corpse Explosion","Choke+1","Bane","Storm of Steel+1","Poisoned Stab+1","Crippling Poison+1","Cloak And Dagger+1"],"relics":["Ring of the Snake","NeowsBlessing","Bloody Idol","Regal Pillow","Juzu Bracelet","Paper Crane","Bronze Scales","WristBlade","Centennial Puzzle","Eternal Feather","FossilizedHelix","Lantern","Blue Candle","Red Mask"],"potions_floor_usage":[16,16,28,33,35,48,48,50],"damage_taken":[{"damage":0,"enemies":"2 Louse","floor":1,"turns":1},{"damage":0,"enemies":"Small Slimes","floor":4,"turns":1},{"damage":0,"enemies":"Jaw Worm","floor":6,"turns":1},{"damage":0,"enemies":"Red Slaver","floor":12,"turns":3},{"damage":48,"enemies":"Hexaghost","floor":16,"turns":9},{"damage":27,"enemies":"2 Thieves","floor":18,"turns":4},{"damage":16,"enemies":"Shell Parasite","floor":20,"turns":6},{"damage":18,"enemies":"Centurion and Healer","floor":24,"turns":6},{"damage":4,"enemies":"Snecko","floor":28,"turns":5},{"damage":1,"enemies":"Chosen and Byrds","floor":29,"turns":5},{"damage":25,"enemies":"Shelled Parasite and Fungi","floor":31,"turns":5},{"damage":45,"enemies":"Champ","floor":33,"turns":12},{"damage":11,"enemies":"Orb Walker","floor":35,"turns":3},{"damage":3,"enemies":"3 Shapes","floor":36,"turns":4},{"damage":13,"enemies":"Mind Bloom Boss Battle","floor":38,"turns":10},{"damage":17,"enemies":"Jaw Worm Horde","floor":41,"turns":4},{"damage":23,"enemies":"3 Darklings","floor":42,"turns":5},{"damage":16,"enemies":"Maw","floor":47,"turns":7},{"damage":6,"enemies":"Sphere and 2 Shapes","floor":48,"turns":5},{"damage":93,"enemies":"Time Eater","floor":50,"turns":9}],"seed_played":"6430907227751167675","potions_obtained":[{"floor":1,"key":"SteroidPotion"},{"floor":6,"key":"GamblersBrew"},{"floor":12,"key":"Dexterity Potion"},{"floor":24,"key":"Block Potion"},{"floor":28,"key":"FearPotion"},{"floor":33,"key":"SkillPotion"},{"floor":35,"key":"FearPotion"},{"floor":42,"key":"LiquidBronze"},{"floor":48,"key":"GamblersBrew"}],"is_trial":false,"path_per_floor":["M","?","?","M","?","M","$","?","T","?","R","M","R","$","R","B",null,"M","$","M","?","?","R","M","R","T","R","M","M","R","M","R","B",null,"M","M","?","?","$","R","M","M","T","?","?","R","M","M","R","B"],"character_chosen":"THE_SILENT","items_purchased":["Juzu Bracelet","Terror","Bronze Scales","Madness","PanicButton","Lantern"],"campfire_rested":3,"item_purchase_floors":[7,7,14,14,19,39],"current_hp_per_floor":[70,70,70,70,67,67,67,60,60,60,60,60,60,60,60,12,70,43,43,27,27,27,27,14,50,55,55,56,60,60,40,70,30,70,64,66,66,58,58,70,58,40,45,45,45,66,55,54,66,0],"gold":36,"neow_bonus":"THREE_ENEMY_KILL","is_prod":false,"is_daily":false,"chose_seed":false,"campfire_upgraded":8,"win_rate":0.0,"timestamp":1544075454,"path_taken":["M","?","?","M","?","M","$","?","T","?","R","M","R","$","R","BOSS","M","$","M","?","?","R","M","R","T","R","M","M","R","M","R","BOSS","M","M","?","?","$","R","M","M","T","?","?","R","M","M","R","BOSS"],"build_version":"2018-11-15","purchased_purges":2,"victory":false,"max_hp_per_floor":[70,70,70,70,70,70,70,70,70,70,70,70,70,70,70,70,70,70,70,70,70,70,70,70,70,70,70,70,70,70,70,70,70,70,70,70,70,70,70,70,70,70,70,70,66,66,66,66,66,66],"card_choices":[{"not_picked":["Masterful Stab","Outmaneuver"],"picked":"Caltrops","floor":1},{"not_picked":["Tactician","Caltrops"],"picked":"Finisher","floor":4},{"not_picked":["All Out Attack","Sucker Punch"],"picked":"Backflip","floor":6},{"not_picked":["Prepared","Endless Agony"],"picked":"Outmaneuver","floor":12},{"not_picked":["Tools of the Trade","Die Die Die"],"picked":"Envenom","floor":16},{"not_picked":["Dagger Throw","Escape Plan"],"picked":"Calculated Gamble","floor":18},{"not_picked":["Dodge and Roll","Terror+1","Outmaneuver"],"picked":"SKIP","floor":20},{"not_picked":["Riddle With Holes","Blade Dance"],"picked":"Infinite Blades","floor":24},{"not_picked":["Cloak And Dagger","Prepared"],"picked":"Terror+1","floor":28},{"not_picked":["Terror","Dagger Spray"],"picked":"Flying Knee+1","floor":29},{"not_picked":["Flying Knee+1","Expertise"],"picked":"Poisoned Stab","floor":31},{"not_picked":["Wraith Form v2","Night Terror"],"picked":"Corpse Explosion","floor":33},{"not_picked":["Flying Knee+1","Slice+1"],"picked":"Choke+1","floor":35},{"not_picked":["Underhanded Strike","Prepared","Endless Agony"],"picked":"SKIP","floor":36},{"not_picked":["Deadly Poison+1","Dagger Spray+1"],"picked":"Bane","floor":38},{"not_picked":["Tactician+1","Dodge and Roll+1"],"picked":"Storm of Steel","floor":41},{"not_picked":["Expertise","Flechettes"],"picked":"Poisoned Stab+1","floor":42},{"not_picked":["Dagger Throw+1","Flechettes"],"picked":"Crippling Poison+1","floor":47},{"not_picked":["Footwork","Tactician"],"picked":"Cloak And Dagger+1","floor":48}],"player_experience":403981,"relics_obtained":[{"floor":9,"key":"Paper Crane"},{"floor":26,"key":"Centennial Puzzle"},{"floor":38,"key":"FossilizedHelix"},{"floor":43,"key":"Blue Candle"}],"event_choices":[{"damage_healed":0,"gold_gain":0,"player_choice":"Take Wound","damage_taken":0,"relics_obtained":["Golden Idol"],"max_hp_gain":0,"max_hp_loss":0,"event_name":"Golden Idol","floor":2,"gold_loss":0,"cards_obtained":["Injury"]},{"damage_healed":0,"gold_gain":175,"player_choice":"AGREE","damage_taken":0,"max_hp_gain":0,"max_hp_loss":0,"event_name":"Liars Game","floor":3,"gold_loss":0,"cards_obtained":["Doubt"]},{"damage_healed":0,"gold_gain":0,"player_choice":"Success","damage_taken":3,"relics_obtained":["Regal Pillow"],"max_hp_gain":0,"max_hp_loss":0,"event_name":"Scrap Ooze","floor":5,"gold_loss":0},{"cards_removed":["Injury"],"damage_healed":0,"gold_gain":0,"player_choice":"Card Removal","damage_taken":7,"max_hp_gain":0,"max_hp_loss":0,"event_name":"Golden Wing","floor":8,"gold_loss":0},{"damage_healed":0,"gold_gain":100,"player_choice":"Pray","damage_taken":0,"max_hp_gain":0,"max_hp_loss":0,"event_name":"Golden Shrine","floor":10,"gold_loss":0},{"damage_healed":0,"gold_gain":0,"player_choice":"Gave Idol","damage_taken":0,"relics_obtained":["Bloody Idol"],"max_hp_gain":0,"max_hp_loss":0,"event_name":"Forgotten Altar","floor":21,"relics_lost":["Golden Idol"],"gold_loss":0},{"damage_healed":0,"gold_gain":0,"cards_transformed":["Defend_G","Strike_G"],"player_choice":"Became Test Subject","damage_taken":0,"max_hp_gain":0,"max_hp_loss":0,"event_name":"Drug Dealer","floor":22,"gold_loss":0,"cards_obtained":["Flechettes","Wraith Form v2"]},{"damage_healed":0,"gold_gain":0,"player_choice":"Ignored","damage_taken":0,"max_hp_gain":0,"max_hp_loss":0,"event_name":"Mysterious Sphere","floor":37,"gold_loss":0},{"damage_healed":0,"gold_gain":0,"player_choice":"Fight","damage_taken":0,"max_hp_gain":0,"max_hp_loss":0,"event_name":"MindBloom","floor":38,"gold_loss":0},{"damage_healed":0,"gold_gain":0,"player_choice":"Paid","damage_taken":0,"relics_obtained":["Red Mask"],"max_hp_gain":0,"max_hp_loss":0,"event_name":"Tomb of Lord Red Mask","floor":44,"gold_loss":226},{"damage_healed":0,"gold_gain":0,"player_choice":"Max HP","damage_taken":0,"max_hp_gain":0,"max_hp_loss":4,"event_name":"Winding Halls","floor":45,"gold_loss":0}],"is_beta":false,"boss_relics":[{"not_picked":["Velvet Choker","Philosopher\u0027s Stone"],"picked":"WristBlade"},{"not_picked":["Calling Bell","Sozu"],"picked":"Eternal Feather"}],"items_purged_floors":[7,39],"is_endless":false,"potions_floor_spawned":[1,6,12,24,28,33,35,42,48],"killed_by":"Time Eater","ascension_level":0}