{"gold_per_floor":[116,134,146,196,209,209,219,245,245,245,245,272,282,127,127,127],"floor_reached":16,"playtime":447,"items_purged":["Strike_B"],"score":224,"play_id":"f1a55638-ea3c-4f99-b70e-890acd796361","local_time":"20181226164043","is_ascension_mode":true,"campfire_choices":[{"data":"Redo","floor":6.0,"key":"SMITH"},{"data":"Darkness","floor":11.0,"key":"SMITH"},{"data":"Darkness","floor":15.0,"key":"SMITH"}],"neow_cost":"NONE","seed_source_timestamp":15952333055114,"circlet_count":0,"master_deck":["AscendersBane","Strike_B","Strike_B","Strike_B","Defend_B","Defend_B","Defend_B","Defend_B","Zap","Dualcast","Darkness+1","Cold Snap","Redo+1","Skim","Leap","Echo Form","Darkness+1","Conserve Battery","Capacitor"],"special_seed":0,"relics":["Cracked Core","Ice Cream","Gremlin Horn","Molten Egg 2"],"potions_floor_usage":[],"damage_taken":[{"damage":0.0,"enemies":"2 Louse","floor":1.0,"turns":1.0},{"damage":1.0,"enemies":"Cultist","floor":2.0,"turns":3.0},{"damage":0.0,"enemies":"Small Slimes","floor":3.0,"turns":2.0},{"damage":32.0,"enemies":"Exordium Wildlife","floor":5.0,"turns":5.0},{"damage":7.0,"enemies":"Blue Slaver","floor":7.0,"turns":3.0},{"damage":9.0,"enemies":"3 Sentries","floor":8.0,"turns":5.0},{"damage":33.0,"enemies":"Gremlin Nob","floor":12.0,"turns":4.0},{"damage":0.0,"enemies":"2 Fungi Beasts","floor":13.0,"turns":3.0},{"damage":17,"enemies":"The Guardian","floor":16,"turns":2}],"seed_played":"3566976868788087634","potions_obtained":[{"floor":1.0,"key":"LiquidBronze"},{"floor":3.0,"key":"LiquidBronze"},{"floor":8.0,"key":"FocusPotion"},{"floor":12.0,"key":"SpeedPotion"}],"is_trial":false,"path_per_floor":["M","M","M","?","M","R","M","E","T","?","R","E","M","$","R","B"],"character_chosen":"DEFECT","items_purchased":["Capacitor"],"campfire_rested":0,"item_purchase_floors":[14],"current_hp_per_floor":[71,70,70,63,31,31,24,15,15,41,41,8,8,8,8,0],"gold":127,"neow_bonus":"TEN_PERCENT_HP_BONUS","is_prod":false,"is_daily":false,"chose_seed":false,"campfire_upgraded":3,"win_rate":0,"timestamp":1545810043,"path_taken":["M","M","M","?","M","R","?","E","T","?","R","E","M","$","R","BOSS"],"build_version":"2018-12-20","purchased_purges":1,"victory":false,"max_hp_per_floor":[78,78,78,78,78,78,78,78,78,78,78,78,78,78,78,78],"card_choices":[{"not_picked":["Conserve Battery","Undo"],"picked":"Darkness","floor":1.0},{"not_picked":["Double Energy","Reprogram"],"picked":"Cold Snap","floor":2.0},{"not_picked":["Barrage","Ball Lightning"],"picked":"Redo","floor":3.0},{"not_picked":["Beam Cell","Chaos"],"picked":"Skim","floor":5.0},{"not_picked":["Melter","Beam Cell"],"picked":"Leap","floor":7.0},{"not_picked":["Static Discharge","Rebound"],"picked":"Echo Form","floor":8.0},{"not_picked":["Tempest","Rip and Tear"],"picked":"Darkness","floor":12.0},{"not_picked":["Reinforced Body","White Noise"],"picked":"Conserve Battery","floor":13.0}],"player_experience":854994,"relics_obtained":[{"floor":8.0,"key":"Ice Cream"},{"floor":9.0,"key":"Gremlin Horn"},{"floor":12.0,"key":"Molten Egg 2"}],"event_choices":[{"damage_healed":0.0,"max_hp_gain":0.0,"max_hp_loss":0.0,"gold_gain":50.0,"event_name":"FaceTrader","player_choice":"Touch","floor":4.0,"gold_loss":0.0,"damage_taken":7.0},{"damage_healed":26.0,"max_hp_gain":0.0,"max_hp_loss":0.0,"gold_gain":0.0,"event_name":"Big Fish","player_choice":"Banana","floor":10.0,"gold_loss":0.0,"damage_taken":0.0}],"is_beta":false,"boss_relics":[],"items_purged_floors":[14],"is_endless":false,"potions_floor_spawned":[1,3,8,12],"killed_by":"The Guardian","ascension_level":20}