{"gold_per_floor":[117,117,117,132,145,145,169,169,169,18,18,18,33,58,58,188,188,209,108,33,33,48,48,75,175,244,259,275,275,285,300,300,300],"floor_reached":33,"playtime":1521,"items_purged":["Injury"],"score":259,"play_id":"953ff076-91aa-49b6-9ce9-ed2ea9448c64","local_time":"20181208152646","is_ascension_mode":false,"campfire_choices":[{"data":"Choke","floor":6,"key":"SMITH"},{"data":"Poisoned Stab","floor":8,"key":"SMITH"},{"data":"Blade Dance","floor":11,"key":"SMITH"},{"data":"Adrenaline","floor":15,"key":"SMITH"},{"data":"Sucker Punch","floor":23,"key":"SMITH"},{"data":"Dash","floor":29,"key":"SMITH"},{"data":"Adrenaline","floor":32,"key":"SMITH"}],"neow_cost":"NONE","seed_source_timestamp":72879781531740,"circlet_count":0,"master_deck":["Defend_G","Defend_G","Defend_G","Defend_G","Strike_G","Strike_G","Strike_G","Strike_G","Strike_G","Survivor","Neutralize","Dash+1","Poisoned Stab+1","Choke+1","Blade Dance+1","Sucker Punch+1","Adrenaline+1","Bullet Time","Acrobatics","Deflect","Blade Dance+1","Infinite Blades+1","Terror+1","Adrenaline+1","Escape Plan"],"relics":["Ring of the Snake","Bag of Preparation","Mercury Hourglass","Bloody Idol","Art of War","Bag of Marbles","WristBlade","Vajra","Incense Burner","Singing Bowl","Paper Crane"],"potions_floor_usage":[24,24,24,24,25,31,33,33,33],"damage_taken":[{"damage":2,"enemies":"Cultist","floor":1,"turns":5},{"damage":0,"enemies":"2 Louse","floor":4,"turns":2},{"damage":0,"enemies":"Jaw Worm","floor":5,"turns":3},{"damage":0,"enemies":"Exordium Wildlife","floor":7,"turns":2},{"damage":1,"enemies":"Blue Slaver","floor":13,"turns":2},{"damage":0,"enemies":"2 Fungi Beasts","floor":14,"turns":2},{"damage":41,"enemies":"Hexaghost","floor":16,"turns":9},{"damage":0,"enemies":"2 Thieves","floor":18,"turns":2},{"damage":0,"enemies":"Chosen","floor":22,"turns":2},{"damage":15,"enemies":"Slavers","floor":24,"turns":3},{"damage":0,"enemies":"Colosseum Slavers","floor":25,"turns":2},{"damage":16,"enemies":"Colosseum Nobs","floor":25,"turns":4},{"damage":3,"enemies":"Snecko","floor":27,"turns":3},{"damage":0,"enemies":"Snake Plant","floor":28,"turns":2},{"damage":0,"enemies":"Cultist and Chosen","floor":30,"turns":3},{"damage":0,"enemies":"Snecko","floor":31,"turns":3},{"damage":77,"enemies":"Automaton","floor":33,"turns":6}],"seed_played":"-5823249379462451705","potions_obtained":[{"floor":1,"key":"EntropicBrew"},{"floor":5,"key":"Swift Potion"},{"floor":16,"key":"Dexterity Potion"},{"floor":18,"key":"PowerPotion"},{"floor":25,"key":"Dexterity Potion"},{"floor":27,"key":"Block Potion"},{"floor":30,"key":"Energy Potion"},{"floor":31,"key":"Ancient Potion"}],"is_trial":false,"path_per_floor":["M","T","?","M","M","R","M","R","T","$","R","$","M","M","R","B",null,"M","$","?","?","M","R","E","?","T","M","M","R","M","M","R","B"],"character_chosen":"THE_SILENT","items_purchased":["Bag of Marbles","Deflect"],"campfire_rested":0,"item_purchase_floors":[10,19],"current_hp_per_floor":[68,68,68,68,68,68,68,68,68,68,68,68,67,67,67,26,70,70,70,70,70,70,70,60,49,54,58,65,65,70,74,74,0],"gold":300,"neow_bonus":"RANDOM_COMMON_RELIC","is_prod":false,"is_daily":false,"chose_seed":false,"campfire_upgraded":7,"win_rate":0.0,"timestamp":1544236006,"path_taken":["M","?","?","M","M","R","M","R","T","$","R","?","M","?","R","BOSS","M","$","?","?","M","R","E","?","T","?","M","R","M","M","R","BOSS"],"build_version":"2018-12-06","purchased_purges":1,"victory":false,"max_hp_per_floor":[70,70,70,70,70,70,70,70,70,70,70,70,70,70,70,70,70,70,70,70,70,70,70,70,70,70,72,74,74,74,74,74,74],"card_choices":[{"not_picked":["Sucker Punch","Bane"],"picked":"Dash","floor":1},{"not_picked":["Catalyst","Deadly Poison"],"picked":"Poisoned Stab","floor":4},{"not_picked":["All Out Attack","Poisoned Stab"],"picked":"Choke","floor":5},{"not_picked":["Underhanded Strike","Tactician"],"picked":"Blade Dance","floor":7},{"not_picked":["Dagger Throw","Riddle With Holes"],"picked":"Sucker Punch","floor":13},{"not_picked":["Deflect","Distraction"],"picked":"Adrenaline","floor":14},{"not_picked":["Grand Finale","Glass Knife"],"picked":"Bullet Time","floor":16},{"not_picked":["Eviscerate+1","Bane"],"picked":"Acrobatics","floor":18},{"not_picked":["Sucker Punch","Dagger Spray"],"picked":"Blade Dance+1","floor":22},{"not_picked":["Dash","Poisoned Stab+1"],"picked":"Infinite Blades+1","floor":24},{"not_picked":["Sucker Punch","Dagger Throw"],"picked":"Terror+1","floor":25},{"not_picked":["Eviscerate","Dagger Throw","Slice"],"picked":"Singing Bowl","floor":27},{"not_picked":["Underhanded Strike","Dodge and Roll","Terror"],"picked":"Singing Bowl","floor":28},{"not_picked":["Expertise+1","Catalyst"],"picked":"Adrenaline","floor":30},{"not_picked":["Bane+1","Sucker Punch"],"picked":"Escape Plan","floor":31}],"player_experience":445325,"relics_obtained":[{"floor":2,"key":"Mercury Hourglass"},{"floor":9,"key":"Art of War"},{"floor":24,"key":"Vajra"},{"floor":25,"key":"Incense Burner"},{"floor":25,"key":"Singing Bowl"},{"floor":26,"key":"Paper Crane"}],"event_choices":[{"damage_healed":0,"gold_gain":0,"player_choice":"Take Wound","damage_taken":0,"relics_obtained":["Golden Idol"],"max_hp_gain":0,"max_hp_loss":0,"event_name":"Golden Idol","floor":3,"gold_loss":0,"cards_obtained":["Injury"]},{"cards_removed":["Defend_G"],"damage_healed":0,"gold_gain":0,"player_choice":"Gave Gold","damage_taken":0,"max_hp_gain":0,"max_hp_loss":0,"event_name":"Beggar","floor":20,"gold_loss":75},{"damage_healed":0,"gold_gain":0,"player_choice":"Gave Idol","damage_taken":0,"relics_obtained":["Bloody Idol"],"max_hp_gain":0,"max_hp_loss":0,"event_name":"Forgotten Altar","floor":21,"relics_lost":["Golden Idol"],"gold_loss":0},{"damage_healed":0,"gold_gain":0,"player_choice":"Fight","damage_taken":0,"max_hp_gain":0,"max_hp_loss":0,"event_name":"Colosseum","floor":25,"gold_loss":0},{"damage_healed":0,"gold_gain":0,"player_choice":"Fought Nobs","damage_taken":0,"max_hp_gain":0,"max_hp_loss":0,"event_name":"Colosseum","floor":25,"gold_loss":0}],"is_beta":false,"boss_relics":[{"not_picked":["Pandora\u0027s Box","Runic Pyramid"],"picked":"WristBlade"}],"items_purged_floors":[19],"is_endless":false,"potions_floor_spawned":[1,5,16,18,25,27,30,31],"killed_by":"Automaton","ascension_level":0}