{"gold_per_floor":[115,134,134,284,284,284,299,299,326,251,264,290,290,306,306,379,379,397,397,397,410,410,410,444,454,454,454],"floor_reached":27,"playtime":748,"items_purged":[],"score":450,"play_id":"e5783491-35b3-4663-84ed-3e553ec36b54","local_time":"20190107010709","is_ascension_mode":true,"campfire_choices":[{"data":"Zap","floor":6.0,"key":"SMITH"},{"data":"Machine Learning","floor":8.0,"key":"SMITH"},{"data":"White Noise","floor":13.0,"key":"SMITH"},{"data":"Ball Lightning","floor":15.0,"key":"SMITH"},{"floor":23,"key":"REST"}],"neow_cost":"NONE","seed_source_timestamp":0,"circlet_count":0,"master_deck":["AscendersBane","Strike_B","Strike_B","Defend_B","Defend_B","Defend_B","Defend_B","Zap+1","Dualcast","Sweeping Beam","Ball Lightning+1","Machine Learning+1","White Noise+1","Conserve Battery","Conserve Battery","Core Surge","BootSequence+1","RitualDagger","Self Repair","Meteor Strike","Leap"],"special_seed":0,"relics":["Cracked Core","Bronze Scales","Mercury Hourglass","Sozu","MutagenicStrength","Cables","Gremlin Horn"],"potions_floor_usage":[25,27],"damage_taken":[{"damage":0.0,"enemies":"Cultist","floor":1.0,"turns":3.0},{"damage":0.0,"enemies":"Small Slimes","floor":2.0,"turns":2.0},{"damage":1.0,"enemies":"2 Louse","floor":7.0,"turns":2.0},{"damage":5.0,"enemies":"2 Fungi Beasts","floor":11.0,"turns":3.0},{"damage":25.0,"enemies":"3 Sentries","floor":12.0,"turns":6.0},{"damage":0.0,"enemies":"Red Slaver","floor":14.0,"turns":3.0},{"damage":25.0,"enemies":"Slime Boss","floor":16.0,"turns":8.0},{"damage":25.0,"enemies":"Shell Parasite","floor":18.0,"turns":4.0},{"damage":4.0,"enemies":"2 Thieves","floor":21.0,"turns":3.0},{"damage":14,"enemies":"Colosseum Slavers","floor":22,"turns":3},{"damage":21,"enemies":"Slavers","floor":24,"turns":4},{"damage":11,"enemies":"Snake Plant","floor":25,"turns":4},{"damage":26,"enemies":"Book of Stabbing","floor":27,"turns":4}],"seed_played":"2372277404745340784","potions_obtained":[{"floor":7.0,"key":"SteroidPotion"},{"floor":11.0,"key":"SpeedPotion"},{"floor":12.0,"key":"Strength Potion"},{"floor":14.0,"key":"Energy Potion"}],"is_trial":false,"path_per_floor":["M","M","?","?","?","R","M","R","T","?","M","E","R","M","R","B",null,"M","?","?","M","?","R","E","M","T","E"],"character_chosen":"DEFECT","items_purchased":[],"campfire_rested":1,"item_purchase_floors":[],"current_hp_per_floor":[71,71,71,71,71,71,70,70,70,70,65,40,40,40,40,15,62,37,37,31,27,20,43,29,25,25,0],"gold":454,"neow_bonus":"TEN_PERCENT_HP_BONUS","is_prod":false,"is_daily":false,"chose_seed":false,"campfire_upgraded":4,"win_rate":0,"timestamp":1546790829,"path_taken":["M","?","?","?","?","R","?","R","T","?","M","E","R","M","R","BOSS","M","?","?","M","?","R","E","M","T","E"],"build_version":"2019-01-03v4","purchased_purges":0,"victory":false,"max_hp_per_floor":[78,78,78,78,78,78,78,78,78,78,78,78,78,78,78,78,78,78,78,78,78,78,78,78,78,78,78],"card_choices":[{"not_picked":["Leap","Chaos"],"picked":"Sweeping Beam","floor":1.0},{"not_picked":["Scrape","Cold Snap"],"picked":"Ball Lightning","floor":2.0},{"not_picked":["Turbo","Compile Driver"],"picked":"Machine Learning","floor":7.0},{"not_picked":["Aggregate","Barrage"],"picked":"White Noise","floor":11.0},{"not_picked":["Doom and Gloom","Turbo"],"picked":"Conserve Battery","floor":12.0},{"not_picked":["Leap","Rebound"],"picked":"Conserve Battery","floor":14.0},{"not_picked":["Machine Learning","Amplify"],"picked":"Core Surge","floor":16.0},{"not_picked":["Genetic Algorithm","Compile Driver"],"picked":"BootSequence+1","floor":18.0},{"not_picked":["Turbo","Barrage"],"picked":"Self Repair","floor":21.0},{"not_picked":["Beam Cell","Steam"],"picked":"Meteor Strike","floor":24},{"not_picked":["Rebound","Cold Snap"],"picked":"Leap","floor":25}],"player_experience":1012188,"relics_obtained":[{"floor":9.0,"key":"Bronze Scales"},{"floor":12.0,"key":"Mercury Hourglass"},{"floor":24,"key":"Cables"},{"floor":26,"key":"Gremlin Horn"}],"event_choices":[{"cards_removed":["Strike_B"],"damage_healed":0.0,"max_hp_gain":0.0,"max_hp_loss":0.0,"gold_gain":0.0,"event_name":"Living Wall","player_choice":"Forget","floor":3.0,"gold_loss":0.0,"damage_taken":0.0},{"damage_healed":0.0,"max_hp_gain":0.0,"max_hp_loss":0.0,"gold_gain":150.0,"event_name":"Liars Game","player_choice":"AGREE","floor":4.0,"gold_loss":0.0,"damage_taken":0.0,"cards_obtained":["Doubt"]},{"cards_removed":["Doubt"],"damage_healed":0.0,"max_hp_gain":0.0,"max_hp_loss":0.0,"gold_gain":0.0,"event_name":"Fountain of Cleansing","player_choice":"Removed Curses","floor":5.0,"gold_loss":0.0,"damage_taken":0.0},{"cards_removed":["Strike_B"],"damage_healed":0.0,"max_hp_gain":0.0,"max_hp_loss":0.0,"gold_gain":0.0,"event_name":"The Cleric","player_choice":"Card Removal","floor":10.0,"gold_loss":75.0,"damage_taken":0.0},{"damage_healed":0.0,"max_hp_gain":0.0,"max_hp_loss":0.0,"gold_gain":0.0,"event_name":"Drug Dealer","player_choice":"Inject Mutagens","floor":19.0,"gold_loss":0.0,"damage_taken":0.0,"relics_obtained":["MutagenicStrength"]},{"damage_healed":0.0,"max_hp_gain":0.0,"max_hp_loss":0.0,"gold_gain":0.0,"event_name":"Nest","player_choice":"Joined the Cult","floor":20.0,"gold_loss":0.0,"damage_taken":6.0,"cards_obtained":["RitualDagger"]},{"damage_healed":0,"gold_gain":0,"player_choice":"Fight","damage_taken":0,"max_hp_gain":0,"max_hp_loss":0,"event_name":"Colosseum","floor":22,"gold_loss":0},{"damage_healed":0,"gold_gain":0,"player_choice":"Fled From Nobs","damage_taken":0,"max_hp_gain":0,"max_hp_loss":0,"event_name":"Colosseum","floor":22,"gold_loss":0}],"is_beta":false,"boss_relics":[{"not_picked":["Velvet Choker","Empty Cage"],"picked":"Sozu"}],"items_purged_floors":[],"is_endless":false,"potions_floor_spawned":[7,11,12,14,18,25],"killed_by":"Book of Stabbing","ascension_level":19}