{"gold_per_floor":[112,37,37,51,51,62,62,72,72,85,85,45,58,78,78,179,179,190,190,190,204,34,34,0,0,0,12,12,12],"floor_reached":29,"playtime":1152,"items_purged":["Strike_G"],"score":215,"play_id":"de14e2ea-2424-4724-ab5e-fed74d75bac8","local_time":"20181021013343","is_ascension_mode":false,"campfire_choices":[{"data":"Caltrops","floor":11,"key":"SMITH"},{"data":"Noxious Fumes","floor":15,"key":"SMITH"},{"data":"Choke","floor":23,"key":"SMITH"},{"data":"Envenom","floor":25,"key":"SMITH"}],"neow_cost":"NONE","seed_source_timestamp":805833386784268,"circlet_count":0,"master_deck":["Defend_G","Defend_G","Defend_G","Defend_G","Strike_G","Strike_G","Strike_G","Strike_G","Survivor+1","Neutralize","Poisoned Stab+1","Outmaneuver","Blade Dance","Leg Sweep","Caltrops+1","Flechettes","Blade Dance","Noxious Fumes+1","Envenom+1","Infinite Blades+1","Choke+1","HandOfGreed"],"relics":["Coffee Dripper","Matryoshka","White Beast Statue","Ancient Tea Set","PreservedInsect","Strawberry"],"potions_floor_usage":[10,16,16,27],"damage_taken":[{"damage":0,"enemies":"Cultist","floor":1,"turns":5},{"damage":0,"enemies":"Jaw Worm","floor":4,"turns":3},{"damage":0,"enemies":"2 Louse","floor":6,"turns":3},{"damage":1,"enemies":"2 Fungi Beasts","floor":8,"turns":3},{"damage":0,"enemies":"Red Slaver","floor":10,"turns":4},{"damage":0,"enemies":"3 Louse","floor":13,"turns":3},{"damage":0,"enemies":"Large Slime","floor":14,"turns":5},{"damage":17,"enemies":"Hexaghost","floor":16,"turns":9},{"damage":12,"enemies":"Shell Parasite","floor":18,"turns":5},{"damage":7,"enemies":"Chosen","floor":21,"turns":5},{"damage":32,"enemies":"Snake Plant","floor":27,"turns":4},{"damage":0,"enemies":"Cultist and Chosen","floor":29,"turns":1}],"seed_played":"-4199662638413310991","potions_obtained":[{"floor":8,"key":"SkillPotion"},{"floor":13,"key":"GhostInAJar"},{"floor":14,"key":"Regen Potion"},{"floor":18,"key":"FearPotion"},{"floor":21,"key":"Explosive Potion"},{"floor":27,"key":"Energy Potion"}],"is_trial":false,"path_per_floor":["M","$","?","M","?","M","?","M","T","M","R","$","M","M","R","B",null,"M","?","?","M","$","R","?","R","T","M","$"],"character_chosen":"THE_SILENT","items_purchased":["Flechettes","HandOfGreed"],"campfire_rested":0,"item_purchase_floors":[12,22],"current_hp_per_floor":[70,70,70,70,63,63,49,48,48,48,48,48,48,48,48,46,70,58,58,45,38,38,38,38,38,45,13,13,13],"gold":12,"neow_bonus":"BOSS_RELIC","is_prod":false,"is_daily":false,"chose_seed":false,"campfire_upgraded":4,"win_rate":0.0,"timestamp":1540038823,"path_taken":["M","$","?","?","?","M","?","M","T","M","R","?","M","?","R","BOSS","M","?","?","M","$","R","?","R","T","M","?","M"],"build_version":"2018-10-18","purchased_purges":1,"victory":false,"max_hp_per_floor":[70,70,70,70,70,70,70,70,70,70,70,70,70,70,70,70,70,70,70,75,75,75,75,75,75,82,82,82,82],"card_choices":[{"not_picked":["Deadly Poison","Underhanded Strike"],"picked":"Poisoned Stab","floor":1},{"not_picked":["Dagger Spray","Prepared"],"picked":"Outmaneuver","floor":4},{"not_picked":["Tactician","Outmaneuver"],"picked":"Blade Dance","floor":6},{"not_picked":["Doppelganger","Sucker Punch"],"picked":"Leg Sweep","floor":8},{"not_picked":["Accuracy","Underhanded Strike"],"picked":"Caltrops","floor":10},{"not_picked":["Sucker Punch","Terror"],"picked":"Blade Dance","floor":13},{"not_picked":["Poisoned Stab","Eviscerate"],"picked":"Noxious Fumes","floor":14},{"not_picked":["Venomology","Grand Finale"],"picked":"Envenom","floor":16},{"not_picked":["Outmaneuver","Eviscerate"],"picked":"Infinite Blades+1","floor":18},{"not_picked":["Dagger Spray","Outmaneuver"],"picked":"Choke","floor":21},{"not_picked":["Outmaneuver","Flying Knee","Dodge and Roll"],"picked":"SKIP","floor":27}],"player_experience":152575,"relics_obtained":[{"floor":9,"key":"Matryoshka"},{"floor":26,"key":"PreservedInsect"},{"floor":26,"key":"Strawberry"}],"event_choices":[{"damage_healed":0,"gold_gain":0,"player_choice":"Leave","damage_taken":0,"max_hp_gain":0,"max_hp_loss":0,"event_name":"The Cleric","floor":3,"gold_loss":0},{"cards_removed":["Defend_G"],"damage_healed":0,"gold_gain":0,"player_choice":"Card Removal","damage_taken":7,"max_hp_gain":0,"max_hp_loss":0,"event_name":"Golden Wing","floor":5,"gold_loss":0},{"damage_healed":0,"gold_gain":0,"player_choice":"Entered Light","damage_taken":14,"max_hp_gain":0,"max_hp_loss":0,"event_name":"Shining Light","floor":7,"gold_loss":0,"cards_upgraded":["Survivor","Poisoned Stab"]},{"damage_healed":0,"gold_gain":0,"player_choice":"Opened","damage_taken":0,"relics_obtained":["Ancient Tea Set"],"max_hp_gain":0,"max_hp_loss":0,"event_name":"The Mausoleum","floor":19,"gold_loss":0},{"damage_healed":0,"gold_gain":0,"player_choice":"Shed Blood","damage_taken":18,"max_hp_gain":5,"max_hp_loss":0,"event_name":"Forgotten Altar","floor":20,"gold_loss":0},{"damage_healed":0,"gold_gain":0,"player_choice":"Paid Fearfully","damage_taken":0,"max_hp_gain":0,"max_hp_loss":0,"event_name":"Masked Bandits","floor":24,"gold_loss":34}],"is_beta":false,"boss_relics":[{"not_picked":["Orrery","Calling Bell"],"picked":"White Beast Statue"}],"items_purged_floors":[2],"is_endless":false,"potions_floor_spawned":[8,13,14,18,21,27],"killed_by":"Cultist and Chosen","ascension_level":0}