{"gold_per_floor":[112,162,162,63,63,63,76,76,76,107,107,121,121,148,148,221,221,221,221,221,98,48,48,48,48,48,48],"floor_reached":27,"playtime":415,"items_purged":["Defend_R"],"score":543,"play_id":"1fcdaa19-968a-4ca3-bbf8-ebe4cb74d7c8","local_time":"20180711003522","is_ascension_mode":true,"campfire_choices":[{"data":"Searing Blow+1","floor":6,"key":"SMITH"},{"data":"Searing Blow+2","floor":8,"key":"SMITH"},{"data":"Limit Break","floor":11,"key":"SMITH"},{"data":"Searing Blow+3","floor":15,"key":"SMITH"},{"data":"Armaments","floor":23,"key":"SMITH"},{"data":"Searing Blow+4","floor":25,"key":"SMITH"}],"neow_cost":"NONE","seed_source_timestamp":197276568112092,"circlet_count":0,"master_deck":["Strike_R","Strike_R","Strike_R","Strike_R+1","Strike_R","Defend_R","Defend_R","Defend_R","Bash","AscendersBane","Searing Blow+5","Shrug It Off+1","Ghostly Armor","Limit Break+1","Uppercut","Demon Form","Demon Form","Disarm","Heavy Blade","Armaments+1","Double Tap"],"relics":["Burning Blood","NeowsBlessing","Dodecahedron","Du-Vu Doll","Red Skull","Orichalcum","Ectoplasm","Molten Egg 2"],"potions_floor_usage":[18,24,27],"damage_taken":[{"damage":0,"enemies":"Small Slimes","floor":1,"turns":1},{"damage":0,"enemies":"Cultist","floor":7,"turns":1},{"damage":0,"enemies":"Lagavulin","floor":10,"turns":1},{"damage":2,"enemies":"Jaw Worm","floor":12,"turns":3},{"damage":21,"enemies":"Gremlin Nob","floor":14,"turns":4},{"damage":20,"enemies":"Hexaghost","floor":16,"turns":7},{"damage":6,"enemies":"Chosen","floor":18,"turns":4},{"damage":12,"enemies":"Shell Parasite","floor":20,"turns":5},{"damage":0,"enemies":"Gremlin Leader","floor":24,"turns":2},{"damage":80,"enemies":"Slavers","floor":27,"turns":5}],"seed_played":"5366493019075801741","potions_obtained":[{"floor":1,"key":"SmokeBomb"},{"floor":14,"key":"AttackPotion"},{"floor":18,"key":"BloodPotion"}],"is_trial":false,"path_per_floor":["M","?","?","$","?","R","M","R","T","E","R","M","?","E","R","B",null,"M","?","M","$","?","R","E","R","T"],"character_chosen":"IRONCLAD","items_purchased":["Shrug It Off","Armaments","Double Tap"],"campfire_rested":0,"item_purchase_floors":[4,21,21],"current_hp_per_floor":[74,74,74,74,51,51,57,57,57,63,63,67,62,47,47,33,65,65,65,59,59,59,59,65,65,65,0],"gold":48,"neow_bonus":"THREE_ENEMY_KILL","is_prod":false,"is_daily":false,"chose_seed":false,"campfire_upgraded":6,"win_rate":0,"timestamp":1531294522,"path_taken":["M","?","?","$","?","R","M","R","T","E","R","M","?","E","R","BOSS","M","?","?","$","?","R","E","R","T","E"],"build_version":"2018-07-09","purchased_purges":1,"victory":false,"max_hp_per_floor":[75,75,75,75,75,75,75,75,75,75,75,75,75,75,75,75,75,75,75,75,75,75,75,75,75,75,75],"card_choices":[{"not_picked":["Wild Strike","Headbutt"],"picked":"Searing Blow","floor":1},{"not_picked":["Clash","Warcry"],"picked":"Ghostly Armor","floor":7},{"not_picked":["Ghostly Armor","Thunderclap"],"picked":"Limit Break","floor":10},{"not_picked":["Flex","Cleave"],"picked":"Uppercut","floor":12},{"not_picked":["Armaments","Shrug It Off"],"picked":"Demon Form","floor":14},{"not_picked":["Exhume","Feed"],"picked":"Demon Form","floor":16},{"not_picked":["Iron Wave","Body Slam"],"picked":"Heavy Blade","floor":20}],"player_experience":578974,"relics_obtained":[{"floor":9,"key":"Dodecahedron"},{"floor":10,"key":"Du-Vu Doll"},{"floor":14,"key":"Orichalcum"},{"floor":26,"key":"Molten Egg 2"}],"event_choices":[{"event_name":"Golden Shrine","player_choice":"Pray","floor":2,"damage_taken":0},{"event_name":"Accursed Blacksmith","player_choice":"Forge","floor":3,"damage_taken":0},{"event_name":"Shining Light","player_choice":"Entered Light","floor":5,"damage_taken":0},{"event_name":"Scrap Ooze","player_choice":"success","floor":13,"damage_taken":5},{"event_name":"The Library","player_choice":"Read","floor":19,"damage_taken":0},{"event_name":"The Joust","player_choice":"Bet on Murderer","floor":22,"damage_taken":0}],"boss_relics":[{"not_picked":["Black Blood","Calling Bell"],"picked":"Ectoplasm"}],"items_purged_floors":[4],"is_endless":false,"potions_floor_spawned":[1,14,18],"killed_by":"Slavers","ascension_level":15}