{"gold_per_floor":[110,126,74,86,106,106,126,41,41,41,104,116,76],"floor_reached":13,"playtime":342,"items_purged":[],"score":142,"play_id":"5b81bd01-c36e-4b16-ad28-1e26bb3c5944","local_time":"20181010190058","is_ascension_mode":true,"campfire_choices":[{"data":"Perfected Strike","floor":6,"key":"SMITH"}],"neow_cost":"","seed_source_timestamp":3867388977566,"circlet_count":0,"master_deck":["Strike_R","Strike_R","Strike_R","Strike_R","Defend_R","Defend_R","Defend_R","Defend_R","Bash","AscendersBane","Carnage","Metallicize","Perfected Strike+1","Wild Strike","Wild Strike","Inflame","Disarm","Feed","Infernal Blade","Limit Break"],"relics":["Burning Blood","Gremlin Horn","Blood Vial"],"potions_floor_usage":[13],"damage_taken":[{"damage":10,"enemies":"Small Slimes","floor":1,"turns":3},{"damage":0,"enemies":"Cultist","floor":2,"turns":2},{"damage":13,"enemies":"Jaw Worm","floor":4,"turns":3},{"damage":20,"enemies":"Lots of Slimes","floor":5,"turns":5},{"damage":15,"enemies":"Red Slaver","floor":7,"turns":3},{"damage":20,"enemies":"3 Sentries","floor":11,"turns":5},{"damage":12,"enemies":"Blue Slaver","floor":12,"turns":5},{"damage":36,"enemies":"Exordium Thugs","floor":13,"turns":3}],"seed_played":"-2288810125841868540","potions_obtained":[{"floor":1,"key":"Swift Potion"},{"floor":2,"key":"Weak Potion"},{"floor":11,"key":"BloodPotion"}],"is_trial":false,"path_per_floor":["M","M","$","M","M","R","M","$","T","?","?","M"],"character_chosen":"IRONCLAD","items_purchased":["Perfected Strike","Disarm"],"campfire_rested":0,"item_purchase_floors":[3,8],"current_hp_per_floor":[64,70,70,63,49,49,40,40,40,40,26,22,0],"gold":76,"neow_bonus":"","is_prod":false,"is_daily":false,"chose_seed":false,"campfire_upgraded":1,"win_rate":0,"timestamp":1539190858,"path_taken":["M","M","$","M","M","R","M","$","T","?","?","M","?"],"build_version":"2018-10-04v2","purchased_purges":0,"victory":false,"max_hp_per_floor":[75,75,75,75,75,75,75,75,75,75,75,75,75],"card_choices":[{"not_picked":["Sword Boomerang","Inflame"],"picked":"Carnage","floor":1},{"not_picked":["Rage","Blood for Blood"],"picked":"Metallicize","floor":2},{"not_picked":["Iron Wave","Pummel"],"picked":"Wild Strike","floor":4},{"not_picked":["Warcry","Sword Boomerang"],"picked":"Wild Strike","floor":5},{"not_picked":["Corruption","Cleave"],"picked":"Inflame","floor":7},{"not_picked":["Fire Breathing","Havoc"],"picked":"Infernal Blade","floor":11},{"not_picked":["Shrug It Off","Iron Wave"],"picked":"Limit Break","floor":12}],"player_experience":949647,"relics_obtained":[{"floor":9,"key":"Gremlin Horn"},{"floor":11,"key":"Blood Vial"}],"event_choices":[{"event_name":"Transmorgrifier","player_choice":"Transform","floor":10,"damage_taken":0},{"event_name":"Dead Adventurer","player_choice":"Searched \u00272\u0027 times","floor":11,"damage_taken":0}],"is_beta":false,"boss_relics":[],"items_purged_floors":[],"is_endless":false,"potions_floor_spawned":[1,2,7,11],"killed_by":"Exordium Thugs","ascension_level":17}