{"gold_per_floor":[119,44,44,61,61,61,71,99,99,117,292,304,304,318,318,416,466,476,575,591,591,119,150,150,170,197,197,472,472,472,505,505,610,610,620,635,326,326,340,340,86,86,86,86,86,100,100,100,100,100],"floor_reached":51,"playtime":2457,"items_purged":["Strike_G","Strike_G"],"score":920,"play_id":"27579779-bfb9-4e5e-aa81-6b043ff1a684","local_time":"20180920115544","is_ascension_mode":true,"campfire_choices":[{"data":"Dagger Spray","floor":6,"key":"SMITH"},{"floor":13,"key":"REST"},{"data":"Leg Sweep","floor":15,"key":"SMITH"},{"data":"Flying Knee","floor":24,"key":"SMITH"},{"data":"Cloak And Dagger","floor":27,"key":"SMITH"},{"data":"Backstab","floor":30,"key":"SMITH"},{"data":"Masterful Stab","floor":32,"key":"SMITH"},{"data":"All Out Attack","floor":40,"key":"SMITH"},{"data":"PiercingWail","floor":45,"key":"SMITH"},{"data":"Blade Dance","floor":47,"key":"SMITH"},{"floor":49,"key":"REST"}],"neow_cost":"NONE","seed_source_timestamp":53081709475720,"circlet_count":0,"master_deck":["Defend_G","Defend_G","Defend_G","Defend_G","Defend_G","Strike_G","Strike_G","Survivor","Neutralize+1","Dagger Spray+1","Masterful Stab+1","Cloak And Dagger+1","Leg Sweep+1","Backstab+1","Flying Knee+1","Die Die Die","PiercingWail+1","Backflip+1","Footwork+1","Chrysalis","Dodge and Roll+1","Slice","Caltrops+1","After Image+1","Footwork+1","Infinite Blades+1","All Out Attack+1","Blade Dance+1","Panache+1","Dramatic Entrance","Magnetism+1","Shame"],"relics":["Ring of the Snake","Omamori","Pantograph","Mummified Hand","Pocketwatch","Tiny House","Frozen Egg 2","Lantern","The Courier","Bag of Preparation","Du-Vu Doll","Cursed Key","Shuriken","Ice Cream","Question Card"],"potions_floor_usage":[8,16,20,23,31,33,33,46],"damage_taken":[{"damage":0,"enemies":"Cultist","floor":1,"turns":4},{"damage":5,"enemies":"2 Louse","floor":4,"turns":3},{"damage":0,"enemies":"Small Slimes","floor":7,"turns":2},{"damage":18,"enemies":"Gremlin Nob","floor":8,"turns":5},{"damage":0,"enemies":"Red Slaver","floor":10,"turns":5},{"damage":0,"enemies":"2 Fungi Beasts","floor":12,"turns":3},{"damage":2,"enemies":"Exordium Thugs","floor":14,"turns":4},{"damage":33,"enemies":"Slime Boss","floor":16,"turns":13},{"damage":4,"enemies":"Shell Parasite","floor":18,"turns":8},{"damage":0,"enemies":"3 Byrds","floor":20,"turns":2},{"damage":7,"enemies":"Slavers","floor":23,"turns":7},{"damage":1,"enemies":"Centurion and Healer","floor":25,"turns":9},{"damage":0,"enemies":"Colosseum Slavers","floor":29,"turns":6},{"damage":1,"enemies":"Book of Stabbing","floor":31,"turns":6},{"damage":36,"enemies":"Automaton","floor":33,"turns":15},{"damage":2,"enemies":"Orb Walker","floor":35,"turns":4},{"damage":0,"enemies":"3 Shapes","floor":36,"turns":3},{"damage":6,"enemies":"Sphere and 2 Shapes","floor":39,"turns":5},{"damage":0,"enemies":"3 Darklings","floor":46,"turns":3},{"damage":22,"enemies":"Donu and Deca","floor":50,"turns":9}],"seed_played":"3516167491609355416","potions_obtained":[{"floor":7,"key":"SkillPotion"},{"floor":8,"key":"GhostInAJar"},{"floor":14,"key":"SkillPotion"},{"floor":17,"key":"LiquidBronze"},{"floor":18,"key":"SkillPotion"},{"floor":25,"key":"FearPotion"},{"floor":31,"key":"Fruit Juice"},{"floor":33,"key":"Poison Potion"},{"floor":39,"key":"GamblersBrew"}],"is_trial":false,"path_per_floor":["M","$","T","M","?","R","M","E","T","M","?","M","R","M","R","B",null,"M","?","M","T","$","E","R","M","T","R","?","?","R","E","R","B",null,"M","M","$","?","M","R","$","?","T","$","R","M","R","?","R","B"],"character_chosen":"THE_SILENT","items_purchased":["Footwork+1","Lantern","Chrysalis","Shuriken","Footwork+1","Infinite Blades+1","Ice Cream","Blade Dance"],"campfire_rested":2,"item_purchase_floors":[22,22,22,37,37,37,41,41],"current_hp_per_floor":[63,63,63,58,51,51,51,33,33,33,33,33,54,52,52,37,67,63,63,63,63,63,56,56,55,55,55,55,55,55,54,54,44,71,69,69,69,69,63,63,63,53,53,53,53,53,53,53,75,54],"gold":100,"neow_bonus":"RANDOM_COMMON_RELIC","is_prod":false,"is_daily":false,"chose_seed":false,"campfire_upgraded":9,"win_rate":0,"timestamp":1537437344,"path_taken":["M","$","?","M","?","R","M","E","T","?","?","M","R","M","R","BOSS","M","?","M","?","$","E","R","?","T","R","?","?","R","E","R","BOSS","M","?","?","?","M","R","$","?","T","$","R","?","R","?","R","BOSS"],"build_version":"2018-09-06","purchased_purges":2,"victory":true,"max_hp_per_floor":[70,70,70,70,70,70,70,70,70,70,70,70,70,70,70,70,75,75,75,75,75,75,75,75,75,75,75,75,75,75,75,75,80,80,80,80,80,80,80,80,80,80,80,80,80,80,80,76,76,76],"card_choices":[{"not_picked":["Poisoned Stab","Concentrate"],"picked":"Dagger Spray","floor":1},{"not_picked":["Endless Agony","Dagger Throw"],"picked":"Masterful Stab","floor":4},{"not_picked":["Finisher","Quick Slash","Outmaneuver"],"picked":"SKIP","floor":7},{"not_picked":["Concentrate","PiercingWail"],"picked":"Cloak And Dagger","floor":8},{"not_picked":["Well Laid Plans","Quick Slash"],"picked":"Leg Sweep","floor":10},{"not_picked":["Accuracy","Underhanded Strike"],"picked":"Backstab","floor":12},{"not_picked":["A Thousand Cuts","Poisoned Stab"],"picked":"Flying Knee","floor":14},{"not_picked":["Storm of Steel","Wraith Form v2"],"picked":"Die Die Die","floor":16},{"not_picked":["Acrobatics","Bane"],"picked":"PiercingWail","floor":17},{"not_picked":["Predator","PiercingWail"],"picked":"Backflip+1","floor":18},{"not_picked":["Outmaneuver","Bane","Riddle With Holes+1"],"picked":"SKIP","floor":20},{"not_picked":["PiercingWail","All Out Attack"],"picked":"Dodge and Roll+1","floor":23},{"not_picked":["Outmaneuver","Flying Knee"],"picked":"Slice","floor":25},{"not_picked":["Escape Plan","Storm of Steel"],"picked":"Caltrops+1","floor":31},{"not_picked":["Storm of Steel","Grand Finale"],"picked":"After Image+1","floor":33},{"not_picked":["Setup+1","Dagger Throw"],"picked":"Escape Plan","floor":35},{"not_picked":["Calculated Gamble+1","Slice+1","PiercingWail"],"picked":"SKIP","floor":36},{"not_picked":["Quick Slash","Crippling Poison"],"picked":"All Out Attack","floor":39},{"not_picked":["Blind","Bandage Up"],"picked":"Panache+1","floor":42},{"not_picked":["Enlightenment","PanicButton"],"picked":"Dramatic Entrance","floor":42},{"not_picked":["Good Instincts","Enlightenment"],"picked":"Magnetism+1","floor":42},{"not_picked":["Prepared","Finisher","Dagger Throw","Tactician+1"],"picked":"SKIP","floor":46}],"player_experience":623587,"relics_obtained":[{"floor":3,"key":"Pantograph"},{"floor":8,"key":"Mummified Hand"},{"floor":9,"key":"Pocketwatch"},{"floor":21,"key":"Frozen Egg 2"},{"floor":23,"key":"The Courier"},{"floor":26,"key":"Bag of Preparation"},{"floor":31,"key":"Du-Vu Doll"},{"floor":43,"key":"Question Card"}],"event_choices":[{"event_name":"Golden Wing","player_choice":"Card Removal","floor":5,"damage_taken":0},{"event_name":"Liars Game","player_choice":"agreed","floor":11,"damage_taken":0},{"event_name":"Nest","player_choice":"Stole From Cult","floor":19,"damage_taken":0},{"event_name":"Golden Shrine","player_choice":"Desecrate","floor":28,"damage_taken":0},{"event_name":"Colosseum","player_choice":"Fight","floor":29,"damage_taken":0},{"event_name":"Colosseum","player_choice":"Fled From Nobs","floor":29,"damage_taken":0},{"event_name":"Falling","player_choice":"Removed Skill","floor":38,"damage_taken":0},{"event_name":"SensoryStone","player_choice":"Memory 3","floor":42,"damage_taken":0},{"event_name":"Winding Halls","player_choice":"Max HP","floor":48,"damage_taken":0}],"is_beta":false,"boss_relics":[{"not_picked":["Pandora\u0027s Box","Snecko Eye"],"picked":"Tiny House"},{"not_picked":["Coffee Dripper","Eternal Feather"],"picked":"Cursed Key"}],"items_purged_floors":[2,22],"is_endless":false,"potions_floor_spawned":[7,8,14,18,25,31,33,39],"ascension_level":6}