{"gold_per_floor":[112,112,37,50,67,67,94,94,118,98,98,115,149,166,166,238,238,258,258,258,62,62,62,88,88,112,31,44,64,64,78,78,152,152,164,181,181,181,193,228,228,228,228,228,40,40,40,17,17,17],"floor_reached":50,"playtime":2017,"items_purged":["Strike_R","Brutality"],"score":1024,"play_id":"5023e6d5-10e4-42fc-9e01-4a2ed6e804ea","local_time":"20180712121933","is_ascension_mode":true,"campfire_choices":[{"data":"Armaments","floor":6.0,"key":"SMITH"},{"data":"Inflame","floor":8.0,"key":"SMITH"},{"data":"Iron Wave","floor":11.0,"key":"SMITH"},{"data":"Feel No Pain","floor":15.0,"key":"SMITH"},{"data":"Ghostly","floor":23.0,"key":"SMITH"},{"data":"Ghostly","floor":25.0,"key":"SMITH"},{"data":"Ghostly","floor":32.0,"key":"SMITH"},{"data":"Ghostly","floor":41.0,"key":"SMITH"},{"data":"Ghostly","floor":44.0,"key":"SMITH"},{"data":"Dual Wield","floor":46.0,"key":"SMITH"},{"data":"Barricade","floor":49,"key":"SMITH"}],"neow_cost":"NONE","seed_source_timestamp":0,"circlet_count":0,"master_deck":["Strike_R+1","Strike_R+1","Strike_R+1","Defend_R+1","Defend_R+1","Defend_R+1","Defend_R+1","Bash","AscendersBane","Armaments+1","Iron Wave+1","Iron Wave","Inflame+1","Infernal Blade","Feel No Pain+1","Heavy Blade","Barricade+1","Metallicize","Shrug It Off","Dual Wield+1","Flame Barrier","Ghostly+1","Ghostly+1","Ghostly+1","Ghostly+1","Ghostly+1","Shrug It Off","Entrench","Double Tap","Bludgeon","Bandage Up","Shrug It Off"],"special_seed":0,"relics":["Coffee Dripper","Boot","Anchor","Calipers","Orrery","Blood Vial","Art of War","Omamori","Cursed Key","Darkstone Periapt","Bottled Flame"],"potions_floor_usage":[50],"damage_taken":[{"damage":3.0,"enemies":"Small Slimes","floor":1.0,"turns":3.0},{"damage":0.0,"enemies":"2 Louse","floor":4.0,"turns":3.0},{"damage":0.0,"enemies":"Jaw Worm","floor":5.0,"turns":4.0},{"damage":12.0,"enemies":"Lagavulin","floor":7.0,"turns":8.0},{"damage":0.0,"enemies":"2 Fungi Beasts","floor":12.0,"turns":2.0},{"damage":9.0,"enemies":"Gremlin Nob","floor":13.0,"turns":3.0},{"damage":0.0,"enemies":"Gremlin Gang","floor":14.0,"turns":4.0},{"damage":0.0,"enemies":"Hexaghost","floor":16.0,"turns":9.0},{"damage":0.0,"enemies":"Spheric Guardian","floor":18.0,"turns":7.0},{"damage":2.0,"enemies":"Slavers","floor":24.0,"turns":12.0},{"damage":0.0,"enemies":"2 Thieves","floor":28.0,"turns":4.0},{"damage":4.0,"enemies":"Snake Plant","floor":29.0,"turns":8.0},{"damage":0.0,"enemies":"Snecko","floor":31.0,"turns":8.0},{"damage":2.0,"enemies":"Champ","floor":33.0,"turns":32.0},{"damage":0.0,"enemies":"3 Darklings","floor":35.0,"turns":14.0},{"damage":0.0,"enemies":"Flame Bruiser 1 Orb","floor":36.0,"turns":9.0},{"damage":4.0,"enemies":"Sphere and 2 Shapes","floor":39.0,"turns":11.0},{"damage":0.0,"enemies":"Nemesis","floor":40.0,"turns":11.0},{"damage":0.0,"enemies":"Spire Growth","floor":48.0,"turns":7.0},{"damage":50,"enemies":"Donu and Deca","floor":50,"turns":11}],"seed_played":"-3963212155295327775","potions_obtained":[{"floor":5.0,"key":"SkillPotion"},{"floor":7.0,"key":"SneckoOil"},{"floor":10.0,"key":"Explosive Potion"},{"floor":28.0,"key":"Block Potion"}],"is_trial":false,"path_per_floor":["M","?","$","M","M","R","E","R","T","?","R","M","E","M","R","B",null,"M","?","?","$","?","R","E","R","T","$","M","M","$","M","R","B",null,"M","M","?","?","M","E","R","?","T","R","$","R","$","$","R"],"character_chosen":"IRONCLAD","items_purchased":["Shrug It Off","Blood Vial","Entrench","Bandage Up","Shrug It Off"],"campfire_rested":0,"item_purchase_floors":[21,21,27,45,48],"current_hp_per_floor":[65,65,65,65,65,65,53,53,53,53,53,53,44,44,44,44,67,67,37,37,37,37,37,35,35,35,35,37,33,33,35,35,35,37,37,37,37,37,33,35,35,35,35,35,35,35,35,37,37,0],"gold":17,"neow_bonus":"BOSS_RELIC","is_prod":false,"is_daily":false,"chose_seed":false,"campfire_upgraded":11,"win_rate":0,"timestamp":1531423173,"path_taken":["M","?","$","M","M","R","E","R","T","?","R","M","E","M","R","BOSS","M","?","?","$","?","R","E","R","T","$","M","?","$","M","R","BOSS","M","M","?","?","?","E","R","?","T","R","$","R","$","?","R","BOSS"],"build_version":"2018-07-11","purchased_purges":2,"victory":false,"max_hp_per_floor":[75,75,75,75,75,75,75,75,75,75,75,75,75,75,75,75,75,75,37,37,37,37,37,37,37,37,37,37,37,37,37,37,37,37,37,37,37,37,37,37,37,37,37,37,37,37,37,37,37,37],"card_choices":[{"not_picked":["Thunderclap","Wild Strike"],"picked":"Armaments","floor":1.0},{"not_picked":["Havoc","Fire Breathing"],"picked":"Iron Wave","floor":4.0},{"not_picked":["Thunderclap","Combust"],"picked":"Iron Wave","floor":5.0},{"not_picked":["Clash","Evolve"],"picked":"Inflame","floor":7.0},{"not_picked":["Sword Boomerang","Brutality"],"picked":"Infernal Blade","floor":12.0},{"not_picked":["Reckless Charge","Thunderclap"],"picked":"Feel No Pain","floor":13.0},{"not_picked":["True Grit","Flex"],"picked":"Heavy Blade","floor":14.0},{"not_picked":["Double Tap","Exhume"],"picked":"Barricade","floor":16.0},{"not_picked":["Wild Strike","Anger"],"picked":"Metallicize","floor":17.0},{"not_picked":["Flex","Havoc"],"picked":"Shrug It Off","floor":17.0},{"not_picked":["Feel No Pain","Thunderclap"],"picked":"Dual Wield","floor":17.0},{"not_picked":["Burning Pact","Clash"],"picked":"Flame Barrier","floor":17.0},{"not_picked":["Wild Strike","Clash","Iron Wave"],"picked":"SKIP","floor":28.0},{"not_picked":["Immolate","Berserk"],"picked":"Double Tap","floor":33.0},{"not_picked":["Sword Boomerang","Thunderclap"],"picked":"Bludgeon","floor":40.0}],"player_experience":607611,"relics_obtained":[{"floor":7.0,"key":"Boot"},{"floor":9.0,"key":"Anchor"},{"floor":13.0,"key":"Calipers"},{"floor":24.0,"key":"Art of War"},{"floor":26.0,"key":"Omamori"},{"floor":40.0,"key":"Darkstone Periapt"},{"floor":43.0,"key":"Bottled Flame"}],"event_choices":[{"event_name":"Shining Light","player_choice":"Ignored","floor":2.0,"damage_taken":0.0},{"event_name":"The Woman in Blue","player_choice":"Bought 1 Potion","floor":10.0,"damage_taken":0.0},{"event_name":"Ghosts","player_choice":"Became a Ghost","floor":19.0,"damage_taken":0.0},{"event_name":"Back to Basics","player_choice":"Simplicity","floor":20.0,"damage_taken":0.0},{"event_name":"Beggar","player_choice":"Ignored","floor":22.0,"damage_taken":0.0},{"event_name":"Tomb of Lord Red Mask","player_choice":"Ignored","floor":37.0,"damage_taken":0.0},{"event_name":"Falling","player_choice":"Removed Attack","floor":38.0,"damage_taken":0.0},{"event_name":"Match and Keep!","player_choice":"1 cards matched","floor":42.0,"damage_taken":0.0}],"boss_relics":[{"not_picked":["Lizard Tail","Ectoplasm"],"picked":"Orrery"},{"not_picked":["Pandora\u0027s Box","Tiny House"],"picked":"Cursed Key"}],"items_purged_floors":[3,45],"is_endless":false,"potions_floor_spawned":[5,7,12,16,18,28,29,35,48],"killed_by":"Donu and Deca","ascension_level":15}