{"gold_per_floor":[110,66,81,94,172,172,222,222,222,240,259,317,55,15,15,15],"floor_reached":16,"playtime":4502,"items_purged":["Strike_R"],"score":200,"play_id":"3f22ab26-6c40-435d-9515-3dd7a4b6e01d","local_time":"20190121185402","is_ascension_mode":true,"campfire_choices":[{"data":"Bash","floor":6.0,"key":"SMITH"},{"data":"Clothesline","floor":8.0,"key":"SMITH"},{"data":"Armaments","floor":15,"key":"SMITH"}],"neow_cost":"NONE","seed_source_timestamp":789160881250631,"circlet_count":0,"master_deck":["AscendersBane","Strike_R","Strike_R","Strike_R","Strike_R","Defend_R","Defend_R","Defend_R","Defend_R","Bash+1","Clothesline+1","Metallicize","Limit Break","Shrug It Off","True Grit","Shrug It Off","Armaments+1","Flame Barrier"],"special_seed":0,"relics":["Burning Blood","Centennial Puzzle","Tiny Chest","Bag of Preparation"],"potions_floor_usage":[],"damage_taken":[{"damage":6.0,"enemies":"Cultist","floor":1.0,"turns":3.0},{"damage":1.0,"enemies":"Small Slimes","floor":3.0,"turns":4.0},{"damage":5.0,"enemies":"2 Louse","floor":4.0,"turns":4.0},{"damage":19.0,"enemies":"Exordium Thugs","floor":10.0,"turns":6.0},{"damage":9.0,"enemies":"Lots of Slimes","floor":11.0,"turns":5.0},{"damage":33.0,"enemies":"3 Sentries","floor":12.0,"turns":14.0},{"damage":3.0,"enemies":"Looter","floor":14.0,"turns":4.0},{"damage":33,"enemies":"Hexaghost","floor":16,"turns":15}],"seed_played":"-8919616910649149052","potions_obtained":[{"floor":4.0,"key":"LiquidBronze"},{"floor":11.0,"key":"Dexterity Potion"},{"floor":12.0,"key":"AttackPotion"}],"is_trial":false,"path_per_floor":["M","$","M","M","T","R","?","R","T","M","M","E","$","M","R","B"],"character_chosen":"IRONCLAD","items_purchased":["Metallicize","Bag of Preparation","Armaments"],"campfire_rested":0,"item_purchase_floors":[2,13,13],"current_hp_per_floor":[75,75,80,81,81,81,73,73,73,60,57,30,30,33,33,0],"gold":15,"neow_bonus":"TEN_PERCENT_HP_BONUS","is_prod":false,"is_daily":false,"chose_seed":false,"campfire_upgraded":3,"win_rate":0,"timestamp":1548057242,"path_taken":["M","$","M","M","?","R","?","R","T","M","M","E","$","M","R","BOSS"],"build_version":"2019-01-17v2","purchased_purges":1,"victory":false,"max_hp_per_floor":[82,82,82,82,82,82,82,82,82,82,82,82,82,82,82,82],"card_choices":[{"not_picked":["Warcry","Pummel"],"picked":"Clothesline","floor":1.0},{"not_picked":["Heavy Blade","Twin Strike"],"picked":"Limit Break","floor":3.0},{"not_picked":["Metallicize","Rupture"],"picked":"Shrug It Off","floor":4.0},{"not_picked":["Sword Boomerang","Flex"],"picked":"True Grit","floor":10.0},{"not_picked":["Rage","Infernal Blade","Burning Pact"],"picked":"SKIP","floor":11.0},{"not_picked":["Flex","Headbutt"],"picked":"Shrug It Off","floor":12.0},{"not_picked":["Armaments","Bloodletting"],"picked":"Flame Barrier","floor":14}],"player_experience":642202,"relics_obtained":[{"floor":9.0,"key":"Centennial Puzzle"},{"floor":12.0,"key":"Tiny Chest"}],"event_choices":[{"damage_healed":0.0,"max_hp_gain":0.0,"max_hp_loss":0.0,"gold_gain":50.0,"event_name":"FaceTrader","player_choice":"Touch","floor":7.0,"gold_loss":0.0,"damage_taken":8.0}],"is_beta":false,"boss_relics":[],"items_purged_floors":[13],"is_endless":false,"potions_floor_spawned":[4,11,12],"killed_by":"Hexaghost","ascension_level":20}