{"gold_per_floor":[111,126,73,87,87,87,108,108,132,153,153,171,171,196,196,321,321,345,385,457,15,29,29,42,42,65,65,106,121,136,157,157,278,278,296,518,518,537,102,135,156,156,156,179,215,37,56,74,74,74],"floor_reached":51,"playtime":2078,"items_purged":["Defend_B","Strike_B"],"score":773,"play_id":"88eeeaf4-1196-4698-b7b8-036476bf9b8d","local_time":"20190129175912","is_ascension_mode":false,"campfire_choices":[{"data":"Zap","floor":6.0,"key":"SMITH"},{"data":"Madness","floor":11.0,"key":"SMITH"},{"data":"Reinforced Body","floor":13.0,"key":"SMITH"},{"data":"Creative AI","floor":15.0,"key":"SMITH"},{"data":"Double Energy","floor":23.0,"key":"SMITH"},{"data":"Dualcast","floor":25.0,"key":"SMITH"},{"data":"Meteor Strike","floor":27.0,"key":"SMITH"},{"data":"Recycle","floor":32.0,"key":"SMITH"},{"data":"Buffer","floor":42,"key":"SMITH"},{"data":"Skim","floor":49,"key":"SMITH"}],"neow_cost":"NONE","seed_source_timestamp":857863418656,"circlet_count":0,"master_deck":["Strike_B","Strike_B","Strike_B","Defend_B","Defend_B+1","Defend_B","Zap+1","Dualcast+1","Madness+1","Reinforced Body+1","Double Energy+1","Ball Lightning","Leap+1","Cold Snap","Conserve Battery","Creative AI+1","Meteor Strike+1","Ball Lightning","Recycle+1","Echo Form","Buffer+1","Conserve Battery","Skim+1"],"special_seed":0,"relics":["Cracked Core","Golden Idol","Ancient Tea Set","Busted Crown","Red Mask","Bottled Tornado","Dead Branch","Oddly Smooth Stone","Omamori","Bag of Marbles","Eternal Feather","ClockworkSouvenir","Lantern","Mercury Hourglass","War Paint"],"potions_floor_usage":[40,40,50,50,50],"damage_taken":[{"damage":6.0,"enemies":"Cultist","floor":1.0,"turns":3.0},{"damage":0.0,"enemies":"Small Slimes","floor":2.0,"turns":2.0},{"damage":1.0,"enemies":"2 Louse","floor":4.0,"turns":3.0},{"damage":10.0,"enemies":"Exordium Thugs","floor":7.0,"turns":4.0},{"damage":0.0,"enemies":"Exordium Wildlife","floor":10.0,"turns":4.0},{"damage":6.0,"enemies":"Looter","floor":12.0,"turns":3.0},{"damage":0.0,"enemies":"Lots of Slimes","floor":14.0,"turns":4.0},{"damage":15.0,"enemies":"Slime Boss","floor":16.0,"turns":7.0},{"damage":0.0,"enemies":"Spheric Guardian","floor":18.0,"turns":4.0},{"damage":19.0,"enemies":"Masked Bandits","floor":19.0,"turns":5.0},{"damage":2.0,"enemies":"3 Byrds","floor":22.0,"turns":4.0},{"damage":0.0,"enemies":"Snake Plant","floor":24.0,"turns":3.0},{"damage":28.0,"enemies":"Slavers","floor":28.0,"turns":7.0},{"damage":15.0,"enemies":"Shelled Parasite and Fungi","floor":29.0,"turns":6.0},{"damage":4.0,"enemies":"Cultist and Chosen","floor":30.0,"turns":5.0},{"damage":0.0,"enemies":"Centurion and Healer","floor":31.0,"turns":4.0},{"damage":57.0,"enemies":"Automaton","floor":33.0,"turns":11.0},{"damage":6.0,"enemies":"Orb Walker","floor":35.0,"turns":5.0},{"damage":6.0,"enemies":"3 Shapes","floor":38.0,"turns":5.0},{"damage":2,"enemies":"Nemesis","floor":40,"turns":9},{"damage":0,"enemies":"Spire Growth","floor":41,"turns":6},{"damage":0,"enemies":"Transient","floor":44,"turns":5},{"damage":0,"enemies":"Giant Head","floor":45,"turns":9},{"damage":3,"enemies":"4 Shapes","floor":47,"turns":4},{"damage":0,"enemies":"Writhing Mass","floor":48,"turns":7},{"damage":19,"enemies":"Donu and Deca","floor":50,"turns":7}],"seed_played":"4144689296728574110","potions_obtained":[{"floor":1.0,"key":"Fire Potion"},{"floor":8.0,"key":"Fruit Juice"},{"floor":8.0,"key":"Dexterity Potion"},{"floor":8.0,"key":"SpeedPotion"},{"floor":12.0,"key":"Regen Potion"},{"floor":19.0,"key":"Energy Potion"},{"floor":29.0,"key":"Energy Potion"},{"floor":30.0,"key":"Regen Potion"},{"floor":33.0,"key":"Swift Potion"},{"floor":38.0,"key":"EntropicBrew"},{"floor":40,"key":"FocusPotion"}],"is_trial":false,"path_per_floor":["M","M","$","M","?","R","M","?","T","M","R","M","R","M","R","B",null,"M","?","T","$","M","R","M","R","T","R","E","M","M","M","R","B",null,"M","?","?","M","$","E","M","R","T","M","E","$","M","M","R","B",null],"character_chosen":"DEFECT","items_purchased":["Ball Lightning","Dead Branch","Oddly Smooth Stone","Buffer","ClockworkSouvenir","Ancient Potion"],"campfire_rested":0,"item_purchase_floors":[3,21,21,39,39,46],"current_hp_per_floor":[69,69,69,68,50,50,40,45,45,45,45,39,39,39,39,24,80,80,61,61,61,59,59,59,59,59,59,31,16,12,12,12,10,80,74,74,66,60,60,58,58,70,70,70,70,70,67,67,79,60],"gold":74,"neow_bonus":"RANDOM_COLORLESS","is_prod":false,"is_daily":false,"chose_seed":false,"campfire_upgraded":10,"win_rate":0,"timestamp":1548806352,"path_taken":["M","M","$","?","?","R","M","?","T","?","R","M","R","M","R","BOSS","M","?","?","$","M","R","M","R","T","R","E","M","?","M","R","BOSS","M","?","?","?","$","E","M","R","T","M","E","$","M","M","R","BOSS"],"build_version":"2019-01-23","purchased_purges":2,"victory":true,"max_hp_per_floor":[75,75,75,75,75,75,75,80,80,80,80,80,80,80,80,80,80,80,80,80,80,80,80,80,80,80,80,80,80,80,80,80,80,80,80,80,80,80,80,80,80,80,80,80,80,80,80,80,80,80],"card_choices":[{"not_picked":["Darkness","Sweeping Beam"],"picked":"Reinforced Body","floor":1.0},{"not_picked":["Force Field","Steam"],"picked":"Double Energy","floor":2.0},{"not_picked":["Barrage","Sweeping Beam"],"picked":"Leap","floor":4.0},{"not_picked":["Static Discharge","Darkness"],"picked":"Cold Snap","floor":7.0},{"not_picked":["Doom and Gloom","Turbo","Sunder"],"picked":"SKIP","floor":10.0},{"not_picked":["Turbo","Leap"],"picked":"Conserve Battery","floor":12.0},{"not_picked":["Streamline","Compile Driver"],"picked":"Creative AI","floor":14.0},{"not_picked":["Fission","Thunder Strike"],"picked":"Meteor Strike","floor":16.0},{"not_picked":[],"picked":"Ball Lightning","floor":18.0},{"not_picked":["Sweeping Beam+1"],"picked":"SKIP","floor":22.0},{"not_picked":["Lockon"],"picked":"SKIP","floor":24.0},{"not_picked":["Recycle"],"picked":"SKIP","floor":28.0},{"not_picked":[],"picked":"Recycle","floor":28.0},{"not_picked":["Turbo+1"],"picked":"SKIP","floor":29.0},{"not_picked":["Turbo"],"picked":"SKIP","floor":30.0},{"not_picked":["Steam"],"picked":"SKIP","floor":31.0},{"not_picked":[],"picked":"Echo Form","floor":33.0},{"not_picked":["Streamline"],"picked":"SKIP","floor":35.0},{"not_picked":["Beam Cell"],"picked":"SKIP","floor":38.0},{"not_picked":["Reprogram"],"picked":"SKIP","floor":40},{"not_picked":["Streamline+1"],"picked":"SKIP","floor":41},{"not_picked":["Beam Cell+1"],"picked":"SKIP","floor":44},{"not_picked":[],"picked":"Conserve Battery","floor":45},{"not_picked":["Beam Cell+1"],"picked":"SKIP","floor":47},{"not_picked":[],"picked":"Skim","floor":48}],"player_experience":669664,"relics_obtained":[{"floor":9.0,"key":"Ancient Tea Set"},{"floor":19.0,"key":"Red Mask"},{"floor":20.0,"key":"Bottled Tornado"},{"floor":26.0,"key":"Omamori"},{"floor":28.0,"key":"Bag of Marbles"},{"floor":40,"key":"Lantern"},{"floor":43,"key":"Mercury Hourglass"},{"floor":45,"key":"War Paint"}],"event_choices":[{"damage_healed":0.0,"max_hp_gain":0.0,"max_hp_loss":0.0,"gold_gain":0.0,"event_name":"Golden Idol","player_choice":"Take Damage","floor":5.0,"gold_loss":0.0,"damage_taken":18.0,"relics_obtained":["Golden Idol"]},{"damage_healed":0.0,"max_hp_gain":0.0,"max_hp_loss":0.0,"gold_gain":0.0,"event_name":"Lab","player_choice":"Got Potions","floor":8.0,"gold_loss":0.0,"damage_taken":0.0},{"damage_healed":0.0,"max_hp_gain":0.0,"max_hp_loss":0.0,"gold_gain":0.0,"event_name":"Masked Bandits","player_choice":"Fought Bandits","floor":19.0,"gold_loss":0.0,"damage_taken":0.0},{"damage_healed":0.0,"max_hp_gain":0.0,"max_hp_loss":0.0,"gold_gain":222.0,"event_name":"Tomb of Lord Red Mask","player_choice":"Wore Mask","floor":36.0,"gold_loss":0.0,"damage_taken":0.0},{"damage_healed":0.0,"max_hp_gain":0.0,"max_hp_loss":0.0,"gold_gain":0.0,"event_name":"Wheel of Change","player_choice":"Damaged","floor":37.0,"gold_loss":0.0,"damage_taken":8.0}],"is_beta":false,"boss_relics":[{"not_picked":["Sozu","Calling Bell"],"picked":"Busted Crown"},{"not_picked":["White Beast Statue","Tiny House"],"picked":"Eternal Feather"}],"items_purged_floors":[39,46],"is_endless":false,"potions_floor_spawned":[1,12,14,19,29,30,33,38,40,47,48],"ascension_level":0}