{"path_per_floor":["M","?","?","M","$","R","E","R","T","T","R","M","$","?","R","B",null,"M","?","M","$","?","R","E","R","T","?","?","M","M","T","R","B",null,"M","M","$","M","T","R","M","R","T","M","M","?","?","M","R"],"character_chosen":"IRONCLAD","items_purchased":["Shrug It Off","Inflame","Strength Potion","Fire Potion","War Paint","Body Slam"],"gold_per_floor":[112,112,112,128,3,3,38,38,38,62,62,82,7,107,107,209,209,219,219,232,32,32,32,61,61,61,61,61,73,85,85,85,190,190,208,226,21,39,39,39,54,54,54,70,80,80,132,151,151],"floor_reached":50,"campfire_rested":3,"playtime":2574,"current_hp_per_floor":[80,64,64,73,73,73,79,79,79,79,79,86,86,86,86,32,89,89,89,95,95,95,95,56,84,84,84,84,98,77,77,101,37,104,93,84,84,72,72,72,77,77,77,89,96,113,51,40,74],"items_purged":["Strike_R","Strike_R"],"gold":151,"score":630,"play_id":"48bd0e9a-d714-4068-bd41-34b170f32dd7","local_time":"20180311124954","is_prod":false,"is_daily":false,"is_ascension_mode":true,"campfire_upgraded":7,"timestamp":1520768994,"path_taken":["M","?","?","M","$","R","E","R","T","?","R","M","?","?","R","BOSS","M","?","?","$","?","R","E","R","T","?","?","M","M","?","R","BOSS","M","M","$","M","?","R","M","R","T","M","M","?","?","M","R","BOSS"],"build_version":"2018-03-09","purchased_purges":2,"victory":false,"master_deck":["Strike_R+1","Strike_R+1","Defend_R+1","Defend_R+1","Defend_R","Defend_R","Bash","Metallicize+1","Feed","Shrug It Off","Inflame+1","Rampage+1","Heavy Blade+1","Reaper","Flame Barrier+1","True Grit+1","Twin Strike","Seeing Red","Body Slam+1","Headbutt","Shrug It Off+1","Juggernaut","Ghostly Armor","Battle Trance"],"max_hp_per_floor":[80,80,80,83,83,83,83,83,83,83,83,86,86,86,86,89,89,92,92,95,95,95,95,95,95,95,95,95,98,101,101,101,104,104,104,107,107,107,107,107,107,107,107,110,113,113,116,116,116],"relics":["Burning Blood","NeowsBlessing","Toolbox","Art of War","Ancient Tea Set","Velvet Choker","Gambling Chip","Gremlin Horn","Omamori","Bottled Flame","Sozu","War Paint","Charon\u0027s Ashes","Orichalcum","Unceasing Top"],"card_choices":[{"not_picked":["Pummel","Fire Breathing"],"picked":"Metallicize"},{"not_picked":["Reaper","Cleave"],"picked":"Rampage"},{"not_picked":["Pommel Strike","Havoc"],"picked":"Heavy Blade"},{"not_picked":["Exhume","Feed"],"picked":"Reaper"},{"not_picked":["Anger","Shrug It Off"],"picked":"Flame Barrier"},{"not_picked":["Warcry","Searing Blow"],"picked":"True Grit"},{"not_picked":["Berserk","Dropkick"],"picked":"Twin Strike"},{"not_picked":["Entrench","Hemokinesis"],"picked":"Seeing Red"},{"not_picked":["Perfected Strike","Carnage"],"picked":"Headbutt"},{"not_picked":["Searing Blow","Spot Weakness"],"picked":"Shrug It Off"},{"not_picked":["Sword Boomerang","Seeing Red"],"picked":"Juggernaut"},{"not_picked":["Whirlwind","Anger"],"picked":"Ghostly Armor"},{"not_picked":["True Grit","Burning Pact"],"picked":"Battle Trance"}],"player_experience":196726,"potions_floor_usage":[16,20,24,24,29,36],"damage_taken":[{"damage":0,"enemies":"Jaw Worm","floor":1,"turns":1},{"damage":0,"enemies":"2 Louse","floor":4,"turns":1},{"damage":0,"enemies":"Gremlin Nob","floor":7,"turns":1},{"damage":1,"enemies":"Cultist","floor":12,"turns":6},{"damage":63,"enemies":"Hexaghost","floor":16,"turns":10},{"damage":9,"enemies":"Shell Parasite","floor":18,"turns":5},{"damage":0,"enemies":"3 Byrds","floor":20,"turns":3},{"damage":53,"enemies":"Gremlin Leader","floor":24,"turns":8},{"damage":0,"enemies":"3 Cultists","floor":29,"turns":4},{"damage":37,"enemies":"Chosen and Byrds","floor":30,"turns":7},{"damage":77,"enemies":"Champ","floor":33,"turns":13},{"damage":17,"enemies":"3 Darklings","floor":35,"turns":4},{"damage":18,"enemies":"3 Shapes","floor":36,"turns":5},{"damage":23,"enemies":"Maw","floor":38,"turns":9},{"damage":13,"enemies":"3 Darklings","floor":41,"turns":5},{"damage":7,"enemies":"Sphere and 2 Shapes","floor":44,"turns":5},{"damage":2,"enemies":"4 Shapes","floor":45,"turns":6},{"damage":71,"enemies":"Sphère mystérieuse","floor":47,"turns":6},{"damage":21,"enemies":"Maw","floor":48,"turns":8},{"damage":82,"enemies":"Time Eater","floor":50,"turns":11}],"event_choices":[{"event_name":"Shining Light","player_choice":"Entered Light","floor":2,"damage_taken":0},{"event_name":"Living Wall","player_choice":"Change","floor":3,"damage_taken":0},{"event_name":"Golden Shrine","player_choice":"Pray","floor":14,"damage_taken":0},{"event_name":"The Mausoleum","player_choice":"Yes","floor":19,"damage_taken":0},{"event_name":"Back to Basics","player_choice":"Elegance","floor":22,"damage_taken":0},{"event_name":"Beggar","player_choice":"Ignored","floor":27,"damage_taken":0},{"event_name":"Forgotten Altar","player_choice":"Smashed Altar","floor":28,"damage_taken":0},{"event_name":"Winding Halls","player_choice":"Writhe","floor":46,"damage_taken":0},{"event_name":"Mysterious Sphere","player_choice":"Fight","floor":47,"damage_taken":0}],"boss_relics":[{"not_picked":["Tiny House","Ectoplasm"],"picked":"Velvet Choker"},{"not_picked":["Eternal Feather","Snecko Eye"],"picked":"Sozu"}],"potions_floor_spawned":[1,18,20,33,36,41,44,45],"seed_played":"-5423966837335824071","killed_by":"Time Eater","ascension_level":4,"is_trial":false}