{"gold_per_floor":[218,237,237,237,253,253,276,276,276,46,67,85,85,125,125,254,254,242,367,392,40,64,64,77,93,93,93,93,107,131,31,31,31],"floor_reached":33,"playtime":1325,"items_purged":["Defend_R","Strike_R"],"score":351,"play_id":"a1095a57-f9af-4404-8a1d-c723ff2263c1","local_time":"20190201130444","is_ascension_mode":false,"campfire_choices":[{"data":"Shockwave","floor":6.0,"key":"SMITH"},{"data":"Clothesline","floor":13,"key":"SMITH"},{"data":"Bash","floor":15,"key":"SMITH"},{"data":"1","floor":23,"key":"LIFT"},{"data":"2","floor":28,"key":"LIFT"},{"data":"3","floor":32,"key":"LIFT"}],"neow_cost":"NONE","seed_source_timestamp":0,"circlet_count":0,"master_deck":["Strike_R","Strike_R","Strike_R","Strike_R","Defend_R+1","Defend_R","Defend_R+1","Bash+1","Shockwave+1","Flame Barrier+1","Clothesline+1","Shrug It Off","Corruption+1","Power Through","Sentinel","Demon Form","Twin Strike+1","Pummel+1","Headbutt+1","Flame Barrier+1","True Grit+1","Burning Pact","Whirlwind+1","Rampage+1","Corruption"],"special_seed":0,"relics":["Burning Blood","Golden Idol","War Paint","Sundial","Juzu Bracelet","Molten Egg 2","Runic Dome","Girya","Bottled Lightning","Red Skull","DollysMirror","Mercury Hourglass"],"potions_floor_usage":[11,16,19],"damage_taken":[{"damage":3.0,"enemies":"2 Louse","floor":1.0,"turns":4.0},{"damage":2.0,"enemies":"Small Slimes","floor":2.0,"turns":4.0},{"damage":2.0,"enemies":"Cultist","floor":5.0,"turns":6.0},{"damage":7.0,"enemies":"Exordium Thugs","floor":7.0,"turns":7.0},{"damage":0,"enemies":"Gremlin Gang","floor":11,"turns":6},{"damage":0,"enemies":"Large Slime","floor":12,"turns":5},{"damage":30,"enemies":"Gremlin Nob","floor":14,"turns":5},{"damage":31,"enemies":"The Guardian","floor":16,"turns":17},{"damage":1,"enemies":"2 Thieves","floor":18,"turns":4},{"damage":12,"enemies":"Colosseum Slavers","floor":19,"turns":5},{"damage":22,"enemies":"Colosseum Nobs","floor":19,"turns":6},{"damage":22,"enemies":"Chosen","floor":20,"turns":5},{"damage":7,"enemies":"Snake Plant","floor":22,"turns":3},{"damage":0,"enemies":"Cultist and Chosen","floor":24,"turns":4},{"damage":0,"enemies":"Chosen and Byrds","floor":25,"turns":3},{"damage":6,"enemies":"Snecko","floor":29,"turns":4},{"damage":0,"enemies":"3 Cultists","floor":30,"turns":3},{"damage":57,"enemies":"Automaton","floor":33,"turns":8}],"seed_played":"8035401167177129628","potions_obtained":[{"floor":2.0,"key":"Explosive Potion"},{"floor":5.0,"key":"Energy Potion"},{"floor":12,"key":"Ancient Potion"},{"floor":14,"key":"Weak Potion"},{"floor":18,"key":"Poison Potion"},{"floor":20,"key":"SteroidPotion"}],"is_trial":false,"path_per_floor":["M","M","?","?","M","R","M","T","T","$","M","M","R","E","R","B",null,"M","?","M","$","M","R","M","M","T","?","R","M","M","$","R","B"],"character_chosen":"IRONCLAD","items_purchased":["Juzu Bracelet","Red Skull","DollysMirror"],"campfire_rested":0,"item_purchase_floors":[10,21,21],"current_hp_per_floor":[80,80,74,74,74,74,73,73,73,73,74,74,74,50,50,25,74,74,52,36,36,35,35,41,47,47,47,47,47,53,53,53,0],"gold":31,"neow_bonus":"HUNDRED_GOLD","is_prod":false,"is_daily":false,"chose_seed":false,"campfire_upgraded":3,"win_rate":0,"timestamp":1549047884,"path_taken":["M","M","?","?","?","R","M","?","T","$","M","M","R","E","R","BOSS","M","?","M","$","M","R","M","M","T","?","R","M","M","$","R","BOSS"],"build_version":"2019-01-23","purchased_purges":2,"victory":false,"max_hp_per_floor":[80,80,74,74,74,74,74,74,74,74,74,74,74,74,74,74,74,74,74,74,74,74,74,74,74,74,74,74,74,74,74,74,74],"card_choices":[{"not_picked":["Thunderclap","Havoc"],"picked":"Shockwave","floor":1.0},{"not_picked":["Inflame","Sentinel"],"picked":"Flame Barrier","floor":2.0},{"not_picked":["Havoc","Perfected Strike"],"picked":"Clothesline","floor":5.0},{"not_picked":["Evolve","Infernal Blade"],"picked":"Shrug It Off","floor":7.0},{"not_picked":["Dropkick","Havoc"],"picked":"Corruption","floor":11},{"not_picked":["Perfected Strike","Sword Boomerang"],"picked":"Power Through","floor":12},{"not_picked":["Fiend Fire","Anger"],"picked":"Sentinel","floor":14},{"not_picked":["Limit Break","Feed+1"],"picked":"Demon Form","floor":16},{"not_picked":["Thunderclap+1","Bloodletting+1"],"picked":"Twin Strike+1","floor":18},{"not_picked":["Rage+1","Anger+1"],"picked":"Pummel+1","floor":19},{"not_picked":["Body Slam+1","Rupture"],"picked":"Headbutt+1","floor":20},{"not_picked":["Anger+1","Headbutt+1"],"picked":"True Grit+1","floor":22},{"not_picked":["Twin Strike+1","Combust"],"picked":"Burning Pact","floor":24},{"not_picked":["Clash+1","Body Slam+1"],"picked":"Whirlwind+1","floor":25},{"not_picked":["Havoc","True Grit"],"picked":"Rampage+1","floor":29},{"not_picked":["Dual Wield","Rage+1"],"picked":"Corruption","floor":30}],"player_experience":691196,"relics_obtained":[{"floor":8.0,"key":"War Paint"},{"floor":9.0,"key":"Sundial"},{"floor":14,"key":"Molten Egg 2"},{"floor":19,"key":"Girya"},{"floor":19,"key":"Bottled Lightning"},{"floor":26,"key":"Mercury Hourglass"}],"event_choices":[{"damage_healed":0.0,"max_hp_gain":0.0,"max_hp_loss":6.0,"gold_gain":0.0,"event_name":"Golden Idol","player_choice":"Lose Max HP","floor":3.0,"gold_loss":0.0,"damage_taken":0.0,"relics_obtained":["Golden Idol"]},{"damage_healed":0.0,"max_hp_gain":0.0,"max_hp_loss":0.0,"gold_gain":0.0,"event_name":"Upgrade Shrine","player_choice":"Upgraded","floor":4.0,"gold_loss":0.0,"damage_taken":0.0,"cards_upgraded":["Flame Barrier"]},{"damage_healed":0,"gold_gain":0,"player_choice":"Fight","damage_taken":0,"max_hp_gain":0,"max_hp_loss":0,"event_name":"Colosseum","floor":19,"gold_loss":0},{"damage_healed":0,"gold_gain":0,"player_choice":"Fought Nobs","damage_taken":0,"max_hp_gain":0,"max_hp_loss":0,"event_name":"Colosseum","floor":19,"gold_loss":0},{"damage_healed":0,"gold_gain":0,"player_choice":"Upgraded","damage_taken":0,"max_hp_gain":0,"max_hp_loss":0,"event_name":"Upgrade Shrine","floor":27,"gold_loss":0,"cards_upgraded":["Corruption"]}],"is_beta":false,"boss_relics":[{"not_picked":["Black Blood","White Beast Statue"],"picked":"Runic Dome"}],"items_purged_floors":[10,31],"is_endless":false,"potions_floor_spawned":[2,5,12,14,18,19,20],"killed_by":"Automaton","ascension_level":0}