{"path_per_floor":["M","$","M","M","M","E","R","M","T","?","$","R","M","?","R","B",null,"M","M","?","?","M","E","R","E","T","?","R","$","M","M","R","B",null,"M","?","M","M","?","T","M","?","T","R","M","$","R","M","R"],"character_chosen":"THE_SILENT","items_purchased":["Slice","Accuracy","Cloak And Dagger","Backstab","Vajra","Blade Dance","Block Potion"],"gold_per_floor":[112,7,25,38,55,90,90,108,132,132,6,6,26,126,126,227,227,245,257,257,182,196,225,225,257,284,284,284,62,75,85,85,181,181,194,194,204,217,217,217,236,236,284,284,304,84,84,101,101],"floor_reached":50,"campfire_rested":6,"playtime":7929,"current_hp_per_floor":[67,67,67,65,51,35,56,52,52,52,52,52,52,52,52,46,70,70,60,60,60,52,17,38,48,48,48,69,67,58,39,59,5,67,67,67,67,44,44,44,37,37,37,57,37,37,57,57,57],"items_purged":["Parasite","Writhe"],"gold":101,"score":560,"play_id":"be129113-ea2a-4187-818d-8a8ab250b960","local_time":"20180322123058","is_prod":false,"is_daily":false,"is_ascension_mode":true,"campfire_upgraded":3,"timestamp":1521718258,"path_taken":["M","$","M","M","M","E","R","M","T","?","?","R","M","?","R","BOSS","M","M","?","?","?","E","R","E","T","?","R","$","M","M","R","BOSS","M","?","?","M","?","?","M","?","T","R","M","$","R","M","R","BOSS"],"build_version":"2018-03-15v3","purchased_purges":2,"victory":false,"master_deck":["Survivor","Neutralize","Unload","Quick Slash","Slice","Accuracy+1","Leg Sweep","Deflect","Poisoned Stab","Slice","Deflect","Cloak And Dagger","Backstab","Cloak And Dagger+1","Venomology","Deflect+1","Backflip","Sucker Punch","Cloak And Dagger","Dagger Spray","Caltrops","Deadly Poison+1","Dodge and Roll","Outmaneuver","Acrobatics","Accuracy+1","Cloak And Dagger","Deadly Poison","Finisher","Cloak And Dagger+1","PiercingWail","Flying Knee","Neutralize","Cloak And Dagger+1","Infinite Blades+1","Storm of Steel","PiercingWail","Accuracy+1","Dagger Spray+1","Bane","Injury","Finisher","Blade Dance+1","Dash+1","Deflect+1","Blade Dance","Cloak And Dagger+1"],"max_hp_per_floor":[70,70,70,70,70,70,70,70,70,70,70,70,70,70,70,70,70,70,70,70,70,70,70,70,70,70,70,70,67,67,67,67,67,67,67,67,67,67,67,67,67,67,67,67,67,67,67,67,67],"relics":["Ring of the Snake","Gambling Chip","Bronze Scales","Pandora\u0027s Box","Toolbox","War Paint","Prayer Wheel","Oddly Smooth Stone","Vajra","Cursed Key","Shovel","Happy Flower"],"card_choices":[{"not_picked":["Distraction","Concentrate"],"picked":"Quick Slash"},{"not_picked":["Catalyst","Cloak And Dagger"],"picked":"Leg Sweep"},{"not_picked":["Prepared","Skewer"],"picked":"Deflect"},{"not_picked":["After Image","Flying Knee"],"picked":"Poisoned Stab"},{"not_picked":["Outmaneuver","Bane"],"picked":"Slice"},{"not_picked":["Masterful Stab","Crippling Poison"],"picked":"Cloak And Dagger"},{"not_picked":["Phantasmal Killer","Glass Knife"],"picked":"Venomology"},{"not_picked":["Finisher","Slice"],"picked":"Accuracy"},{"not_picked":["Setup","Underhanded Strike"],"picked":"Cloak And Dagger"},{"not_picked":["Underhanded Strike","Slice"],"picked":"Deadly Poison"},{"not_picked":["Dagger Spray","Backflip"],"picked":"Finisher"},{"not_picked":["Burst","Blade Dance"],"picked":"Cloak And Dagger"},{"not_picked":["Acrobatics","Dodge and Roll"],"picked":"PiercingWail"},{"not_picked":["Underhanded Strike","Slice"],"picked":"Cloak And Dagger"},{"not_picked":["Cloak And Dagger","Blur"],"picked":"Infinite Blades"},{"not_picked":["Night Terror","Tactician"],"picked":"Storm of Steel"},{"not_picked":["Outmaneuver","Quick Slash"],"picked":"PiercingWail"},{"not_picked":["Setup","Quick Slash"],"picked":"Dagger Spray"},{"not_picked":["Acrobatics","Slice"],"picked":"Bane"},{"not_picked":["Expertise","Acrobatics"],"picked":"Finisher"},{"not_picked":["Burst","Deadly Poison"],"picked":"Blade Dance"},{"not_picked":["Dodge and Roll","Catalyst"],"picked":"Dash"},{"not_picked":["Setup","Flying Knee"],"picked":"Deflect"},{"not_picked":["Malaise","Dodge and Roll"],"picked":"Cloak And Dagger"}],"player_experience":258962,"potions_floor_usage":[5,6,16,19,23,25,25,30,31,33,38,41,45,48,50,50,50,50],"damage_taken":[{"damage":3,"enemies":"Jaw Worm","floor":1,"turns":4},{"damage":0,"enemies":"Cultist","floor":3,"turns":3},{"damage":2,"enemies":"Small Slimes","floor":4,"turns":4},{"damage":14,"enemies":"Exordium Thugs","floor":5,"turns":7},{"damage":16,"enemies":"3 Sentries","floor":6,"turns":11},{"damage":4,"enemies":"2 Fungi Beasts","floor":8,"turns":3},{"damage":0,"enemies":"Red Slaver","floor":13,"turns":2},{"damage":6,"enemies":"The Guardian","floor":16,"turns":11},{"damage":0,"enemies":"Chosen","floor":18,"turns":4},{"damage":13,"enemies":"Spheric Guardian","floor":19,"turns":5},{"damage":8,"enemies":"3 Cultists","floor":22,"turns":5},{"damage":50,"enemies":"Slavers","floor":23,"turns":6},{"damage":5,"enemies":"Book of Stabbing","floor":25,"turns":6},{"damage":9,"enemies":"Snake Plant","floor":30,"turns":3},{"damage":28,"enemies":"Cultist and Chosen","floor":31,"turns":6},{"damage":57,"enemies":"Champ","floor":33,"turns":10},{"damage":0,"enemies":"Orb Walker","floor":35,"turns":3},{"damage":0,"enemies":"3 Shapes","floor":37,"turns":3},{"damage":35,"enemies":"Maw","floor":38,"turns":7},{"damage":7,"enemies":"3 Darklings","floor":41,"turns":4},{"damage":20,"enemies":"Sphere and 2 Shapes","floor":45,"turns":4},{"damage":0,"enemies":"Maw","floor":48,"turns":5},{"damage":60,"enemies":"Donu and Deca","floor":50,"turns":7}],"event_choices":[{"event_name":"Match and Keep!","player_choice":"1 cards matched","floor":10,"damage_taken":0},{"event_name":"Wheel of Change","player_choice":"Gold","floor":14,"damage_taken":0},{"event_name":"The Mausoleum","player_choice":"Yes","floor":20,"damage_taken":0},{"event_name":"Beggar","player_choice":"Gave Gold","floor":21,"damage_taken":0},{"event_name":"Match and Keep!","player_choice":"3 cards matched","floor":27,"damage_taken":0},{"event_name":"Match and Keep!","player_choice":"3 cards matched","floor":27,"damage_taken":0},{"event_name":"Duplicator","player_choice":"One dupe","floor":36,"damage_taken":0},{"event_name":"Accursed Blacksmith","player_choice":"Ignore","floor":39,"damage_taken":0},{"event_name":"Tomb of Lord Red Mask","player_choice":"Ignored","floor":42,"damage_taken":0}],"boss_relics":[{"not_picked":["Sozu","Black Star"],"picked":"Pandora\u0027s Box"},{"not_picked":["Runic Dome","White Beast Statue"],"picked":"Cursed Key"}],"potions_floor_spawned":[1,5,8,16,22,25,33,37,38,48],"seed_played":"4524120883123975180","killed_by":"Donu and Deca","ascension_level":1,"is_trial":false}