{"gold_per_floor":[20,33,33,33,58,58,74,89,142,45,69,100,113,137,137,260,260,275,291,205,226,226],"floor_reached":22,"playtime":1625,"items_purged":["Defend_R"],"score":182,"play_id":"fbd08815-57a9-4c92-926a-6d73d195a353","local_time":"20181116140710","is_ascension_mode":false,"campfire_choices":[{"data":"Fire Breathing","floor":6,"key":"SMITH"},{"data":"Armaments","floor":15,"key":"SMITH"}],"neow_cost":"NO_GOLD","seed_source_timestamp":76903375384592,"circlet_count":0,"master_deck":["Strike_R","Strike_R","Strike_R","Strike_R","Defend_R","Bash","Armaments","Cleave","Fire Breathing+1","Sword Boomerang","Whirlwind","Armaments+1","Dropkick","Searing Blow","Flex","Brutality","Juggernaut","Perfected Strike+1","Impervious+1","Reckless Charge+1","Heavy Blade","Juggernaut","Pommel Strike"],"relics":["Burning Blood","Golden Idol","Anchor","Odd Mushroom","Astrolabe","Matryoshka"],"potions_floor_usage":[12,12,14,16,19],"damage_taken":[{"damage":5,"enemies":"2 Louse","floor":1,"turns":3},{"damage":2,"enemies":"Small Slimes","floor":2,"turns":4},{"damage":10,"enemies":"Cultist","floor":5,"turns":4},{"damage":10,"enemies":"Large Slime","floor":7,"turns":5},{"damage":14,"enemies":"Blue Slaver","floor":8,"turns":3},{"damage":0,"enemies":"Lots of Slimes","floor":11,"turns":2},{"damage":9,"enemies":"The Mushroom Lair","floor":12,"turns":3},{"damage":16,"enemies":"Large Slime","floor":13,"turns":6},{"damage":0,"enemies":"3 Louse","floor":14,"turns":2},{"damage":62,"enemies":"Hexaghost","floor":16,"turns":12},{"damage":12,"enemies":"3 Byrds","floor":18,"turns":5},{"damage":21,"enemies":"Spheric Guardian","floor":19,"turns":5},{"damage":30,"enemies":"Snake Plant","floor":21,"turns":5},{"damage":44,"enemies":"Snecko","floor":22,"turns":5}],"seed_played":"5373886328986127992","potions_obtained":[{"floor":8,"key":"Swift Potion"},{"floor":11,"key":"Energy Potion"},{"floor":13,"key":"AttackPotion"},{"floor":14,"key":"PowerPotion"},{"floor":16,"key":"EssenceOfSteel"},{"floor":19,"key":"SpeedPotion"}],"is_trial":false,"path_per_floor":["M","M","?","?","M","R","M","M","T","$","M","?","M","M","R","B",null,"M","M","?","M","M"],"character_chosen":"IRONCLAD","items_purchased":["Armaments"],"campfire_rested":0,"item_purchase_floors":[10],"current_hp_per_floor":[96,96,89,81,77,77,73,65,65,65,71,68,58,64,64,8,89,83,68,68,44,0],"gold":226,"neow_bonus":"TWENTY_PERCENT_HP_BONUS","is_prod":false,"is_daily":false,"chose_seed":false,"campfire_upgraded":2,"win_rate":0.0,"timestamp":1542330430,"path_taken":["M","M","?","?","M","R","M","M","T","$","?","?","M","M","R","BOSS","M","M","?","M","M"],"build_version":"2018-11-15","purchased_purges":1,"victory":false,"max_hp_per_floor":[96,96,89,89,89,89,89,89,89,89,89,89,89,89,89,89,89,89,89,89,89,89],"card_choices":[{"not_picked":["Heavy Blade","Reckless Charge"],"picked":"Armaments","floor":1},{"not_picked":["Disarm","Iron Wave"],"picked":"Cleave","floor":2},{"not_picked":["Perfected Strike","Havoc"],"picked":"Fire Breathing","floor":5},{"not_picked":["Carnage","Twin Strike"],"picked":"Sword Boomerang","floor":7},{"not_picked":["Reckless Charge","Searing Blow"],"picked":"Whirlwind","floor":8},{"not_picked":["Armaments","Heavy Blade"],"picked":"Dropkick","floor":11},{"not_picked":["Perfected Strike","Intimidate"],"picked":"Searing Blow","floor":12},{"not_picked":["Sword Boomerang","Heavy Blade"],"picked":"Flex","floor":13},{"not_picked":["Carnage","True Grit"],"picked":"Brutality","floor":14},{"not_picked":["Demon Form","Offering"],"picked":"Juggernaut","floor":16},{"not_picked":["Anger","Headbutt"],"picked":"Heavy Blade","floor":18},{"not_picked":["Body Slam+1","Sword Boomerang"],"picked":"Juggernaut","floor":19},{"not_picked":["Ghostly Armor","Hemokinesis"],"picked":"Pommel Strike","floor":21}],"player_experience":317466,"relics_obtained":[{"floor":9,"key":"Anchor"},{"floor":12,"key":"Odd Mushroom"}],"event_choices":[{"damage_healed":0,"gold_gain":0,"player_choice":"Lose Max HP","damage_taken":0,"relics_obtained":["Golden Idol"],"max_hp_gain":0,"max_hp_loss":7,"event_name":"Golden Idol","floor":3,"gold_loss":0},{"damage_healed":0,"gold_gain":0,"player_choice":"Damaged","damage_taken":8,"max_hp_gain":0,"max_hp_loss":0,"event_name":"Wheel of Change","floor":4,"gold_loss":0},{"damage_healed":0,"gold_gain":0,"player_choice":"Fought Mushrooms","damage_taken":0,"max_hp_gain":0,"max_hp_loss":0,"event_name":"Mushrooms","floor":12,"gold_loss":0},{"damage_healed":0,"gold_gain":0,"player_choice":"Paid Gold","damage_taken":0,"relics_obtained":["Matryoshka"],"max_hp_gain":0,"max_hp_loss":0,"event_name":"WeMeetAgain","floor":20,"gold_loss":86}],"is_beta":false,"boss_relics":[{"not_picked":["Cursed Key","Sozu"],"picked":"Astrolabe"}],"items_purged_floors":[10],"is_endless":false,"potions_floor_spawned":[8,11,13,14,16,19],"killed_by":"Snecko","ascension_level":0}