{"gold_per_floor":[111,111,135,151,5,5,5,5,56,99,111,187,199,230,242,353,415,443,203,57,75,91,91,106,120,120,120,154,164,164,13,13,117,117,128,128,128,142,142,156,171,17,17,17,43,43,98,116,116,116],"floor_reached":50,"playtime":2048,"items_purged":["Barrage"],"score":860,"play_id":"f01d64a5-9113-42dc-a6e5-4f0130d991be","local_time":"20181004104455","daily_mods":["Diverse","Heirloom","Careless","Binary"],"is_ascension_mode":true,"campfire_choices":[{"data":"Armaments","floor":6.0,"key":"SMITH"},{"data":"Blade Dance","floor":8.0,"key":"SMITH"},{"data":"Leap","floor":11.0,"key":"SMITH"},{"data":"Skim","floor":15.0,"key":"SMITH"},{"data":"Rip and Tear","floor":23.0,"key":"SMITH"},{"data":"Cloak And Dagger","floor":27,"key":"SMITH"},{"data":"Uppercut","floor":30,"key":"SMITH"},{"data":"Accuracy","floor":32,"key":"SMITH"},{"data":"Footwork","floor":44,"key":"SMITH"},{"floor":46,"key":"REST"},{"floor":49,"key":"REST"}],"neow_cost":"","seed_source_timestamp":0,"circlet_count":0,"master_deck":["Blade Dance+1","Sunder+1","Armaments+1","Leap+1","Skim+1","Phantasmal Killer","Cloak And Dagger+1","Cloak And Dagger","True Grit+1","Rip and Tear+1","Leg Sweep+1","Storm of Steel+1","Uppercut+1","Pommel Strike+1","Accuracy+1","Dash","Burst+1","Skewer","Streamline","Static Discharge","Poisoned Stab","Choke","Sentinel+1","Redo+1","Fire Breathing","Footwork+1","Flechettes+1","PiercingWail+1","Flame Barrier+1","Whirlwind","Stack+1"],"special_seed":0,"relics":["Snecko Eye","Prayer Wheel","Smiling Mask","Pen Nib","MawBank","Singing Bowl","Tiny Chest","Blood Vial","Tiny House","Toxic Egg 2","Lantern","Letter Opener","Bag of Marbles","Pandora\u0027s Box","Frozen Egg 2","Blue Candle","Centennial Puzzle"],"potions_floor_usage":[25,25,28,35,45,45,50],"damage_taken":[{"damage":0.0,"enemies":"Small Slimes","floor":1.0,"turns":3.0},{"damage":0.0,"enemies":"2 Louse","floor":4.0,"turns":2.0},{"damage":15.0,"enemies":"Gremlin Nob","floor":10.0,"turns":3.0},{"damage":0.0,"enemies":"3 Sentries","floor":12.0,"turns":5.0},{"damage":0.0,"enemies":"Jaw Worm","floor":14.0,"turns":1.0},{"damage":0.0,"enemies":"Slime Boss","floor":16.0,"turns":3.0},{"damage":0.0,"enemies":"Shell Parasite","floor":18.0,"turns":2.0},{"damage":7.0,"enemies":"Chosen","floor":21.0,"turns":3.0},{"damage":0.0,"enemies":"Snecko","floor":22.0,"turns":4.0},{"damage":0.0,"enemies":"Cultist and Chosen","floor":24.0,"turns":4.0},{"damage":0,"enemies":"Shelled Parasite and Fungi","floor":25,"turns":4},{"damage":6,"enemies":"Slavers","floor":28,"turns":3},{"damage":19,"enemies":"Snake Plant","floor":29,"turns":2},{"damage":14,"enemies":"Automaton","floor":33,"turns":6},{"damage":12,"enemies":"3 Darklings","floor":35,"turns":4},{"damage":12,"enemies":"3 Shapes","floor":38,"turns":5},{"damage":0,"enemies":"Reptomancer","floor":40,"turns":2},{"damage":5,"enemies":"Transient","floor":41,"turns":5},{"damage":55,"enemies":"Giant Head","floor":45,"turns":9},{"damage":34,"enemies":"3 Darklings","floor":48,"turns":3},{"damage":77,"enemies":"Awakened One","floor":50,"turns":6}],"seed_played":"2638198539171088178","potions_obtained":[{"floor":4.0,"key":"FearPotion"},{"floor":17.0,"key":"Explosive Potion"},{"floor":21.0,"key":"SkillPotion"},{"floor":22.0,"key":"Weak Potion"},{"floor":25,"key":"Fire Potion"},{"floor":40,"key":"SkillPotion"},{"floor":41,"key":"Weak Potion"},{"floor":48,"key":"Energy Potion"}],"is_trial":true,"path_per_floor":["M","?","T","M","$","R","?","R","T","E","R","E","?","M","R","B",null,"M","$","$","M","M","R","M","M","T","R","E","M","R","$","R","B",null,"M","?","?","M","?","M","M","$","T","R","E","R","T","M","R"],"character_chosen":"IRONCLAD","items_purchased":["Pen Nib","Toxic Egg 2","Lantern","Accuracy","Dash","Flame Barrier+1","Whirlwind"],"campfire_rested":2,"item_purchase_floors":[5,19,20,31,31,42,42],"current_hp_per_floor":[72,72,72,72,72,72,72,72,72,57,57,59,59,63,63,65,84,88,88,88,85,89,89,95,97,97,97,93,78,78,78,78,66,92,84,84,84,76,76,82,81,81,81,81,28,61,61,33,67,0],"gold":116,"neow_bonus":"","is_prod":false,"is_daily":false,"chose_seed":false,"campfire_upgraded":9,"win_rate":0,"timestamp":1538642695,"path_taken":["M","?","?","M","?","R","?","R","T","E","R","E","?","M","R","BOSS","M","?","$","?","M","R","M","M","T","R","E","M","R","$","R","BOSS","M","?","?","M","?","M","M","$","T","R","E","R","?","M","R","BOSS"],"build_version":"2018-09-27","purchased_purges":1,"victory":false,"max_hp_per_floor":[80,80,80,80,80,80,80,80,80,80,80,82,82,84,84,84,89,91,91,91,93,95,95,99,99,99,99,99,101,101,101,101,101,101,103,103,103,105,105,109,111,111,111,111,111,111,111,115,115,115],"card_choices":[{"not_picked":["Chill"],"picked":"Blade Dance","floor":1.0},{"not_picked":["Disarm","Feel No Pain"],"picked":"SKIP","floor":1.0},{"not_picked":["Bane"],"picked":"Sunder","floor":4.0},{"not_picked":["Flex"],"picked":"Armaments","floor":4.0},{"not_picked":["Heel Hook"],"picked":"Leap","floor":10.0},{"not_picked":["Bloodletting","Outmaneuver"],"picked":"Singing Bowl","floor":12.0},{"not_picked":["Hologram"],"picked":"Skim","floor":14.0},{"not_picked":["Cold Snap","Recycle"],"picked":"Singing Bowl","floor":14.0},{"not_picked":["Unload"],"picked":"Phantasmal Killer","floor":16.0},{"not_picked":["Deflect"],"picked":"Cloak And Dagger","floor":17.0},{"not_picked":["Expertise","Setup"],"picked":"Singing Bowl","floor":18.0},{"not_picked":["Choke"],"picked":"Cloak And Dagger","floor":18.0},{"not_picked":["Slice","Hello World"],"picked":"Singing Bowl","floor":21.0},{"not_picked":["Wild Strike"],"picked":"True Grit+1","floor":21.0},{"not_picked":["Rebound"],"picked":"Rip and Tear","floor":22.0},{"not_picked":["True Grit+1","Heavy Blade"],"picked":"Singing Bowl","floor":22.0},{"not_picked":["Redo+1","True Grit+1"],"picked":"Singing Bowl","floor":24},{"not_picked":["Streamline","Havoc+1"],"picked":"Singing Bowl","floor":24},{"not_picked":["Skewer"],"picked":"Leg Sweep+1","floor":25},{"not_picked":["Power Through+1"],"picked":"Storm of Steel+1","floor":25},{"not_picked":["Ball Lightning"],"picked":"Uppercut","floor":28},{"not_picked":["Gash+1"],"picked":"Pommel Strike+1","floor":29},{"not_picked":["Barrage","Deadly Poison+1"],"picked":"Singing Bowl","floor":29},{"not_picked":["Corpse Explosion+1"],"picked":"Burst+1","floor":33},{"not_picked":["Endless Agony+1","Turbo+1"],"picked":"Singing Bowl","floor":35},{"not_picked":["Intimidate+1"],"picked":"Footwork","floor":35},{"not_picked":["Heatsinks+1"],"picked":"Flechettes+1","floor":38},{"not_picked":["Outmaneuver+1","Perfected Strike"],"picked":"Singing Bowl","floor":38},{"not_picked":["Clothesline","Slice+1"],"picked":"Singing Bowl","floor":40},{"not_picked":["True Grit+1","Iron Wave"],"picked":"Singing Bowl","floor":40},{"not_picked":["Headbutt+1"],"picked":"PiercingWail+1","floor":41},{"not_picked":["PiercingWail+1","Clothesline+1"],"picked":"Singing Bowl","floor":41},{"not_picked":["Corruption+1"],"picked":"Stack+1","floor":45},{"not_picked":["Sunder","Corruption+1"],"picked":"Singing Bowl","floor":48},{"not_picked":["Thunderclap","Combust+1"],"picked":"Singing Bowl","floor":48}],"player_experience":812366,"relics_obtained":[{"floor":3.0,"key":"Smiling Mask"},{"floor":9.0,"key":"MawBank"},{"floor":10.0,"key":"Singing Bowl"},{"floor":12.0,"key":"Tiny Chest"},{"floor":26,"key":"Letter Opener"},{"floor":28,"key":"Bag of Marbles"},{"floor":43,"key":"Frozen Egg 2"},{"floor":45,"key":"Blue Candle"},{"floor":47,"key":"Centennial Puzzle"}],"event_choices":[{"event_name":"Living Wall","player_choice":"Grow","floor":2.0,"damage_taken":0.0},{"event_name":"Accursed Blacksmith","player_choice":"Forge","floor":7.0,"damage_taken":0.0},{"event_name":"WeMeetAgain","player_choice":"Potion","floor":13.0,"damage_taken":0.0},{"event_name":"Tomb of Lord Red Mask","player_choice":"Ignored","floor":36,"damage_taken":0},{"event_name":"Falling","player_choice":"Removed Attack","floor":37,"damage_taken":0},{"event_name":"Mysterious Sphere","player_choice":"Ignore","floor":39,"damage_taken":0}],"is_beta":false,"boss_relics":[{"not_picked":["Calling Bell","Black Star"],"picked":"Tiny House"},{"not_picked":["Runic Pyramid","Coffee Dripper"],"picked":"Pandora\u0027s Box"}],"items_purged_floors":[42],"is_endless":false,"potions_floor_spawned":[4,21,22,25,40,41,48],"killed_by":"Awakened One","ascension_level":6}