{"path_per_floor":["M","?","$","?","M","E","R","M","T","?","M","?","?","T","R","B",null,"M","?","M","M","M","R","M","$","T","E","R","M","M","?","R"],"character_chosen":"IRONCLAD","items_purchased":["Fire Potion","Rampage"],"gold_per_floor":[114,114,39,139,154,214,214,229,254,254,269,219,219,244,244,369,369,388,313,332,351,370,370,389,157,207,245,245,264,283,263,263,263],"floor_reached":33,"campfire_rested":1,"playtime":1357,"current_hp_per_floor":[80,80,80,80,80,43,43,44,44,44,50,50,50,50,50,10,80,71,71,48,14,31,75,69,69,69,57,57,48,50,50,50,0],"items_purged":["Defend_R","Defend_R"],"gold":263,"score":267,"play_id":"3a2c4ef5-756e-46b2-b0d0-bdc94bc664ff","local_time":"20180406104240","daily_mods":["Diverse","Binary","Night Terrors"],"is_prod":false,"is_daily":true,"is_ascension_mode":false,"campfire_upgraded":4,"timestamp":1523004160,"path_taken":["M","?","$","?","M","E","R","M","T","?","?","?","?","?","R","BOSS","M","?","?","M","M","R","?","?","T","E","R","M","M","?","R","BOSS"],"build_version":"2018-04-05v2","purchased_purges":2,"victory":false,"master_deck":["Strike_R","Strike_R","Strike_R","Defend_R","Bash+1","Heavy Blade+1","Quick Slash+1","Iron Wave","Blur","Poisoned Stab+1","Flex+1","Rampage+1"],"max_hp_per_floor":[80,80,80,80,80,80,80,80,80,80,80,80,80,80,80,80,80,80,80,80,80,80,75,75,75,75,75,75,75,75,75,75,75],"relics":["Burning Blood","Tiny Chest","Orichalcum","Golden Idol","Pen Nib","Lizard Tail","Happy Flower","Oddly Smooth Stone"],"card_choices":[{"not_picked":["PiercingWail"],"picked":"Heavy Blade","floor":1},{"not_picked":["Slice"],"picked":"Quick Slash","floor":5},{"not_picked":["Sentinel"],"picked":"Iron Wave","floor":6},{"not_picked":["Heavy Blade"],"picked":"Blur","floor":8},{"not_picked":["Perfected Strike"],"picked":"Poisoned Stab","floor":18},{"not_picked":["Distraction"],"picked":"Flex","floor":24}],"player_experience":181436,"potions_floor_usage":[16,21,30,33,33,33],"damage_taken":[{"damage":1,"enemies":"Jaw Worm","floor":1,"turns":3},{"damage":6,"enemies":"Cultist","floor":5,"turns":3},{"damage":43,"enemies":"3 Sentries","floor":6,"turns":8},{"damage":5,"enemies":"Small Slimes","floor":8,"turns":3},{"damage":0,"enemies":"3 Louse","floor":11,"turns":4},{"damage":61,"enemies":"The Guardian","floor":16,"turns":11},{"damage":15,"enemies":"Chosen","floor":18,"turns":5},{"damage":29,"enemies":"2 Thieves","floor":20,"turns":4},{"damage":40,"enemies":"Chosen and Byrds","floor":21,"turns":6},{"damage":33,"enemies":"Snake Plant","floor":22,"turns":4},{"damage":12,"enemies":"Centurion and Healer","floor":24,"turns":6},{"damage":18,"enemies":"Book of Stabbing","floor":27,"turns":3},{"damage":15,"enemies":"3 Cultists","floor":29,"turns":5},{"damage":4,"enemies":"Cultist and Chosen","floor":30,"turns":3},{"damage":56,"enemies":"Automaton","floor":33,"turns":8}],"event_choices":[{"event_name":"Bonfire Elementals","player_choice":"BASIC","floor":2,"damage_taken":0},{"event_name":"Golden Shrine","player_choice":"Pray","floor":4,"damage_taken":0},{"event_name":"Living Wall","player_choice":"Forget","floor":10,"damage_taken":0},{"event_name":"The Cleric","player_choice":"Card Removal","floor":12,"damage_taken":0},{"event_name":"Golden Idol","player_choice":"Take Wound","floor":13,"damage_taken":0},{"event_name":"Beggar","player_choice":"Gave Gold","floor":19,"damage_taken":0},{"event_name":"The Woman in Blue","player_choice":"Bought 1 Potion","floor":31,"damage_taken":0}],"boss_relics":[{"not_picked":["Calling Bell","Runic Pyramid"],"picked":"Lizard Tail"}],"potions_floor_spawned":[6,8,18,22,29,30],"seed_played":"-7248569299204843606","killed_by":"Automaton","ascension_level":0,"is_trial":false}