{"gold_per_floor":[111,130,149,160,178,178,213,213,259,270,283,311,311,70,70,165,165,105,31,31,31,31,31,31,31,31,31,31,31,31,31,31,31,31,31,31,31,31,31,31,31,31,31,31,31,31,31,31,31,31],"floor_reached":51,"playtime":2439,"items_purged":["Strike_B"],"score":1037,"play_id":"385cd5a8-9d6b-4a15-a531-38ab7aea043f","local_time":"20190127170937","is_ascension_mode":false,"campfire_choices":[{"data":"Zap","floor":6.0,"key":"SMITH"},{"data":"Defragment","floor":8.0,"key":"SMITH"},{"data":"Fusion","floor":15.0,"key":"SMITH"},{"data":"Discovery","floor":23.0,"key":"SMITH"},{"data":"Defragment","floor":25.0,"key":"SMITH"},{"floor":32,"key":"REST"},{"data":"Machine Learning","floor":40,"key":"SMITH"},{"data":"Zap","floor":42,"key":"SMITH"},{"floor":49,"key":"REST"}],"neow_cost":"TEN_PERCENT_HP_LOSS","seed_source_timestamp":643699131808,"circlet_count":0,"master_deck":["Strike_B","Strike_B","Defend_B","Defend_B","Defend_B","Defend_B","Zap+1","Dualcast","Tempest","Compile Driver","Coolheaded","Ball Lightning","Machine Learning+1","Leap","Self Repair","Double Energy","Turbo","Defragment+1","Conserve Battery","Fusion+1","Compile Driver","Turbo","Echo Form","Compile Driver","Coolheaded","Go for the Eyes","Conserve Battery","Meteor Strike","Ball Lightning+1","Aggregate","Defragment+1","Go for the Eyes","Beam Cell","Zap+1","Glacier","Echo Form","Discovery+1","Go for the Eyes+1","Coolheaded","Stack+1","Machine Learning","Capacitor+1","Aggregate","Force Field","Creative AI+1","Conserve Battery","Conserve Battery","Electrodynamics+1","Hello World+1","Ball Lightning+1","Defragment+1","Go for the Eyes+1","Double Energy+1","Turbo+1","Compile Driver+1","Defragment+1","Cold Snap","Buffer+1","Parasite","Leap","Leap","Storm+1","Rip and Tear+1","Redo+1"],"special_seed":0,"relics":["Cracked Core","Prayer Wheel","Thread and Needle","Strawberry","Pear","Ectoplasm","Oddly Smooth Stone","Matryoshka","Frozen Egg 2","Busted Crown","Darkstone Periapt","Bag of Preparation","Juzu Bracelet","Lantern"],"potions_floor_usage":[33,33,33,50,50,50],"damage_taken":[{"damage":0.0,"enemies":"2 Louse","floor":1.0,"turns":3.0},{"damage":0.0,"enemies":"Cultist","floor":2.0,"turns":3.0},{"damage":6.0,"enemies":"Jaw Worm","floor":3.0,"turns":3.0},{"damage":9.0,"enemies":"Gremlin Gang","floor":4.0,"turns":3.0},{"damage":3.0,"enemies":"Looter","floor":5.0,"turns":3.0},{"damage":14.0,"enemies":"Gremlin Nob","floor":7.0,"turns":3.0},{"damage":2.0,"enemies":"Lots of Slimes","floor":10.0,"turns":3.0},{"damage":3.0,"enemies":"Blue Slaver","floor":11.0,"turns":3.0},{"damage":10.0,"enemies":"Lagavulin","floor":12.0,"turns":4.0},{"damage":0.0,"enemies":"The Guardian","floor":16.0,"turns":7.0},{"damage":6.0,"enemies":"2 Thieves","floor":18.0,"turns":4.0},{"damage":5.0,"enemies":"Shell Parasite","floor":21.0,"turns":5.0},{"damage":19.0,"enemies":"Book of Stabbing","floor":24.0,"turns":4.0},{"damage":0.0,"enemies":"Cultist and Chosen","floor":27.0,"turns":5.0},{"damage":1.0,"enemies":"Sentry and Sphere","floor":28.0,"turns":5.0},{"damage":0.0,"enemies":"Centurion and Healer","floor":29.0,"turns":7.0},{"damage":62,"enemies":"Slavers","floor":30,"turns":7},{"damage":15,"enemies":"Snake Plant","floor":31,"turns":4},{"damage":11,"enemies":"Collector","floor":33,"turns":5},{"damage":4,"enemies":"Orb Walker","floor":35,"turns":5},{"damage":10,"enemies":"3 Darklings","floor":36,"turns":4},{"damage":1,"enemies":"4 Shapes","floor":38,"turns":3},{"damage":21,"enemies":"Maw","floor":41,"turns":8},{"damage":29,"enemies":"Reptomancer","floor":44,"turns":5},{"damage":0,"enemies":"Spire Growth","floor":45,"turns":5},{"damage":11,"enemies":"Writhing Mass","floor":46,"turns":6},{"damage":5,"enemies":"Maw","floor":47,"turns":6},{"damage":2,"enemies":"Transient","floor":48,"turns":5},{"damage":0,"enemies":"Donu and Deca","floor":50,"turns":5}],"seed_played":"663548885307021663","potions_obtained":[{"floor":1.0,"key":"FocusPotion"},{"floor":3.0,"key":"Energy Potion"},{"floor":5.0,"key":"AttackPotion"},{"floor":7.0,"key":"SkillPotion"},{"floor":10.0,"key":"Fire Potion"},{"floor":13.0,"key":"Dexterity Potion"},{"floor":21.0,"key":"EssenceOfSteel"},{"floor":24.0,"key":"FocusPotion"},{"floor":35,"key":"EssenceOfSteel"},{"floor":44,"key":"Energy Potion"},{"floor":45,"key":"EssenceOfSteel"},{"floor":47,"key":"FearPotion"}],"is_trial":false,"path_per_floor":["M","M","M","M","M","R","E","R","T","M","M","E","?","$","R","B",null,"M","$","?","M","?","R","E","R","T","M","M","M","E","M","R","B",null,"M","M","?","M","$","R","M","R","T","E","M","M","M","M","R","B",null],"character_chosen":"DEFECT","items_purchased":["Compile Driver","Coolheaded","Go for the Eyes","Conserve Battery","Defragment"],"campfire_rested":2,"item_purchase_floors":[14,14,14,14,19],"current_hp_per_floor":[68,68,62,53,57,57,43,43,50,55,59,66,66,66,66,73,85,85,85,85,85,85,85,66,66,66,73,79,85,30,15,40,36,85,85,75,75,74,74,74,60,60,60,31,31,33,35,47,74,81],"gold":31,"neow_bonus":"ONE_RARE_RELIC","is_prod":false,"is_daily":false,"chose_seed":false,"campfire_upgraded":7,"win_rate":0,"timestamp":1548630577,"path_taken":["M","M","M","M","M","R","E","R","T","M","M","E","?","$","R","BOSS","M","$","?","?","?","R","E","R","T","M","M","M","E","M","R","BOSS","M","?","?","?","$","R","M","R","T","E","M","M","M","M","R","BOSS"],"build_version":"2019-01-23","purchased_purges":1,"victory":true,"max_hp_per_floor":[68,68,68,68,68,68,68,68,75,75,75,85,85,85,85,85,85,85,85,85,85,85,85,85,85,85,85,85,85,85,85,85,85,85,85,85,85,85,85,85,85,85,85,85,85,91,91,91,91,91],"card_choices":[{"not_picked":["Skim","Turbo"],"picked":"Tempest","floor":1.0},{"not_picked":["Self Repair","Leap"],"picked":"Compile Driver","floor":1.0},{"not_picked":["Consume","Beam Cell"],"picked":"Coolheaded","floor":2.0},{"not_picked":["Redo","Steam Power"],"picked":"Ball Lightning","floor":2.0},{"not_picked":["Redo","Barrage"],"picked":"Machine Learning","floor":3.0},{"not_picked":["Hello World","Sweeping Beam"],"picked":"Leap","floor":3.0},{"not_picked":["Stack","Redo"],"picked":"Self Repair","floor":4.0},{"not_picked":["Self Repair","Compile Driver"],"picked":"Double Energy","floor":4.0},{"not_picked":["Cold Snap","Beam Cell"],"picked":"Turbo","floor":5.0},{"not_picked":["Glacier","Fission"],"picked":"Defragment","floor":5.0},{"not_picked":["Coolheaded","BootSequence"],"picked":"Conserve Battery","floor":7.0},{"not_picked":["Steam","Turbo"],"picked":"Fusion","floor":10.0},{"not_picked":["Static Discharge","Go for the Eyes"],"picked":"Compile Driver","floor":10.0},{"not_picked":["Redo","Go for the Eyes"],"picked":"Turbo","floor":11.0},{"not_picked":["Barrage","Chill","Force Field"],"picked":"SKIP","floor":11.0},{"not_picked":["Ball Lightning","Leap"],"picked":"Echo Form","floor":12.0},{"not_picked":["Creative AI","Echo Form"],"picked":"Meteor Strike","floor":16.0},{"not_picked":["Loop","Genetic Algorithm"],"picked":"Ball Lightning+1","floor":18.0},{"not_picked":["Beam Cell","Lockon"],"picked":"Aggregate","floor":18.0},{"not_picked":["Beam Cell","Force Field"],"picked":"Go for the Eyes","floor":21.0},{"not_picked":["Barrage","Sweeping Beam"],"picked":"Beam Cell","floor":21.0},{"not_picked":["Beam Cell","Lockon"],"picked":"Go for the Eyes+1","floor":24.0},{"not_picked":["Cold Snap","Streamline+1"],"picked":"Coolheaded","floor":27.0},{"not_picked":["Gash","Leap"],"picked":"Stack+1","floor":27.0},{"not_picked":["Glacier","Sweeping Beam"],"picked":"Machine Learning","floor":28.0},{"not_picked":["Leap","Cold Snap"],"picked":"Capacitor+1","floor":28.0},{"not_picked":["Steam","Fusion"],"picked":"Aggregate","floor":29.0},{"not_picked":["Streamline","Barrage"],"picked":"Force Field","floor":29.0},{"not_picked":["Force Field","Sweeping Beam"],"picked":"Creative AI","floor":30},{"not_picked":["Steam","FTL+1"],"picked":"Conserve Battery","floor":31},{"not_picked":["Coolheaded","Cold Snap"],"picked":"Conserve Battery","floor":31},{"not_picked":["Thunder Strike","Rainbow"],"picked":"Electrodynamics+1","floor":33},{"not_picked":[],"picked":"Hello World+1","floor":35},{"not_picked":[],"picked":"Ball Lightning+1","floor":35},{"not_picked":[],"picked":"Defragment+1","floor":36},{"not_picked":[],"picked":"Go for the Eyes+1","floor":36},{"not_picked":[],"picked":"Double Energy+1","floor":38},{"not_picked":[],"picked":"Turbo+1","floor":38},{"not_picked":[],"picked":"Compile Driver+1","floor":41},{"not_picked":["Gash"],"picked":"SKIP","floor":41},{"not_picked":[],"picked":"Defragment+1","floor":44},{"not_picked":[],"picked":"Cold Snap","floor":45},{"not_picked":[],"picked":"Buffer+1","floor":45},{"not_picked":[],"picked":"Leap","floor":46},{"not_picked":["Streamline"],"picked":"SKIP","floor":46},{"not_picked":[],"picked":"Leap","floor":47},{"not_picked":[],"picked":"Storm+1","floor":47},{"not_picked":[],"picked":"Rip and Tear+1","floor":48},{"not_picked":[],"picked":"Redo+1","floor":48}],"player_experience":665229,"relics_obtained":[{"floor":7.0,"key":"Thread and Needle"},{"floor":9.0,"key":"Strawberry"},{"floor":12.0,"key":"Pear"},{"floor":24.0,"key":"Oddly Smooth Stone"},{"floor":26.0,"key":"Matryoshka"},{"floor":30,"key":"Frozen Egg 2"},{"floor":43,"key":"Bag of Preparation"},{"floor":43,"key":"Juzu Bracelet"},{"floor":44,"key":"Lantern"}],"event_choices":[{"damage_healed":0.0,"max_hp_gain":0.0,"max_hp_loss":0.0,"gold_gain":0.0,"event_name":"Lab","player_choice":"Got Potions","floor":13.0,"gold_loss":0.0,"damage_taken":0.0},{"cards_removed":["Strike_B"],"damage_healed":0.0,"max_hp_gain":0.0,"max_hp_loss":0.0,"gold_gain":0.0,"event_name":"Bonfire Elementals","player_choice":"Offered Basic","floor":20.0,"gold_loss":0.0,"damage_taken":0.0},{"damage_healed":0.0,"max_hp_gain":0.0,"max_hp_loss":0.0,"gold_gain":0.0,"event_name":"Match and Keep!","player_choice":"4 cards matched","floor":22.0,"gold_loss":0.0,"damage_taken":0.0,"cards_obtained":["Zap","Glacier","Echo Form","Discovery"]},{"damage_healed":0,"gold_gain":0,"player_choice":"Gave Potion","damage_taken":0,"relics_obtained":["Darkstone Periapt"],"max_hp_gain":0,"max_hp_loss":0,"event_name":"WeMeetAgain","floor":37,"gold_loss":0}],"is_beta":false,"boss_relics":[{"not_picked":["Fusion Hammer","Lizard Tail"],"picked":"Ectoplasm"},{"not_picked":["Velvet Choker","Orrery"],"picked":"Busted Crown"}],"items_purged_floors":[14],"is_endless":false,"potions_floor_spawned":[1,3,5,7,10,21,24,29,30,31,35,44,45,47],"ascension_level":0}