{"gold_per_floor":[109,41,53,71,71,71,97,97,97,97,110,110,122,20,20,20],"floor_reached":16,"playtime":637,"items_purged":[],"score":150,"play_id":"8c9f1488-2a21-40a6-84a8-d6c303477e7a","local_time":"20190127005526","is_ascension_mode":true,"campfire_choices":[{"data":"Toxin Wave","floor":6,"key":"SMITH"},{"data":"Bouncing Flask","floor":8,"key":"SMITH"},{"data":"Neutralize","floor":12,"key":"SMITH"},{"floor":15,"key":"REST"}],"neow_cost":"","seed_source_timestamp":0,"circlet_count":0,"master_deck":["AscendersBane","Defend_G","Defend_G","Defend_G","Defend_G","Defend_G","Strike_G","Strike_G","Strike_G","Strike_G","Survivor","Neutralize+1","Fluid Movement","Toxin Wave+1","Prepared","Dagger Spray","Bouncing Flask+1","Cloak And Dagger","Specialist","Battle Trance","Bane"],"relics":["Ring of the Snake","Ring of Chaos","aspiration:VileToxins","Replay:Accelerometer","PrismaticShard"],"potions_floor_usage":[7,16,16],"damage_taken":[{"damage":3,"enemies":"Cultist","floor":1,"turns":5},{"damage":4,"enemies":"Small Slimes","floor":3,"turns":5},{"damage":1,"enemies":"Jaw Worm","floor":4,"turns":5},{"damage":40,"enemies":"Gremlin Nob","floor":7,"turns":5},{"damage":4,"enemies":"2 Fungi Beasts","floor":11,"turns":3},{"damage":2,"enemies":"Blue Slaver","floor":13,"turns":5},{"damage":31,"enemies":"Slime Boss","floor":16,"turns":9}],"seed_played":"-1975966531230402298","potions_obtained":[{"floor":3,"key":"Fire Potion"},{"floor":11,"key":"AttackPotion"}],"is_trial":true,"path_per_floor":["M","$","M","M","?","R","E","R","T","?","M","R","M","$","R","B"],"character_chosen":"THE_SILENT","items_purchased":["Toxin Wave","Bane","Adrenaline Potion"],"campfire_rested":1,"item_purchase_floors":[2,14,14],"current_hp_per_floor":[60,60,56,55,55,55,15,15,15,7,3,3,1,1,22,0],"gold":20,"neow_bonus":"","is_prod":false,"is_daily":false,"chose_seed":false,"campfire_upgraded":3,"win_rate":0,"timestamp":1548546926,"path_taken":["M","$","M","M","?","R","E","R","T","?","?","R","?","$","R","BOSS"],"build_version":"2019-01-23","purchased_purges":0,"victory":false,"max_hp_per_floor":[70,70,70,70,70,70,70,70,70,70,70,70,70,70,70,70],"card_choices":[{"not_picked":["Sneak Up","Tactician"],"picked":"Fluid Movement","floor":1},{"not_picked":["Outmaneuver","Riddle With Holes"],"picked":"Prepared","floor":3},{"not_picked":["Blur","Slice"],"picked":"Dagger Spray","floor":4},{"not_picked":["Blade Dance","Underhanded Strike"],"picked":"Bouncing Flask","floor":7},{"not_picked":["Replay:Poison Smokescreen","Acrobatics"],"picked":"Cloak And Dagger","floor":10},{"not_picked":["Rainbow","Havoc"],"picked":"Specialist","floor":11},{"not_picked":["ReplayTheSpireMod:Strike From Hell","Clash"],"picked":"Battle Trance","floor":13}],"player_experience":1089443,"relics_obtained":[{"floor":7,"key":"aspiration:VileToxins"},{"floor":9,"key":"Replay:Accelerometer"},{"floor":10,"key":"PrismaticShard"}],"event_choices":[],"is_beta":false,"boss_relics":[],"items_purged_floors":[],"is_endless":false,"potions_floor_spawned":[3,11],"killed_by":"Slime Boss","ascension_level":10}