{"gold_per_floor":[114,264,264,282,299,299,632,632,632,651,665,665,676,692,692,692],"floor_reached":16,"playtime":839,"items_purged":[],"score":187,"play_id":"c498159c-0f0f-46a2-9aaa-9b08617b5b29","local_time":"20190129220311","is_ascension_mode":true,"campfire_choices":[{"data":"Footwork","floor":6.0,"key":"SMITH"},{"floor":8.0,"key":"REST"},{"data":"Deadly Poison","floor":12.0,"key":"SMITH"},{"floor":15.0,"key":"REST"}],"neow_cost":"NONE","seed_source_timestamp":426980759207021,"circlet_count":0,"master_deck":["AscendersBane","Defend_G","Defend_G","Defend_G","Defend_G","Defend_G","Strike_G","Strike_G","Strike_G","Strike_G","Strike_G","Survivor","Neutralize","Impatience","Footwork+1","Heel Hook","Distraction","Sucker Punch","Footwork","Deadly Poison+1","Malaise","Dash"],"special_seed":0,"relics":["Ring of the Snake","Old Coin","Pocketwatch"],"potions_floor_usage":[],"damage_taken":[{"damage":0.0,"enemies":"2 Louse","floor":1.0,"turns":2.0},{"damage":0.0,"enemies":"Cultist","floor":4.0,"turns":4.0},{"damage":12.0,"enemies":"Jaw Worm","floor":5.0,"turns":6.0},{"damage":38.0,"enemies":"Lagavulin","floor":7.0,"turns":13.0},{"damage":0.0,"enemies":"Large Slime","floor":10.0,"turns":5.0},{"damage":2.0,"enemies":"3 Louse","floor":11.0,"turns":6.0},{"damage":20.0,"enemies":"Gremlin Gang","floor":13.0,"turns":6.0},{"damage":0.0,"enemies":"Blue Slaver","floor":14.0,"turns":4.0},{"damage":29,"enemies":"Slime Boss","floor":16,"turns":18}],"seed_played":"4847570233343454147","potions_obtained":[{"floor":4.0,"key":"LiquidBronze"},{"floor":5.0,"key":"EssenceOfSteel"},{"floor":7.0,"key":"Energy Potion"},{"floor":11.0,"key":"Dexterity Potion"}],"is_trial":false,"path_per_floor":["M","?","?","M","M","R","E","R","T","M","M","R","M","M","R","B"],"character_chosen":"THE_SILENT","items_purchased":[],"campfire_rested":2,"item_purchase_floors":[],"current_hp_per_floor":[59,59,59,59,47,47,9,28,28,28,26,26,6,6,25,0],"gold":692,"neow_bonus":"RANDOM_COLORLESS","is_prod":false,"is_daily":false,"chose_seed":false,"campfire_upgraded":2,"win_rate":0,"timestamp":1548795791,"path_taken":["M","?","?","M","M","R","E","R","T","M","?","R","M","M","R","BOSS"],"build_version":"2019-01-23","purchased_purges":0,"victory":false,"max_hp_per_floor":[66,66,66,66,66,66,66,66,66,66,66,66,66,66,66,66],"card_choices":[{"not_picked":["Quick Slash","Sucker Punch"],"picked":"Footwork","floor":1.0},{"not_picked":["Outmaneuver","Blade Dance"],"picked":"Heel Hook","floor":4.0},{"not_picked":["Poisoned Stab","Blade Dance"],"picked":"Distraction","floor":5.0},{"not_picked":["Expertise","Acrobatics"],"picked":"Sucker Punch","floor":7.0},{"not_picked":["Accuracy","Calculated Gamble"],"picked":"Footwork","floor":10.0},{"not_picked":["Sucker Punch","Dagger Spray"],"picked":"Deadly Poison","floor":11.0},{"not_picked":["Cloak And Dagger","Finisher"],"picked":"Malaise","floor":13.0},{"not_picked":["Slice","Calculated Gamble"],"picked":"Dash","floor":14.0}],"player_experience":1131654,"relics_obtained":[{"floor":7.0,"key":"Old Coin"},{"floor":9.0,"key":"Pocketwatch"}],"event_choices":[{"damage_healed":0.0,"max_hp_gain":0.0,"max_hp_loss":0.0,"gold_gain":150.0,"event_name":"Liars Game","player_choice":"AGREE","floor":2.0,"gold_loss":0.0,"damage_taken":0.0,"cards_obtained":["Doubt"]},{"cards_removed":["Doubt"],"damage_healed":0.0,"max_hp_gain":0.0,"max_hp_loss":0.0,"gold_gain":0.0,"event_name":"Purifier","player_choice":"Purged","floor":3.0,"gold_loss":0.0,"damage_taken":0.0}],"is_beta":false,"boss_relics":[],"items_purged_floors":[],"is_endless":false,"potions_floor_spawned":[4,5,7,11],"killed_by":"Slime Boss","ascension_level":16}