{"gold_per_floor":[118,137,137,137,19,19,45,45,71,71,89,168,203,230,230,309,309,329,35,35,66,82,82,109,109,109,109,124,138,138,152,152,152],"floor_reached":33,"playtime":1913,"items_purged":["Strike_R"],"score":562,"play_id":"eae1350b-4c84-40a3-87c5-540284033478","local_time":"20190116215547","is_ascension_mode":true,"campfire_choices":[{"data":"Armaments","floor":6.0,"key":"SMITH"},{"data":"Rage","floor":10.0,"key":"SMITH"},{"data":"Disarm","floor":15.0,"key":"SMITH"},{"floor":23.0,"key":"REST"},{"data":"Dark Embrace","floor":25.0,"key":"SMITH"},{"data":"Evolve","floor":27.0,"key":"SMITH"},{"data":"Havoc","floor":32.0,"key":"SMITH"}],"neow_cost":"TEN_PERCENT_HP_LOSS","seed_source_timestamp":25047266080020,"circlet_count":0,"master_deck":["AscendersBane","Strike_R","Defend_R","Defend_R","Defend_R","Defend_R","Bash","Anger","Armaments+1","Evolve+1","Reckless Charge","Rage+1","Body Slam","Disarm+1","True Grit","Immolate","Burning Pact","Havoc+1","Ghostly Armor","Headbutt","Power Through","Power Through","Dark Embrace+1","Shrug It Off","Intimidate+1"],"special_seed":0,"relics":["Burning Blood","Art of War","PreservedInsect","Singing Bowl","Smiling Mask","Odd Mushroom","Orrery","Self Forming Clay","Red Mask","Pocketwatch","Strawberry"],"potions_floor_usage":[33],"damage_taken":[{"damage":0.0,"enemies":"2 Louse","floor":1.0,"turns":5.0},{"damage":9.0,"enemies":"Small Slimes","floor":2.0,"turns":4.0},{"damage":30.0,"enemies":"Gremlin Nob","floor":7.0,"turns":4.0},{"damage":8.0,"enemies":"Jaw Worm","floor":11.0,"turns":4.0},{"damage":0.0,"enemies":"3 Sentries","floor":13.0,"turns":7.0},{"damage":19.0,"enemies":"The Mushroom Lair","floor":14.0,"turns":5.0},{"damage":14.0,"enemies":"The Guardian","floor":16.0,"turns":16.0},{"damage":22.0,"enemies":"Spheric Guardian","floor":18.0,"turns":11.0},{"damage":12.0,"enemies":"Masked Bandits","floor":21.0,"turns":2.0},{"damage":10.0,"enemies":"3 Byrds","floor":22.0,"turns":12.0},{"damage":0.0,"enemies":"Gremlin Leader","floor":24.0,"turns":6.0},{"damage":0.0,"enemies":"Centurion and Healer","floor":28.0,"turns":12.0},{"damage":2.0,"enemies":"Snake Plant","floor":29.0,"turns":8.0},{"damage":0.0,"enemies":"Cultist and Chosen","floor":31.0,"turns":7.0},{"damage":19,"enemies":"Collector","floor":33,"turns":12}],"seed_played":"-5791509986529229600","potions_obtained":[{"floor":11.0,"key":"Weak Potion"},{"floor":13.0,"key":"GamblersBrew"},{"floor":14.0,"key":"Weak Potion"},{"floor":24.0,"key":"Fire Potion"},{"floor":28.0,"key":"Block Potion"}],"is_trial":false,"path_per_floor":["M","M","?","?","$","R","E","T","T","R","M","T","E","?","R","B",null,"M","$","?","?","M","R","E","R","T","R","M","M","?","M","R","B"],"character_chosen":"IRONCLAD","items_purchased":["Evolve","Reckless Charge","Self Forming Clay"],"campfire_rested":1,"item_purchase_floors":[5,5,19],"current_hp_per_floor":[68,65,70,63,63,63,39,39,39,39,37,37,43,30,30,22,62,48,48,48,42,38,61,67,67,67,67,75,79,86,88,88,69],"gold":152,"neow_bonus":"REMOVE_TWO","is_prod":false,"is_daily":false,"chose_seed":false,"campfire_upgraded":6,"win_rate":0,"timestamp":1547643347,"path_taken":["M","M","?","?","$","R","E","?","T","R","M","?","E","?","R","BOSS","M","$","?","?","M","R","E","R","T","R","M","M","?","M","R","BOSS"],"build_version":"2019-01-10","purchased_purges":1,"victory":false,"max_hp_per_floor":[68,68,73,73,73,73,73,73,73,73,73,73,73,73,73,73,75,77,77,77,77,77,77,77,77,77,77,79,79,86,88,88,88],"card_choices":[{"not_picked":["Pommel Strike","Warcry"],"picked":"Anger","floor":1.0},{"not_picked":["Shrug It Off","True Grit"],"picked":"Armaments","floor":2.0},{"not_picked":["Pommel Strike","Intimidate"],"picked":"Rage","floor":7.0},{"not_picked":["Shrug It Off","Reaper"],"picked":"Body Slam","floor":11.0},{"not_picked":["Blood for Blood","Thunderclap"],"picked":"Disarm","floor":13.0},{"not_picked":["Spot Weakness","Havoc"],"picked":"True Grit","floor":14.0},{"not_picked":["Berserk","Exhume"],"picked":"Immolate","floor":16.0},{"not_picked":["Seeing Red","Twin Strike"],"picked":"Burning Pact","floor":17.0},{"not_picked":["Sword Boomerang","Heavy Blade"],"picked":"Havoc","floor":17.0},{"not_picked":["Dual Wield","Sever Soul","Havoc"],"picked":"Singing Bowl","floor":17.0},{"not_picked":["Burning Pact","Sword Boomerang"],"picked":"Ghostly Armor","floor":17.0},{"not_picked":["Armaments","Pommel Strike"],"picked":"Headbutt","floor":17.0},{"not_picked":["Twin Strike","Perfected Strike","Spot Weakness"],"picked":"Singing Bowl","floor":18.0},{"not_picked":["Wild Strike","Rampage"],"picked":"Power Through","floor":21.0},{"not_picked":["Clash","Clothesline"],"picked":"Dark Embrace","floor":22.0},{"not_picked":["Wild Strike","Intimidate"],"picked":"Shrug It Off","floor":24.0},{"not_picked":["Heavy Blade","Thunderclap","Armaments"],"picked":"Singing Bowl","floor":28.0},{"not_picked":["Headbutt","Warcry"],"picked":"Intimidate+1","floor":29.0},{"not_picked":["Warcry","Sword Boomerang","Flame Barrier"],"picked":"Singing Bowl","floor":31.0}],"player_experience":935268,"relics_obtained":[{"floor":7.0,"key":"Art of War"},{"floor":8.0,"key":"PreservedInsect"},{"floor":12.0,"key":"Singing Bowl"},{"floor":13.0,"key":"Smiling Mask"},{"floor":14.0,"key":"Odd Mushroom"},{"floor":21.0,"key":"Red Mask"},{"floor":26.0,"key":"Pocketwatch"},{"floor":30.0,"key":"Strawberry"}],"event_choices":[{"damage_healed":0.0,"max_hp_gain":5.0,"max_hp_loss":0.0,"gold_gain":0.0,"event_name":"Big Fish","player_choice":"Donut","floor":3.0,"gold_loss":0.0,"damage_taken":0.0},{"cards_removed":["Strike_R"],"damage_healed":0.0,"max_hp_gain":0.0,"max_hp_loss":0.0,"gold_gain":0.0,"event_name":"Golden Wing","player_choice":"Card Removal","floor":4.0,"gold_loss":0.0,"damage_taken":7.0},{"damage_healed":0.0,"max_hp_gain":0.0,"max_hp_loss":0.0,"gold_gain":0.0,"event_name":"Mushrooms","player_choice":"Fought Mushrooms","floor":14.0,"gold_loss":0.0,"damage_taken":0.0},{"damage_healed":0.0,"max_hp_gain":0.0,"max_hp_loss":0.0,"gold_gain":0.0,"event_name":"The Library","player_choice":"Read","floor":20.0,"gold_loss":0.0,"damage_taken":0.0,"cards_obtained":["Power Through"]},{"damage_healed":0.0,"max_hp_gain":0.0,"max_hp_loss":0.0,"gold_gain":0.0,"event_name":"Masked Bandits","player_choice":"Fought Bandits","floor":21.0,"gold_loss":0.0,"damage_taken":0.0},{"damage_healed":0.0,"max_hp_gain":0.0,"max_hp_loss":0.0,"gold_gain":0.0,"event_name":"Wheel of Change","player_choice":"Relic","floor":30.0,"gold_loss":0.0,"damage_taken":0.0}],"is_beta":false,"boss_relics":[{"not_picked":["Calling Bell","Pandora\u0027s Box"],"picked":"Orrery"}],"items_purged_floors":[19],"is_endless":false,"potions_floor_spawned":[11,13,14,24,28,31],"killed_by":"Collector","ascension_level":15}