{"path_per_floor":["M","M","M","M","M","R","M","R","T","M","M","R","M","E","R","B",null,"M","?","M","?","M","M","R","M","T","$","R","M","M","$","R","B",null,"M","?","M","?","M","E","R","M","T","R","$","M","R","M","R","B"],"character_chosen":"IRONCLAD","items_purchased":["Bottled Lightning","Thread and Needle"],"gold_per_floor":[110,123,135,152,169,169,189,189,189,201,213,213,229,263,263,367,367,377,377,389,389,401,421,421,433,481,153,153,173,184,84,84,179,209,225,272,282,382,396,425,425,435,504,504,74,92,92,109,109,109],"floor_reached":51,"campfire_rested":1,"playtime":3680,"current_hp_per_floor":[72,72,72,59,60,60,66,66,66,72,70,70,71,72,72,26,72,59,59,64,64,66,72,72,70,70,70,70,72,72,72,72,50,77,77,74,77,77,68,60,60,51,51,51,51,65,65,65,77,77],"items_purged":["Strike_R","Strike_R","Strike_R"],"gold":109,"score":689,"play_id":"10606659-f942-4fe2-8d11-50341dba4055","local_time":"20180328004753","is_prod":false,"is_daily":false,"is_ascension_mode":false,"campfire_upgraded":10,"timestamp":1522190873,"path_taken":["M","M","M","M","M","R","M","R","T","M","M","R","M","E","R","BOSS","M","?","M","?","?","M","R","M","T","$","R","M","M","$","R","BOSS","M","?","M","?","?","E","R","M","T","R","$","M","R","M","R","BOSS"],"build_version":"2018-03-22v2","purchased_purges":3,"victory":true,"master_deck":["Strike_R+1","Defend_R","Defend_R","Defend_R","Defend_R","Bash","Wild Strike+1","Iron Wave","True Grit+1","Fiend Fire+1","Corruption+1","Immolate+1","Seeing Red+1","Fiend Fire+1","Burning Pact+1","Feel No Pain+1","Metallicize+1","True Grit+1","Havoc+1","Offering+1","Ghostly Armor+1","Offering+1","Disarm+1"],"max_hp_per_floor":[72,72,72,72,72,72,72,72,72,72,72,72,72,72,72,72,72,72,72,72,72,72,72,72,72,72,72,72,72,72,72,72,72,77,77,77,77,77,77,77,77,77,77,77,77,77,77,77,77,77],"relics":["Burning Blood","Dead Branch","Bird Faced Urn","Prayer Wheel","Runic Cube","Dream Catcher","Bottled Lightning","Tiny House","Ice Cream","Sundial","Darkstone Periapt","Thread and Needle"],"card_choices":[{"not_picked":["Headbutt","Cleave"],"picked":"Wild Strike","floor":1},{"not_picked":["Wild Strike","Impervious"],"picked":"Iron Wave","floor":3},{"not_picked":["Dropkick","Twin Strike"],"picked":"True Grit","floor":4},{"not_picked":["Clash","Carnage"],"picked":"Fiend Fire","floor":5},{"not_picked":["Thunderclap","Cleave"],"picked":"Corruption","floor":10},{"not_picked":["True Grit","Cleave"],"picked":"Immolate","floor":11},{"not_picked":["Perfected Strike","Dropkick"],"picked":"Seeing Red","floor":13},{"not_picked":["Barricade","Bludgeon"],"picked":"Fiend Fire","floor":16},{"not_picked":["Flex","Anger"],"picked":"Burning Pact","floor":18},{"not_picked":["Carnage","Body Slam"],"picked":"Metallicize","floor":20},{"not_picked":["Feel No Pain","Pummel"],"picked":"True Grit","floor":26},{"not_picked":["True Grit","Uppercut"],"picked":"Havoc","floor":30},{"not_picked":["Feed","Fiend Fire"],"picked":"Offering","floor":33},{"not_picked":["Carnage","Corruption"],"picked":"Ghostly Armor","floor":35},{"not_picked":["Pommel Strike","Bloodletting"],"picked":"Offering","floor":43},{"not_picked":["Intimidate","Whirlwind"],"picked":"Disarm","floor":49}],"player_experience":194017,"potions_floor_usage":[11,13,14,16,18,29,33,36,36,40,50,50],"damage_taken":[{"damage":3,"enemies":"Small Slimes","floor":1,"turns":3},{"damage":6,"enemies":"Jaw Worm","floor":2,"turns":4},{"damage":0,"enemies":"Cultist","floor":3,"turns":2},{"damage":19,"enemies":"Exordium Thugs","floor":4,"turns":5},{"damage":5,"enemies":"3 Louse","floor":5,"turns":5},{"damage":0,"enemies":"Large Slime","floor":7,"turns":4},{"damage":0,"enemies":"Looter","floor":10,"turns":2},{"damage":8,"enemies":"Exordium Thugs","floor":11,"turns":4},{"damage":5,"enemies":"Lots of Slimes","floor":13,"turns":2},{"damage":11,"enemies":"3 Sentries","floor":14,"turns":6},{"damage":56,"enemies":"The Guardian","floor":16,"turns":12},{"damage":21,"enemies":"Shell Parasite","floor":18,"turns":7},{"damage":11,"enemies":"2 Thieves","floor":20,"turns":4},{"damage":12,"enemies":"Centurion and Healer","floor":22,"turns":5},{"damage":8,"enemies":"Snake Plant","floor":23,"turns":6},{"damage":12,"enemies":"3 Cultists","floor":25,"turns":3},{"damage":0,"enemies":"Sentry and Sphere","floor":29,"turns":5},{"damage":2,"enemies":"Snake Plant","floor":30,"turns":4},{"damage":42,"enemies":"Champ","floor":33,"turns":12},{"damage":4,"enemies":"Orb Walker","floor":35,"turns":1},{"damage":11,"enemies":"Sphère mystérieuse","floor":36,"turns":3},{"damage":10,"enemies":"3 Shapes","floor":37,"turns":5},{"damage":21,"enemies":"Sphere and 2 Shapes","floor":39,"turns":5},{"damage":24,"enemies":"Nemesis","floor":40,"turns":5},{"damage":23,"enemies":"Maw","floor":42,"turns":7},{"damage":12,"enemies":"4 Shapes","floor":46,"turns":4},{"damage":8,"enemies":"3 Darklings","floor":48,"turns":1},{"damage":14,"enemies":"Awakened One","floor":50,"turns":9}],"event_choices":[{"event_name":"The Library","player_choice":"Read","floor":19,"damage_taken":0},{"event_name":"Back to Basics","player_choice":"Elegance","floor":21,"damage_taken":0},{"event_name":"Mysterious Sphere","player_choice":"Fight","floor":36,"damage_taken":0},{"event_name":"Golden Shrine","player_choice":"Pray","floor":38,"damage_taken":0}],"boss_relics":[{"not_picked":["Philosopher\u0027s Stone","White Beast Statue"],"picked":"Runic Cube"},{"not_picked":["Black Blood","Velvet Choker"],"picked":"Tiny House"}],"potions_floor_spawned":[4,5,7,14,16,20,23,29,33,39,40,42,46],"seed_played":"4950196080404641186","ascension_level":0,"is_trial":false}