{"gold_per_floor":[115,135,15,29,43,43,62,77,103,103,129,160,160,175,175,277,277,297,311,361,77,89,118,118,151,198,29,57,7,7,23,23,127,127,139,155,205,228,248,248,259,259,259,288,288,288,186,186,186,186],"floor_reached":51,"playtime":2956,"items_purged":["Strike_G","Strike_G","Strike_G","Strike_G"],"score":1019,"play_id":"8a7958c5-f4f9-4cb3-a35f-4bb364b32054","local_time":"20190118060114","is_ascension_mode":true,"campfire_choices":[{"data":"Dash","floor":6,"key":"SMITH"},{"data":"Underhanded Strike","floor":10,"key":"SMITH"},{"floor":13,"key":"REST"},{"data":"Eviscerate","floor":15,"key":"SMITH"},{"data":"Expertise","floor":24,"key":"SMITH"},{"floor":30,"key":"REST"},{"data":"Phantasmal Killer","floor":32,"key":"SMITH"},{"floor":40,"key":"REST"},{"floor":42,"key":"REST"},{"data":"Acrobatics","floor":45,"key":"SMITH"},{"data":"Neutralize","floor":49,"key":"SMITH"}],"neow_cost":"NONE","seed_source_timestamp":35493978598312,"circlet_count":0,"master_deck":["Survivor","Neutralize+1","Terror","Dash+1","Underhanded Strike+1","Dagger Throw","Expertise+1","Acrobatics+1","Eviscerate+1","Phantasmal Killer+1","Dash+1","Master of Strategy","Dagger Throw","Backflip","Adrenaline","Terror+1","Storm of Steel","Endless Agony","Deadly Poison+1","Heel Hook","All Out Attack","Underhanded Strike+1","Dagger Throw"],"relics":["HoveringKite","Pen Nib","Art of War","Ancient Tea Set","Busted Crown","Juzu Bracelet","Smiling Mask","Orichalcum","Anchor","Pandora\u0027s Box","Tough Bandages","War Paint","Mango","Omamori","Centennial Puzzle"],"potions_floor_usage":[16,19,25,28,33,33,44,44,50,50,50,50,50],"damage_taken":[{"damage":4,"enemies":"Cultist","floor":1,"turns":6},{"damage":12,"enemies":"2 Louse","floor":2,"turns":4},{"damage":4,"enemies":"Jaw Worm","floor":4,"turns":4},{"damage":9,"enemies":"Exordium Thugs","floor":5,"turns":5},{"damage":3,"enemies":"3 Louse","floor":7,"turns":5},{"damage":0,"enemies":"Large Slime","floor":8,"turns":5},{"damage":8,"enemies":"Gremlin Nob","floor":12,"turns":3},{"damage":0,"enemies":"Lots of Slimes","floor":14,"turns":3},{"damage":11,"enemies":"Hexaghost","floor":16,"turns":8},{"damage":1,"enemies":"Spheric Guardian","floor":18,"turns":3},{"damage":6,"enemies":"2 Thieves","floor":19,"turns":2},{"damage":0,"enemies":"Chosen and Byrds","floor":22,"turns":3},{"damage":23,"enemies":"Book of Stabbing","floor":23,"turns":5},{"damage":19,"enemies":"Slavers","floor":25,"turns":5},{"damage":0,"enemies":"Gremlin Leader","floor":28,"turns":4},{"damage":0,"enemies":"3 Cultists","floor":31,"turns":2},{"damage":8,"enemies":"Automaton","floor":33,"turns":10},{"damage":0,"enemies":"3 Darklings","floor":35,"turns":3},{"damage":3,"enemies":"3 Shapes","floor":36,"turns":4},{"damage":32,"enemies":"2 Orb Walkers","floor":37,"turns":4},{"damage":0,"enemies":"Maw","floor":39,"turns":4},{"damage":0,"enemies":"Spire Growth","floor":41,"turns":2},{"damage":2,"enemies":"Reptomancer","floor":44,"turns":3},{"damage":26,"enemies":"Donu and Deca","floor":50,"turns":8}],"seed_played":"2855664152298136280","potions_obtained":[{"floor":4,"key":"SkillPotion"},{"floor":7,"key":"Fire Potion"},{"floor":8,"key":"SkillPotion"},{"floor":22,"key":"Energy Potion"},{"floor":23,"key":"Ancient Potion"},{"floor":28,"key":"Dexterity Potion"},{"floor":39,"key":"Weak Potion"},{"floor":41,"key":"Fire Potion"},{"floor":44,"key":"AttackPotion"},{"floor":48,"key":"EntropicBrew"},{"floor":48,"key":"Dexterity Potion"}],"is_trial":false,"path_per_floor":["M","M","$","M","M","R","M","M","T","R","T","E","R","M","R","B",null,"M","M","?","$","M","E","R","E","T","$","E","$","R","M","R","B",null,"M","M","?","T","M","R","M","R","T","E","R","?","?","?","R","B",null],"character_chosen":"THE_SILENT","items_purchased":["Underhanded Strike","Master of Strategy","Dagger Throw","Backflip","Block Potion"],"campfire_rested":4,"item_purchase_floors":[3,21,27,27,27],"current_hp_per_floor":[59,47,47,43,34,34,31,31,31,31,31,23,44,44,44,33,61,60,54,54,54,54,31,31,12,12,12,12,12,33,33,33,25,59,59,56,24,24,24,45,45,66,80,78,78,78,78,78,78,52],"gold":186,"neow_bonus":"BOSS_RELIC","is_prod":false,"is_daily":false,"chose_seed":false,"campfire_upgraded":7,"win_rate":0,"timestamp":1547787674,"path_taken":["M","M","$","M","M","R","M","?","T","R","?","E","R","M","R","BOSS","M","?","?","$","M","E","R","E","T","$","E","?","R","M","R","BOSS","M","M","?","?","M","R","M","R","T","E","R","?","?","?","R","BOSS"],"build_version":"2019-01-10","purchased_purges":4,"victory":true,"max_hp_per_floor":[70,70,70,70,70,70,70,70,70,70,70,70,70,70,70,70,70,70,70,70,70,70,70,70,70,70,70,70,70,70,70,70,70,70,70,70,70,70,70,70,70,70,84,84,84,84,84,84,84,84],"card_choices":[{"not_picked":["Sucker Punch","Dodge and Roll"],"picked":"Terror","floor":1},{"not_picked":["Accuracy","Poisoned Stab"],"picked":"Dash","floor":2},{"not_picked":["Flying Knee","Sucker Punch"],"picked":"Dagger Throw","floor":4},{"not_picked":["Outmaneuver","Flechettes"],"picked":"Expertise","floor":5},{"not_picked":["Cloak And Dagger","Setup","Slice"],"picked":"SKIP","floor":7},{"not_picked":["Cloak And Dagger","Deflect","Bane"],"picked":"SKIP","floor":8},{"not_picked":["Setup","Slice"],"picked":"Acrobatics","floor":12},{"not_picked":["Slice","Poisoned Stab"],"picked":"Eviscerate","floor":14},{"not_picked":["Night Terror","Venomology"],"picked":"Phantasmal Killer","floor":16},{"not_picked":[],"picked":"Dash+1","floor":18},{"not_picked":["Masterful Stab"],"picked":"SKIP","floor":19},{"not_picked":["Choke"],"picked":"SKIP","floor":22},{"not_picked":["Heel Hook"],"picked":"SKIP","floor":23},{"not_picked":["Finisher"],"picked":"SKIP","floor":25},{"not_picked":[],"picked":"Adrenaline","floor":28},{"not_picked":["Caltrops"],"picked":"SKIP","floor":31},{"not_picked":[],"picked":"All Out Attack","floor":35},{"not_picked":[],"picked":"Underhanded Strike+1","floor":36},{"not_picked":["Choke"],"picked":"SKIP","floor":39},{"not_picked":[],"picked":"Dagger Throw","floor":41},{"not_picked":["Deadly Poison+1"],"picked":"SKIP","floor":44}],"player_experience":223719,"relics_obtained":[{"floor":9,"key":"Pen Nib"},{"floor":11,"key":"Art of War"},{"floor":12,"key":"Ancient Tea Set"},{"floor":23,"key":"Juzu Bracelet"},{"floor":25,"key":"Smiling Mask"},{"floor":26,"key":"Orichalcum"},{"floor":28,"key":"Anchor"},{"floor":37,"key":"Tough Bandages"},{"floor":38,"key":"War Paint"},{"floor":43,"key":"Mango"},{"floor":44,"key":"Omamori"}],"event_choices":[{"damage_healed":0,"gold_gain":100,"player_choice":"Bet on Murderer","damage_taken":0,"max_hp_gain":0,"max_hp_loss":0,"event_name":"The Joust","floor":20,"gold_loss":50},{"damage_healed":0,"gold_gain":0,"player_choice":"Fight","damage_taken":0,"max_hp_gain":0,"max_hp_loss":0,"event_name":"Mysterious Sphere","floor":37,"gold_loss":0},{"cards_removed":["Bullet Time"],"damage_healed":0,"gold_gain":0,"player_choice":"Removed Skill","damage_taken":0,"max_hp_gain":0,"max_hp_loss":0,"event_name":"Falling","floor":46,"gold_loss":0},{"damage_healed":0,"gold_gain":0,"player_choice":"Paid Gold","damage_taken":0,"relics_obtained":["Centennial Puzzle"],"max_hp_gain":0,"max_hp_loss":0,"event_name":"WeMeetAgain","floor":47,"gold_loss":102},{"damage_healed":0,"gold_gain":0,"player_choice":"Got Potions","damage_taken":0,"max_hp_gain":0,"max_hp_loss":0,"event_name":"Lab","floor":48,"gold_loss":0}],"is_beta":false,"boss_relics":[{"not_picked":["Calling Bell","WristBlade"],"picked":"Busted Crown"},{"not_picked":["Velvet Choker","Empty Cage"],"picked":"Pandora\u0027s Box"}],"items_purged_floors":[3,21,27,29],"is_endless":false,"potions_floor_spawned":[4,7,8,14,22,23,28,39,41,44],"ascension_level":8}