{"gold_per_floor":[110,123,123,54,69,69,82,112,112,131,131,143,143,159,159,254,254,270,270,20,20,0,32,32,32,56,70,90,90,118,43,43,43],"floor_reached":33,"playtime":1791,"items_purged":["Strike_G"],"score":436,"play_id":"1f5bc170-04de-40e2-ba55-19eea8ca3036","local_time":"20181015031212","is_ascension_mode":true,"campfire_choices":[{"data":"Storm of Steel","floor":6.0,"key":"SMITH"},{"data":"Cloak And Dagger","floor":11,"key":"SMITH"},{"data":"hubris:Counter","floor":13,"key":"SMITH"},{"floor":15,"key":"REST"},{"data":"Cloak And Dagger","floor":24,"key":"SMITH"},{"data":"Footwork","floor":29,"key":"SMITH"},{"floor":32,"key":"REST"}],"neow_cost":"NONE","seed_source_timestamp":13438408288440,"circlet_count":0,"master_deck":["Defend_G","Defend_G","Defend_G","Defend_G","Defend_G","Strike_G","Strike_G","Strike_G","Survivor","Neutralize","Storm of Steel+1","Cloak And Dagger+1","Backflip","Masterful Stab","Predator","hubris:Counter+1","Backstab","Hidden Blade","Infinite Blades","Envenom","Cloak And Dagger+1","Leg Sweep","Footwork+1","Backflip","Glass Knife"],"special_seed":0,"relics":["Ring of the Snake","Shuriken","Paper Crane","Calipers","WristBlade","ReplayFunnel","hubris:SphereOfDissonance","Darkstone Periapt","Pet Ghost","Prayer Wheel"],"potions_floor_usage":[23,27,30,33],"damage_taken":[{"damage":0.0,"enemies":"2 Louse","floor":1.0,"turns":3.0},{"damage":2.0,"enemies":"Jaw Worm","floor":2.0,"turns":5.0},{"damage":0.0,"enemies":"Cultist","floor":5.0,"turns":3.0},{"damage":0.0,"enemies":"Large Slime","floor":7.0,"turns":4.0},{"damage":29,"enemies":"3 Sentries","floor":8,"turns":9},{"damage":1,"enemies":"Exordium Thugs","floor":10,"turns":5},{"damage":0,"enemies":"Exordium Wildlife","floor":12,"turns":2},{"damage":0,"enemies":"Large Slime","floor":14,"turns":3},{"damage":0,"enemies":"Slime Boss","floor":16,"turns":4},{"damage":1,"enemies":"Spheric Guardian","floor":18,"turns":3},{"damage":15,"enemies":"Gremlin Leader","floor":23,"turns":6},{"damage":0,"enemies":"2 Thieves","floor":27,"turns":2},{"damage":8,"enemies":"Snake Plant","floor":28,"turns":2},{"damage":12,"enemies":"Slavers","floor":30,"turns":6},{"damage":56,"enemies":"Collector","floor":33,"turns":7}],"seed_played":"-1860603483867710582","potions_obtained":[{"floor":1.0,"key":"Languid Potion"},{"floor":2.0,"key":"Death Potion"},{"floor":10,"key":"Dexterity Potion"},{"floor":12,"key":"SpeedPotion"},{"floor":16,"key":"Block Potion"},{"floor":23,"key":"Fire Potion"},{"floor":30,"key":"Toxic Potion"}],"is_trial":false,"path_per_floor":["M","M","?","$","M","R","M","E","T","M","R","M","R","M","R","B",null,"M","?","$","?","?","E","R","$","T","M","M","R","E","$","R"],"character_chosen":"THE_SILENT","items_purchased":["Masterful Stab","hubris:SphereOfDissonance"],"campfire_rested":2,"item_purchase_floors":[4,20],"current_hp_per_floor":[63,61,61,61,61,61,61,32,32,31,31,31,31,31,52,52,66,65,65,65,65,65,50,50,50,50,50,42,42,30,30,51,0],"gold":43,"neow_bonus":"TRANSFORM_CARD","is_prod":false,"is_daily":false,"chose_seed":false,"campfire_upgraded":5,"win_rate":0,"timestamp":1539565932,"path_taken":["M","M","?","$","?","R","M","E","T","M","R","M","R","M","R","BOSS","M","?","$","?","?","E","R","$","T","M","M","R","E","?","R","BOSS"],"build_version":"2018-10-04v2","purchased_purges":1,"victory":false,"max_hp_per_floor":[70,70,70,70,70,70,70,70,70,70,70,70,70,70,70,70,70,70,70,70,70,70,70,70,70,70,70,70,70,70,70,70,70],"card_choices":[{"not_picked":["Acrobatics","Hidden Blade"],"picked":"Cloak And Dagger","floor":1.0},{"not_picked":["Dodge and Roll","Prepared"],"picked":"Backflip","floor":2.0},{"not_picked":["Dodge and Roll","Underhanded Strike"],"picked":"Predator","floor":5.0},{"not_picked":["All Out Attack","Dagger Throw","Outmaneuver"],"picked":"SKIP","floor":7.0},{"not_picked":["Choke","Eviscerate"],"picked":"hubris:Counter","floor":8},{"not_picked":["Quick Slash","Well Laid Plans"],"picked":"Backstab","floor":10},{"not_picked":["Wraith Form v2","Footwork"],"picked":"Hidden Blade","floor":12},{"not_picked":["Sneak Up","Hidden Blade"],"picked":"Infinite Blades","floor":14},{"not_picked":["Phantasmal Killer","ReplayTheSpireMod:Necrosis"],"picked":"Envenom","floor":16},{"not_picked":["Bane+1","Hidden Blade"],"picked":"Cloak And Dagger","floor":18},{"not_picked":["Outmaneuver","Endless Agony"],"picked":"Leg Sweep","floor":23},{"not_picked":["Unload","Acrobatics"],"picked":"Footwork","floor":27},{"not_picked":["hubris:TrickCloak","Footwork"],"picked":"Backflip","floor":28},{"not_picked":["hubris:Counter+1","PiercingWail"],"picked":"Glass Knife","floor":30}],"player_experience":982531,"relics_obtained":[{"floor":8,"key":"Shuriken"},{"floor":9,"key":"Paper Crane"},{"floor":23,"key":"Darkstone Periapt"},{"floor":26,"key":"Pet Ghost"},{"floor":30,"key":"Prayer Wheel"}],"event_choices":[{"event_name":"WeMeetAgain","player_choice":"Potion","floor":19,"damage_taken":0},{"event_name":"Masked Bandits","player_choice":"Paid Fearfully","floor":22,"damage_taken":0}],"is_beta":false,"boss_relics":[{"not_picked":["Tiny House","Replay_Grab Bag"],"picked":"WristBlade"}],"items_purged_floors":[31],"is_endless":false,"potions_floor_spawned":[1,2,10,12,16,23,30],"killed_by":"Collector","ascension_level":6}