{"gold_per_floor":[114,114,114,114,130,130,130,143,143,168,168,194,33,50,50,148,148,161,174,174,29,29,29,62,74,149,149,163,181,213,226,226,321,321,340,50,65,65,65,65,90,90,90,117,117,117,144,155,155,155],"floor_reached":51,"playtime":1305,"items_purged":["True Grit"],"score":1233,"play_id":"e950c71a-db6e-4f7e-9c7f-2a53dea5f7e1","local_time":"20190131183749","daily_mods":["SealedDeck","Heirloom","Lethality","Binary"],"is_ascension_mode":true,"campfire_choices":[{"data":"Searing Blow","floor":6,"key":"SMITH"},{"data":"Searing Blow+1","floor":11,"key":"SMITH"},{"data":"Searing Blow+2","floor":15,"key":"SMITH"},{"data":"Searing Blow+3","floor":23,"key":"SMITH"},{"data":"Searing Blow+4","floor":27,"key":"SMITH"},{"data":"Searing Blow+5","floor":32,"key":"SMITH"},{"data":"Searing Blow+6","floor":40,"key":"SMITH"},{"data":"Searing Blow+7","floor":42,"key":"SMITH"},{"data":"Searing Blow+8","floor":45,"key":"SMITH"},{"data":"Searing Blow+9","floor":49,"key":"SMITH"}],"neow_cost":"","seed_source_timestamp":0,"circlet_count":0,"master_deck":["Pommel Strike+1","Thunderclap","Pommel Strike+1","Armaments+1","True Grit","Disarm","Searing Blow+10","Battle Trance+1","Ghostly Armor+1","Good Instincts"],"relics":["Burning Blood","Busted Crown","Nunchaku","Meat on the Bone","PreservedInsect","Whetstone","Runic Pyramid","Lantern","Dream Catcher","Kunai","Smiling Mask","Coffee Dripper","Ice Cream","Mango","Bottled Flame","Anchor","Incense Burner"],"potions_floor_usage":[16,19,50],"damage_taken":[{"damage":0,"enemies":"Small Slimes","floor":1,"turns":3},{"damage":0,"enemies":"2 Louse","floor":5,"turns":2},{"damage":0,"enemies":"Cultist","floor":8,"turns":2},{"damage":15,"enemies":"Lagavulin","floor":10,"turns":3},{"damage":8,"enemies":"3 Sentries","floor":12,"turns":2},{"damage":0,"enemies":"Looter","floor":14,"turns":1},{"damage":14,"enemies":"Hexaghost","floor":16,"turns":4},{"damage":1,"enemies":"2 Thieves","floor":18,"turns":2},{"damage":21,"enemies":"3 Byrds","floor":19,"turns":3},{"damage":3,"enemies":"Slavers","floor":24,"turns":3},{"damage":0,"enemies":"Snecko","floor":25,"turns":2},{"damage":0,"enemies":"Snake Plant","floor":28,"turns":3},{"damage":0,"enemies":"Centurion and Healer","floor":29,"turns":2},{"damage":0,"enemies":"Book of Stabbing","floor":30,"turns":2},{"damage":0,"enemies":"Snecko","floor":31,"turns":2},{"damage":4,"enemies":"Champ","floor":33,"turns":5},{"damage":1,"enemies":"3 Darklings","floor":35,"turns":2},{"damage":0,"enemies":"Orb Walker","floor":37,"turns":1},{"damage":0,"enemies":"Reptomancer","floor":41,"turns":2},{"damage":0,"enemies":"Giant Head","floor":44,"turns":3},{"damage":0,"enemies":"Nemesis","floor":47,"turns":1},{"damage":0,"enemies":"Jaw Worm Horde","floor":48,"turns":2},{"damage":0,"enemies":"Donu and Deca","floor":50,"turns":3}],"seed_played":"3407399106210920394","potions_obtained":[{"floor":1,"key":"GamblersBrew"},{"floor":8,"key":"FearPotion"},{"floor":12,"key":"Regen Potion"},{"floor":16,"key":"Explosive Potion"},{"floor":25,"key":"Swift Potion"},{"floor":31,"key":"Ancient Potion"},{"floor":47,"key":"SkillPotion"}],"is_trial":true,"path_per_floor":["M","?","?","?","M","R","?","M","T","E","R","E","$","M","R","B",null,"M","M","?","$","?","R","E","M","T","R","M","M","E","M","R","B",null,"M","$","M","?","$","R","E","R","T","E","R","?","E","M","R","B",null],"character_chosen":"IRONCLAD","items_purchased":["Good Instincts","Lantern","Ice Cream"],"campfire_rested":0,"item_purchase_floors":[13,21,36],"current_hp_per_floor":[80,85,85,85,85,85,68,74,74,65,65,63,63,69,69,61,79,84,69,69,69,69,69,72,78,78,78,84,85,85,85,85,85,85,85,85,85,85,85,85,99,99,99,99,99,94,94,94,94,94],"gold":155,"neow_bonus":"","is_prod":false,"is_daily":false,"chose_seed":false,"campfire_upgraded":10,"win_rate":0,"timestamp":1548956269,"path_taken":["M","?","?","?","?","R","?","M","T","E","R","E","$","M","R","BOSS","M","M","?","$","?","R","E","?","T","R","M","M","E","M","R","BOSS","M","$","M","?","?","R","E","R","T","E","R","?","E","?","R","BOSS"],"build_version":"2019-01-23","purchased_purges":1,"victory":true,"max_hp_per_floor":[80,85,85,85,85,85,85,85,85,85,85,85,85,85,85,85,85,85,85,85,85,85,85,85,85,85,85,85,85,85,85,85,85,85,85,85,85,85,85,85,99,99,99,99,99,94,94,94,94,94],"card_choices":[],"player_experience":1159222,"relics_obtained":[{"floor":9,"key":"Meat on the Bone"},{"floor":10,"key":"PreservedInsect"},{"floor":12,"key":"Whetstone"},{"floor":24,"key":"Dream Catcher"},{"floor":26,"key":"Kunai"},{"floor":30,"key":"Smiling Mask"},{"floor":41,"key":"Mango"},{"floor":43,"key":"Bottled Flame"},{"floor":44,"key":"Anchor"},{"floor":47,"key":"Incense Burner"}],"event_choices":[{"damage_healed":0,"gold_gain":0,"player_choice":"Donut","damage_taken":0,"max_hp_gain":5,"max_hp_loss":0,"event_name":"Big Fish","floor":2,"gold_loss":0},{"damage_healed":0,"gold_gain":0,"player_choice":"Grow","damage_taken":0,"max_hp_gain":0,"max_hp_loss":0,"event_name":"Living Wall","floor":3,"gold_loss":0,"cards_upgraded":["Armaments"]},{"damage_healed":0,"gold_gain":0,"player_choice":"Ignored","damage_taken":0,"max_hp_gain":0,"max_hp_loss":0,"event_name":"NoteForYourself","floor":4,"gold_loss":0},{"damage_healed":0,"gold_gain":0,"player_choice":"Entered Light","damage_taken":17,"max_hp_gain":0,"max_hp_loss":0,"event_name":"Shining Light","floor":7,"gold_loss":0,"cards_upgraded":["Battle Trance","Ghostly Armor"]},{"damage_healed":0,"gold_gain":0,"player_choice":"Ignored","damage_taken":0,"max_hp_gain":0,"max_hp_loss":0,"event_name":"Vampires","floor":20,"gold_loss":0},{"damage_healed":0,"gold_gain":0,"player_choice":"Ignored","damage_taken":0,"max_hp_gain":0,"max_hp_loss":0,"event_name":"N\u0027loth","floor":22,"gold_loss":0},{"damage_healed":0,"gold_gain":0,"player_choice":"Ignored","damage_taken":0,"max_hp_gain":0,"max_hp_loss":0,"event_name":"SecretPortal","floor":38,"gold_loss":0},{"damage_healed":0,"gold_gain":0,"player_choice":"Max HP","damage_taken":0,"max_hp_gain":0,"max_hp_loss":5,"event_name":"Winding Halls","floor":46,"gold_loss":0}],"is_beta":false,"boss_relics":[{"not_picked":["Fusion Hammer","Snecko Eye"],"picked":"Runic Pyramid"},{"not_picked":["Astrolabe","Empty Cage"],"picked":"Coffee Dripper"}],"items_purged_floors":[13],"is_endless":false,"potions_floor_spawned":[1,8,12,16,25,29,31,33,37,47],"ascension_level":5}