{"gold_per_floor":[111,28,28,48,48,48,65,99,126,126,126,126,169,188,188,286,286,307,331,350,350,350,350,365,365,365,365],"floor_reached":27,"playtime":1733,"items_purged":[],"score":442,"play_id":"46cdc329-7331-477f-bde3-ce224caa6842","local_time":"20181010155553","is_ascension_mode":true,"campfire_choices":[{"floor":6,"key":"REST"},{"floor":10,"key":"REST"},{"floor":15,"key":"REST"},{"floor":23,"key":"REST"},{"floor":25,"key":"REST"}],"neow_cost":"NONE","seed_source_timestamp":18362018687044,"circlet_count":0,"master_deck":["Defend_G","Defend_G","Defend_G","Defend_G","Defend_G","Strike_G","Strike_G","Strike_G","Strike_G","Survivor","Neutralize","AscendersBane","Deadly Poison","Noxious Fumes","Bouncing Flask","Deadly Poison","Adrenaline","Calculated Gamble","Venomology","Dodge and Roll","PiercingWail","Outmaneuver","Deflect","Doubt"],"relics":["Ring of the Snake","Snake Skull","Smiling Mask","Vajra","Oddly Smooth Stone","Bloody Idol","Ancient Tea Set","Cursed Key","Mercury Hourglass"],"potions_floor_usage":[8,8,18,19,24,27,27,27,27,27],"damage_taken":[{"damage":7,"enemies":"Cultist","floor":1,"turns":6},{"damage":6,"enemies":"2 Louse","floor":4,"turns":3},{"damage":1,"enemies":"Jaw Worm","floor":7,"turns":3},{"damage":6,"enemies":"Gremlin Nob","floor":8,"turns":3},{"damage":38,"enemies":"3 Sentries","floor":13,"turns":6},{"damage":0,"enemies":"3 Louse","floor":14,"turns":3},{"damage":5,"enemies":"Hexaghost","floor":16,"turns":7},{"damage":29,"enemies":"3 Byrds","floor":18,"turns":4},{"damage":5,"enemies":"Spheric Guardian","floor":19,"turns":4},{"damage":18,"enemies":"3 Cultists","floor":20,"turns":5},{"damage":5,"enemies":"Snake Plant","floor":24,"turns":3},{"damage":42,"enemies":"Book of Stabbing","floor":27,"turns":5}],"seed_played":"4777319480636374632","potions_obtained":[{"floor":4,"key":"Swift Potion"},{"floor":7,"key":"Fire Potion"},{"floor":16,"key":"Dexterity Potion"},{"floor":24,"key":"AttackPotion"}],"is_trial":false,"path_per_floor":["M","$","?","M","?","R","M","E","T","R","?","?","E","M","R","B",null,"M","M","M","?","?","R","M","R","T"],"character_chosen":"THE_SILENT","items_purchased":["Noxious Fumes"],"campfire_rested":5,"item_purchase_floors":[2],"current_hp_per_floor":[52,52,57,51,16,37,36,30,30,51,51,51,13,13,32,27,55,26,21,3,3,3,22,22,41,41,0],"gold":365,"neow_bonus":"RANDOM_COMMON_RELIC","is_prod":false,"is_daily":false,"chose_seed":false,"campfire_upgraded":0,"win_rate":0,"timestamp":1539179753,"path_taken":["M","$","?","M","?","R","M","E","T","R","?","?","E","?","R","BOSS","M","M","?","?","?","R","M","R","T","E"],"build_version":"2018-10-04v2","purchased_purges":0,"victory":false,"max_hp_per_floor":[66,66,71,71,71,71,71,71,71,71,64,64,64,64,64,64,64,64,64,64,64,64,64,64,64,64,64],"card_choices":[{"not_picked":["Acrobatics","Catalyst"],"picked":"Deadly Poison","floor":1},{"not_picked":["Distraction","Acrobatics"],"picked":"Bouncing Flask","floor":4},{"not_picked":["Skewer","PiercingWail"],"picked":"Deadly Poison","floor":7},{"not_picked":["Setup","Finisher","Acrobatics"],"picked":"SKIP","floor":8},{"not_picked":["Deflect","Slice"],"picked":"Adrenaline","floor":13},{"not_picked":["Quick Slash","Bane"],"picked":"Calculated Gamble","floor":14},{"not_picked":["Grand Finale","Unload"],"picked":"Venomology","floor":16},{"not_picked":["Poisoned Stab","Dagger Throw"],"picked":"Dodge and Roll","floor":18},{"not_picked":["All Out Attack+1","Dash"],"picked":"PiercingWail","floor":19},{"not_picked":["Deadly Poison","Dagger Throw","Quick Slash"],"picked":"SKIP","floor":20},{"not_picked":["Prepared","Outmaneuver"],"picked":"Deflect","floor":24}],"player_experience":1405502,"relics_obtained":[{"floor":8,"key":"Vajra"},{"floor":9,"key":"Oddly Smooth Stone"},{"floor":13,"key":"Ancient Tea Set"},{"floor":26,"key":"Mercury Hourglass"}],"event_choices":[{"event_name":"Big Fish","player_choice":"Donut","floor":3,"damage_taken":0},{"event_name":"Scrap Ooze","player_choice":"success","floor":5,"damage_taken":35},{"event_name":"Golden Idol","player_choice":"Lose Max HP","floor":11,"damage_taken":0},{"event_name":"Liars Game","player_choice":"disagreed","floor":12,"damage_taken":0},{"event_name":"Forgotten Altar","player_choice":"Gave Idol","floor":21,"damage_taken":0},{"event_name":"Transmorgrifier","player_choice":"Transform","floor":22,"damage_taken":0}],"is_beta":false,"boss_relics":[{"not_picked":["Eternal Feather","Philosopher\u0027s Stone"],"picked":"Cursed Key"}],"items_purged_floors":[],"is_endless":false,"potions_floor_spawned":[4,7,16,24],"killed_by":"Book of Stabbing","ascension_level":20}