{"path_per_floor":["M","?","M","M","M","R","M","M","T","R","M","R","M","M","R","B",null,"M","M","M","$","M","R","M","?","T","M","?","?","$","M","R","B",null,"M","?","$","M","M","R","?","M","T"],"character_chosen":"THE_SILENT","items_purchased":["Infinite Blades","Orichalcum","Footwork","Dodge and Roll"],"gold_per_floor":[109,59,73,88,106,106,126,137,137,137,154,154,172,183,183,183,213,224,234,248,21,35,35,47,47,47,67,67,67,0,20,20,115,115,128,128,5,16,28,28,28,47,47,47],"floor_reached":44,"campfire_rested":2,"playtime":2398,"current_hp_per_floor":[70,70,68,68,65,65,64,64,64,64,64,64,62,62,62,37,75,71,63,61,61,50,50,48,48,48,48,48,48,48,36,58,9,75,42,42,42,42,30,64,64,54,54,0],"items_purged":["Strike_G"],"gold":47,"score":410,"play_id":"8e459d19-3830-4725-8e36-ce353d43d13d","local_time":"20180409192702","is_prod":false,"is_daily":false,"is_ascension_mode":false,"campfire_upgraded":5,"timestamp":1523294822,"path_taken":["M","?","M","M","M","R","M","M","T","R","M","R","M","?","R","BOSS","M","M","M","$","M","R","M","?","T","?","?","?","$","M","R","BOSS","M","?","?","M","M","R","?","?","T","E"],"build_version":"2018-04-05v2","purchased_purges":1,"victory":false,"master_deck":["Defend_G","Defend_G","Defend_G","Defend_G","Defend_G","Strike_G","Strike_G","Strike_G","Survivor","Neutralize","Sucker Punch+1","Riddle With Holes+1","Cloak And Dagger","Dagger Spray","Leg Sweep+1","Deflect+1","Riddle With Holes+1","Slice","Slice","Cloak And Dagger","Well Laid Plans","Infinite Blades+1","Flechettes+1","Cloak And Dagger","PiercingWail+1","Footwork","Bullet Time","Flechettes+1","Dodge and Roll","Backflip+1","Distraction+1","Acrobatics+1"],"max_hp_per_floor":[70,70,70,70,70,70,70,70,70,70,70,70,70,70,70,70,75,75,75,75,75,75,75,75,75,75,75,75,75,75,75,75,75,75,75,75,75,75,75,75,75,75,75,75],"relics":["Ring of the Snake","Vajra","Prayer Wheel","Tiny House","Orichalcum","Shuriken","Eternal Feather","Girya"],"card_choices":[{"not_picked":["Riddle With Holes","Dagger Throw"],"picked":"Sucker Punch","floor":1},{"not_picked":["Caltrops","Dodge and Roll"],"picked":"Riddle With Holes","floor":3},{"not_picked":["Prepared","PiercingWail"],"picked":"Cloak And Dagger","floor":4},{"not_picked":["Expertise","Cloak And Dagger"],"picked":"Dagger Spray","floor":5},{"not_picked":["Acrobatics","A Thousand Cuts"],"picked":"Leg Sweep","floor":7},{"not_picked":["Outmaneuver","Slice"],"picked":"Deflect","floor":11},{"not_picked":["Outmaneuver","All Out Attack"],"picked":"Riddle With Holes","floor":13},{"not_picked":["Bane","Sucker Punch"],"picked":"Slice","floor":14},{"not_picked":["Choke","Sucker Punch"],"picked":"Slice","floor":17},{"not_picked":["Flying Knee","All Out Attack"],"picked":"Cloak And Dagger","floor":18},{"not_picked":["Deflect","Crippling Poison"],"picked":"Well Laid Plans","floor":19},{"not_picked":["Eviscerate","Bane"],"picked":"Flechettes","floor":24},{"not_picked":["Quick Slash","Grand Finale"],"picked":"Cloak And Dagger","floor":26},{"not_picked":["Heel Hook","Cloak And Dagger"],"picked":"PiercingWail","floor":27},{"not_picked":["Corpse Explosion","Grand Finale"],"picked":"Bullet Time","floor":33},{"not_picked":["Bouncing Flask","Dagger Throw"],"picked":"Flechettes","floor":35},{"not_picked":["Sucker Punch","All Out Attack"],"picked":"Acrobatics","floor":38},{"not_picked":["Dodge and Roll","Sucker Punch"],"picked":"Backflip","floor":39},{"not_picked":["Expertise","Quick Slash"],"picked":"Distraction","floor":42},{"not_picked":["Backstab","PiercingWail"],"picked":"Acrobatics","floor":43}],"player_experience":367974,"potions_floor_usage":[16,20,27,33,44,44,44],"damage_taken":[{"damage":0,"enemies":"Jaw Worm","floor":1,"turns":4},{"damage":2,"enemies":"Small Slimes","floor":3,"turns":4},{"damage":0,"enemies":"2 Louse","floor":4,"turns":2},{"damage":3,"enemies":"Lots of Slimes","floor":5,"turns":5},{"damage":1,"enemies":"Looter","floor":7,"turns":2},{"damage":0,"enemies":"Gremlin Gang","floor":8,"turns":2},{"damage":0,"enemies":"2 Fungi Beasts","floor":11,"turns":3},{"damage":2,"enemies":"Looter","floor":13,"turns":2},{"damage":0,"enemies":"Large Slime","floor":14,"turns":4},{"damage":25,"enemies":"Slime Boss","floor":16,"turns":8},{"damage":4,"enemies":"3 Byrds","floor":18,"turns":6},{"damage":8,"enemies":"Shell Parasite","floor":19,"turns":5},{"damage":2,"enemies":"Cultist and Chosen","floor":20,"turns":6},{"damage":11,"enemies":"Snake Plant","floor":22,"turns":5},{"damage":2,"enemies":"Centurion and Healer","floor":24,"turns":7},{"damage":0,"enemies":"3 Cultists","floor":27,"turns":4},{"damage":12,"enemies":"Snake Plant","floor":31,"turns":6},{"damage":49,"enemies":"Automaton","floor":33,"turns":11},{"damage":33,"enemies":"3 Darklings","floor":35,"turns":6},{"damage":0,"enemies":"3 Shapes","floor":38,"turns":3},{"damage":12,"enemies":"3 Darklings","floor":39,"turns":6},{"damage":10,"enemies":"4 Shapes","floor":42,"turns":11},{"damage":92,"enemies":"Giant Head","floor":44,"turns":10}],"event_choices":[{"event_name":"The Cleric","player_choice":"Card Removal","floor":2,"damage_taken":0},{"event_name":"Addict","player_choice":"Ignored","floor":25,"damage_taken":0},{"event_name":"Vampires","player_choice":"Ignored","floor":28,"damage_taken":0},{"event_name":"N\u0027loth","player_choice":"Ignored","floor":29,"damage_taken":0},{"event_name":"Tomb of Lord Red Mask","player_choice":"Ignored","floor":36,"damage_taken":0}],"boss_relics":[{"not_picked":["Calling Bell","Velvet Choker"],"picked":"Tiny House"},{"not_picked":["Runic Dome","Black Star"],"picked":"Eternal Feather"}],"potions_floor_spawned":[1,8,11,14,18,19,24,27,39],"seed_played":"463410654072599732","killed_by":"Giant Head","ascension_level":0,"is_trial":false}