{"gold_per_floor":[212,225,300,350,364,364,392,408,408,428,439,135,135,147,147,219,219,230,244,262,262,78,78,88,88,167,194,194,214,214,227,227,299,299,312,312,187,201,221,221,239,267,267,278,278,128,143,163,163,163,163],"floor_reached":51,"playtime":2043,"items_purged":["Strike_B","Strike_B","Strike_B","Strike_B"],"score":1431,"play_id":"c55d7bdc-40c7-4d66-b0ad-724d002e100e","local_time":"20190128114705","is_ascension_mode":true,"campfire_choices":[{"data":"Sunder","floor":6.0,"key":"SMITH"},{"data":"Zap","floor":15.0,"key":"SMITH"},{"data":"Darkness","floor":23.0,"key":"SMITH"},{"data":"Skim","floor":25.0,"key":"SMITH"},{"data":"Fission","floor":28.0,"key":"SMITH"},{"floor":30.0,"key":"REST"},{"data":"Conserve Battery","floor":32.0,"key":"SMITH"},{"data":"Blizzard","floor":40.0,"key":"SMITH"},{"floor":49.0,"key":"REST"}],"neow_cost":"NONE","seed_source_timestamp":3593990322529,"circlet_count":0,"master_deck":["AscendersBane","Defend_B","Defend_B","Defend_B","Defend_B","Zap+1","Dualcast","Doom and Gloom","Compile Driver","Conserve Battery+1","Cold Snap","Self Repair","Conserve Battery","Electrodynamics","Core Surge","Genetic Algorithm","Darkness+1","Skim+1","Chill","Fission+1","Ball Lightning","Seek+1","Undo+1","Tempest","Blizzard+1","Leap+1","Leap+1"],"special_seed":0,"relics":["FrozenCore","Mercury Hourglass","Pear","Odd Mushroom","Runic Capacitor","Singing Bowl","Bronze Scales","Sozu","Bottled Lightning","Calipers"],"potions_floor_usage":[],"damage_taken":[{"damage":4.0,"enemies":"Jaw Worm","floor":1.0,"turns":4.0},{"damage":8.0,"enemies":"Small Slimes","floor":2.0,"turns":3.0},{"damage":1.0,"enemies":"Cultist","floor":5.0,"turns":3.0},{"damage":26.0,"enemies":"Gremlin Nob","floor":7.0,"turns":4.0},{"damage":11.0,"enemies":"Looter","floor":8.0,"turns":2.0},{"damage":0.0,"enemies":"The Mushroom Lair","floor":10.0,"turns":3.0},{"damage":1.0,"enemies":"Gremlin Gang","floor":11.0,"turns":3.0},{"damage":0.0,"enemies":"3 Louse","floor":14.0,"turns":3.0},{"damage":0.0,"enemies":"Slime Boss","floor":16.0,"turns":5.0},{"damage":7.0,"enemies":"Shell Parasite","floor":18.0,"turns":6.0},{"damage":6.0,"enemies":"2 Thieves","floor":19.0,"turns":5.0},{"damage":2.0,"enemies":"Snecko","floor":20.0,"turns":8.0},{"damage":17.0,"enemies":"3 Cultists","floor":24.0,"turns":5.0},{"damage":16.0,"enemies":"Gremlin Leader","floor":27.0,"turns":8.0},{"damage":7.0,"enemies":"Chosen and Byrds","floor":29.0,"turns":6.0},{"damage":0.0,"enemies":"Centurion and Healer","floor":31.0,"turns":7.0},{"damage":55.0,"enemies":"Champ","floor":33.0,"turns":13.0},{"damage":0.0,"enemies":"3 Shapes","floor":35.0,"turns":5.0},{"damage":25.0,"enemies":"3 Darklings","floor":38.0,"turns":3.0},{"damage":10.0,"enemies":"Spire Growth","floor":39.0,"turns":6.0},{"damage":8.0,"enemies":"Sphere and 2 Shapes","floor":41.0,"turns":4.0},{"damage":18.0,"enemies":"Reptomancer","floor":42.0,"turns":7.0},{"damage":0.0,"enemies":"4 Shapes","floor":44.0,"turns":4.0},{"damage":0.0,"enemies":"Jaw Worm Horde","floor":47.0,"turns":3.0},{"damage":0.0,"enemies":"3 Darklings","floor":48.0,"turns":2.0},{"damage":65.0,"enemies":"Awakened One","floor":50.0,"turns":27.0},{"damage":38,"enemies":"Time Eater","floor":51,"turns":11}],"seed_played":"7880559787987122653","potions_obtained":[{"floor":5.0,"key":"Weak Potion"},{"floor":8.0,"key":"GamblersBrew"},{"floor":10.0,"key":"Swift Potion"},{"floor":11.0,"key":"FearPotion"},{"floor":18.0,"key":"Weak Potion"},{"floor":24.0,"key":"Weak Potion"},{"floor":27.0,"key":"GamblersBrew"}],"is_trial":false,"path_per_floor":["M","M","?","?","M","R","E","M","T","?","M","$","?","M","R","B",null,"M","M","M","?","$","R","M","R","T","E","R","M","R","M","R","B",null,"M","?","$","M","M","R","M","E","T","M","?","$","M","M","R","B","B"],"character_chosen":"DEFECT","items_purchased":["Runic Capacitor","Skim"],"campfire_rested":2,"item_purchase_floors":[12,22],"current_hp_per_floor":[60,52,41,41,40,40,14,3,13,13,12,12,12,19,19,19,66,66,60,65,42,42,42,32,32,32,23,23,23,48,57,57,9,68,75,75,75,57,54,54,53,44,44,51,51,51,60,62,90,32,0],"gold":163,"neow_bonus":"HUNDRED_GOLD","is_prod":false,"is_daily":false,"chose_seed":false,"campfire_upgraded":7,"win_rate":0,"timestamp":1548643625,"path_taken":["M","M","?","?","M","R","E","?","T","?","M","$","?","M","R","BOSS","M","?","M","?","$","R","M","R","T","E","R","M","R","M","R","BOSS","M","?","$","M","?","R","M","E","T","?","?","$","M","M","R","BOSS","BOSS"],"build_version":"2019-01-23","purchased_purges":4,"victory":false,"max_hp_per_floor":[71,71,71,71,71,71,71,71,81,81,81,81,81,81,81,81,81,81,81,81,86,86,86,86,86,86,86,86,86,86,88,88,88,88,88,88,88,88,88,88,88,90,90,90,90,90,92,94,94,94,94],"card_choices":[{"not_picked":["Sweeping Beam","Loop"],"picked":"Doom and Gloom","floor":1.0},{"not_picked":["Lockon","Stack"],"picked":"Compile Driver","floor":2.0},{"not_picked":["Melter","Gash"],"picked":"Sunder","floor":5.0},{"not_picked":["Sweeping Beam","Go for the Eyes"],"picked":"Conserve Battery","floor":7.0},{"not_picked":["Blizzard","Melter"],"picked":"Cold Snap","floor":8.0},{"not_picked":["Stack","Sunder"],"picked":"Self Repair","floor":10.0},{"not_picked":["Hologram","Redo","Conserve Battery"],"picked":"SKIP","floor":11.0},{"not_picked":["Hologram","Redo"],"picked":"Conserve Battery","floor":11.0},{"not_picked":["Compile Driver","Go for the Eyes","Barrage"],"picked":"SKIP","floor":14.0},{"not_picked":["Rainbow","Electrodynamics"],"picked":"Core Surge","floor":16.0},{"not_picked":["Go for the Eyes","BootSequence"],"picked":"Genetic Algorithm","floor":18.0},{"not_picked":["Hologram","Compile Driver","Conserve Battery"],"picked":"SKIP","floor":19.0},{"not_picked":["Blizzard","Cold Snap"],"picked":"Darkness","floor":20.0},{"not_picked":["Compile Driver","Lockon"],"picked":"Chill","floor":24.0},{"not_picked":["Steam Power","Gash"],"picked":"Fission","floor":27.0},{"not_picked":["Leap","Conserve Battery"],"picked":"Ball Lightning","floor":29.0},{"not_picked":["Sweeping Beam","Gash","Steam+1"],"picked":"Singing Bowl","floor":31.0},{"not_picked":["Creative AI","Multi-Cast"],"picked":"Seek","floor":33.0},{"not_picked":["Auto Shields","Force Field"],"picked":"Undo+1","floor":35.0},{"not_picked":["Ball Lightning","Static Discharge"],"picked":"Tempest","floor":38.0},{"not_picked":["Beam Cell+1","Go for the Eyes"],"picked":"Blizzard","floor":39.0},{"not_picked":["Aggregate","Tempest"],"picked":"Leap+1","floor":41.0},{"not_picked":["Scrape","Hello World","Chill+1"],"picked":"Singing Bowl","floor":42.0},{"not_picked":["Gash+1","Hologram"],"picked":"Leap+1","floor":44.0},{"not_picked":["Leap","Rebound","Reinforced Body"],"picked":"Singing Bowl","floor":47.0},{"not_picked":["Chaos","Genetic Algorithm","Double Energy"],"picked":"Singing Bowl","floor":48.0}],"player_experience":998223,"relics_obtained":[{"floor":7.0,"key":"Mercury Hourglass"},{"floor":9.0,"key":"Pear"},{"floor":10.0,"key":"Odd Mushroom"},{"floor":26.0,"key":"Singing Bowl"},{"floor":27.0,"key":"Bronze Scales"},{"floor":42.0,"key":"Bottled Lightning"},{"floor":43.0,"key":"Calipers"}],"event_choices":[{"damage_healed":0.0,"max_hp_gain":0.0,"max_hp_loss":0.0,"gold_gain":75.0,"event_name":"World of Goop","player_choice":"Gather Gold","floor":3.0,"gold_loss":0.0,"damage_taken":11.0},{"damage_healed":0.0,"max_hp_gain":0.0,"max_hp_loss":0.0,"gold_gain":50.0,"event_name":"Golden Shrine","player_choice":"Pray","floor":4.0,"gold_loss":0.0,"damage_taken":0.0},{"damage_healed":0.0,"max_hp_gain":0.0,"max_hp_loss":0.0,"gold_gain":0.0,"event_name":"Mushrooms","player_choice":"Fought Mushrooms","floor":10.0,"gold_loss":0.0,"damage_taken":0.0},{"damage_healed":0.0,"max_hp_gain":0.0,"max_hp_loss":0.0,"gold_gain":0.0,"event_name":"Match and Keep!","player_choice":"1 cards matched","floor":13.0,"gold_loss":0.0,"damage_taken":0.0,"cards_obtained":["Electrodynamics"]},{"damage_healed":0.0,"max_hp_gain":5.0,"max_hp_loss":0.0,"gold_gain":0.0,"event_name":"Forgotten Altar","player_choice":"Shed Blood","floor":21.0,"gold_loss":0.0,"damage_taken":28.0},{"damage_healed":0.0,"max_hp_gain":0.0,"max_hp_loss":0.0,"gold_gain":0.0,"event_name":"Upgrade Shrine","player_choice":"Upgraded","floor":36.0,"gold_loss":0.0,"damage_taken":0.0,"cards_upgraded":["Seek"]},{"cards_removed":["Sunder"],"damage_healed":0.0,"max_hp_gain":0.0,"max_hp_loss":0.0,"gold_gain":0.0,"event_name":"Falling","player_choice":"Removed Attack","floor":45.0,"gold_loss":0.0,"damage_taken":0.0}],"is_beta":false,"boss_relics":[{"not_picked":["Fusion Hammer","Philosopher\u0027s Stone"],"picked":"FrozenCore"},{"not_picked":["Tiny House","Empty Cage"],"picked":"Sozu"}],"items_purged_floors":[12,22,37,46],"is_endless":false,"potions_floor_spawned":[5,8,10,11,18,24,27,39,47],"killed_by":"Time Eater","ascension_level":20}