{"gold_per_floor":[115,134,49,67,86,118,118,149,173,4,4,4],"floor_reached":12,"playtime":835,"items_purged":[],"score":176,"play_id":"3a21cf19-ea2a-4a03-bd34-5a26626f623d","local_time":"20181008115053","is_ascension_mode":true,"campfire_choices":[{"data":"All Out Attack","floor":7.0,"key":"SMITH"},{"floor":11.0,"key":"REST"}],"neow_cost":"TEN_PERCENT_HP_LOSS","seed_source_timestamp":8323259977273,"circlet_count":0,"master_deck":["Defend_G","Defend_G","Defend_G","Defend_G","Defend_G","Strike_G","Strike_G","Strike_G","Strike_G","Strike_G","Survivor","Neutralize","AscendersBane","Tools of the Trade","Reflex","Crippling Poison","All Out Attack+1","Sucker Punch","Terror","Backflip","Envenom","Footwork","Leg Sweep"],"special_seed":0,"relics":["Ring of the Snake","Thread and Needle","Snake Skull","Smiling Mask"],"potions_floor_usage":[],"damage_taken":[{"damage":0.0,"enemies":"Jaw Worm","floor":1.0,"turns":6.0},{"damage":0.0,"enemies":"2 Louse","floor":2.0,"turns":5.0},{"damage":0.0,"enemies":"Cultist","floor":4.0,"turns":4.0},{"damage":3.0,"enemies":"Looter","floor":5.0,"turns":4.0},{"damage":24.0,"enemies":"Gremlin Nob","floor":6.0,"turns":4.0},{"damage":22.0,"enemies":"3 Sentries","floor":8.0,"turns":7.0},{"damage":28,"enemies":"Gremlin Nob","floor":12,"turns":5}],"seed_played":"6039318992324626610","potions_obtained":[{"floor":1.0,"key":"Poison Potion"},{"floor":5.0,"key":"PowerPotion"}],"is_trial":false,"path_per_floor":["M","M","$","M","M","E","R","E","T","$","R"],"character_chosen":"THE_SILENT","items_purchased":["All Out Attack","Footwork","Leg Sweep"],"campfire_rested":1,"item_purchase_floors":[3,10,10],"current_hp_per_floor":[59,59,59,59,56,32,32,10,10,10,28,0],"gold":4,"neow_bonus":"THREE_RARE_CARDS","is_prod":false,"is_daily":false,"chose_seed":false,"campfire_upgraded":1,"win_rate":0,"timestamp":1538992253,"path_taken":["M","M","$","M","M","E","R","E","T","$","R","E"],"build_version":"2018-10-04v2","purchased_purges":0,"victory":false,"max_hp_per_floor":[60,60,60,60,60,60,60,60,60,60,60,60],"card_choices":[{"not_picked":["Bullet Time","Wraith Form v2"],"picked":"Tools of the Trade","floor":0.0},{"not_picked":["Endless Agony","Accuracy"],"picked":"Reflex","floor":1.0},{"not_picked":["Acrobatics","Flying Knee"],"picked":"Crippling Poison","floor":2.0},{"not_picked":["Riddle With Holes","Prepared"],"picked":"Sucker Punch","floor":4.0},{"not_picked":["Flying Knee","Slice"],"picked":"Terror","floor":5.0},{"not_picked":["Calculated Gamble","Well Laid Plans"],"picked":"Backflip","floor":6.0},{"not_picked":["Concentrate","Riddle With Holes"],"picked":"Envenom","floor":8.0}],"player_experience":1353500,"relics_obtained":[{"floor":6.0,"key":"Thread and Needle"},{"floor":8.0,"key":"Snake Skull"},{"floor":9.0,"key":"Smiling Mask"}],"event_choices":[],"is_beta":false,"boss_relics":[],"items_purged_floors":[],"is_endless":false,"potions_floor_spawned":[1,5],"killed_by":"Gremlin Nob","ascension_level":20}