{"gold_per_floor":[116,130,130,17,37,66,66,80,107,107,121,121,154,170,170,274,274,285,300,17,17,32,66,97,29,74,91,109,121,121,140,140,140],"floor_reached":33,"playtime":5761,"items_purged":["Pain"],"score":283,"play_id":"027ff2e7-e506-4070-9970-4649415a1783","local_time":"20190111193922","is_ascension_mode":false,"campfire_choices":[{"data":"Searing Blow","floor":7,"key":"SMITH"},{"data":"Searing Blow+1","floor":10,"key":"SMITH"},{"data":"Bash","floor":12,"key":"SMITH"},{"data":"Searing Blow+2","floor":15,"key":"SMITH"},{"floor":30,"key":"REST"},{"floor":32,"key":"REST"}],"neow_cost":"NONE","seed_source_timestamp":166519073846569,"circlet_count":0,"master_deck":["Strike_R","Strike_R","Strike_R","Strike_R","Strike_R","Defend_R","Defend_R","Defend_R","Defend_R","Bash+1","Armaments","Cleave","Searing Blow+3","Warcry","Second Wind","Iron Wave","Fiend Fire","Hemokinesis+1","Jack Of All Trades","Chrysalis","Headbutt+1","Rage","Double Tap"],"relics":["Black Blood","NeowsBlessing","WarpedTongs","Bag of Preparation","PreservedInsect","Lantern","Self Forming Clay","MawBank","Happy Flower"],"potions_floor_usage":[6,6,29,31,33,33],"damage_taken":[{"damage":1,"enemies":"2 Louse","floor":1,"turns":2},{"damage":0,"enemies":"Cultist","floor":2,"turns":1},{"damage":0,"enemies":"Jaw Worm","floor":5,"turns":1},{"damage":10,"enemies":"Gremlin Nob","floor":6,"turns":3},{"damage":11,"enemies":"Gremlin Gang","floor":8,"turns":3},{"damage":8,"enemies":"Exordium Thugs","floor":11,"turns":4},{"damage":15,"enemies":"Lagavulin","floor":13,"turns":4},{"damage":0,"enemies":"3 Louse","floor":14,"turns":2},{"damage":41,"enemies":"The Guardian","floor":16,"turns":10},{"damage":2,"enemies":"Chosen","floor":18,"turns":3},{"damage":15,"enemies":"2 Thieves","floor":19,"turns":3},{"damage":15,"enemies":"Centurion and Healer","floor":22,"turns":3},{"damage":27,"enemies":"Book of Stabbing","floor":23,"turns":4},{"damage":32,"enemies":"Cultist and Chosen","floor":24,"turns":6},{"damage":3,"enemies":"Snecko","floor":27,"turns":3},{"damage":22,"enemies":"Centurion and Healer","floor":28,"turns":5},{"damage":15,"enemies":"Snake Plant","floor":29,"turns":3},{"damage":29,"enemies":"Chosen and Byrds","floor":31,"turns":5},{"damage":50,"enemies":"Champ","floor":33,"turns":8}],"seed_played":"-3063769942060073498","potions_obtained":[{"floor":1,"key":"Energy Potion"},{"floor":5,"key":"Weak Potion"},{"floor":16,"key":"SkillPotion"},{"floor":22,"key":"LiquidBronze"},{"floor":24,"key":"Fire Potion"},{"floor":28,"key":"AttackPotion"},{"floor":31,"key":"FearPotion"}],"is_trial":false,"path_per_floor":["M","M","?","$","M","E","R","M","T","R","M","R","E","M","R","B",null,"M","M","$","?","M","E","M","$","T","M","M","M","R","M","R","B"],"character_chosen":"IRONCLAD","items_purchased":["Searing Blow","Jack Of All Trades","Chrysalis","Double Tap"],"campfire_rested":2,"item_purchase_floors":[4,20,20,25],"current_hp_per_floor":[80,80,80,80,80,76,76,71,71,71,69,69,60,66,66,31,80,80,75,75,75,70,53,31,31,31,38,26,21,45,26,50,0],"gold":140,"neow_bonus":"THREE_ENEMY_KILL","is_prod":false,"is_daily":false,"chose_seed":false,"campfire_upgraded":4,"win_rate":0.0,"timestamp":1547264362,"path_taken":["M","M","?","$","?","E","R","M","T","R","M","R","E","M","R","BOSS","M","M","$","?","M","E","M","$","T","M","?","M","R","M","R","BOSS"],"build_version":"2019-01-10","purchased_purges":1,"victory":false,"max_hp_per_floor":[80,80,80,80,80,80,80,80,80,80,80,80,80,80,80,80,80,80,80,80,80,80,80,80,80,80,80,80,80,80,80,80,80],"card_choices":[{"not_picked":["Disarm","Twin Strike"],"picked":"Armaments","floor":1},{"not_picked":["Whirlwind","Clash"],"picked":"Cleave","floor":2},{"not_picked":["Sever Soul","Armaments","Heavy Blade"],"picked":"SKIP","floor":5},{"not_picked":["Carnage","Thunderclap","Anger"],"picked":"SKIP","floor":6},{"not_picked":["Armaments","Anger"],"picked":"Warcry","floor":8},{"not_picked":["Reckless Charge","Demon Form"],"picked":"Second Wind","floor":11},{"not_picked":["Inflame","Hemokinesis"],"picked":"Iron Wave","floor":13},{"not_picked":["Reckless Charge","Power Through","Body Slam"],"picked":"SKIP","floor":14},{"not_picked":["Limit Break","Dark Embrace"],"picked":"Fiend Fire","floor":16},{"not_picked":["Anger+1","Power Through+1","Corruption"],"picked":"SKIP","floor":18},{"not_picked":["Perfected Strike","Iron Wave"],"picked":"Hemokinesis+1","floor":19},{"not_picked":["Flex","Iron Wave"],"picked":"Headbutt+1","floor":22},{"not_picked":["Clash","Thunderclap+1"],"picked":"Rage","floor":23},{"not_picked":["Hemokinesis","Cleave","Ghostly Armor"],"picked":"SKIP","floor":24},{"not_picked":["Twin Strike","Flex","Iron Wave"],"picked":"SKIP","floor":27},{"not_picked":["Offering","Power Through","Sword Boomerang"],"picked":"SKIP","floor":28},{"not_picked":["Thunderclap","Armaments","Carnage"],"picked":"SKIP","floor":29},{"not_picked":["Heavy Blade","Corruption","Shockwave"],"picked":"SKIP","floor":31}],"player_experience":512,"relics_obtained":[{"floor":6,"key":"Bag of Preparation"},{"floor":9,"key":"PreservedInsect"},{"floor":13,"key":"Lantern"},{"floor":23,"key":"MawBank"},{"floor":26,"key":"Happy Flower"}],"event_choices":[{"damage_healed":0,"gold_gain":0,"player_choice":"Rummage","damage_taken":0,"relics_obtained":["WarpedTongs"],"max_hp_gain":0,"max_hp_loss":0,"event_name":"Accursed Blacksmith","floor":3,"gold_loss":0,"cards_obtained":["Pain"]},{"damage_healed":0,"gold_gain":0,"player_choice":"Gave Potion","damage_taken":0,"relics_obtained":["Self Forming Clay"],"max_hp_gain":0,"max_hp_loss":0,"event_name":"WeMeetAgain","floor":21,"gold_loss":0}],"is_beta":false,"boss_relics":[{"not_picked":["Black Star","Snecko Eye"],"picked":"Black Blood"}],"items_purged_floors":[4],"is_endless":false,"potions_floor_spawned":[1,5,16,22,24,28,31],"killed_by":"Champ","ascension_level":0}