{"path_per_floor":["M","?","M","?","M","R","M","M","T","M","$","M","M","?","R","B",null,"M","?","M","$","M","R","M","R","T","?","M","M","R","$","R","B",null,"M","$","?","M","?","R","M","M","T","?","R","M","M","$","R","B"],"character_chosen":"THE_SILENT","items_purchased":["Ice Cream"],"gold_per_floor":[114,114,129,129,144,144,159,174,224,239,164,179,194,369,369,469,469,484,409,424,24,39,39,54,54,54,54,69,84,84,84,84,184,184,199,74,74,89,89,89,104,119,119,119,119,134,149,149,149,149],"floor_reached":51,"campfire_rested":0,"playtime":2327,"current_hp_per_floor":[68,65,62,62,62,62,52,41,47,47,47,45,45,51,51,35,70,69,68,67,66,65,64,54,62,67,55,55,59,67,67,66,65,70,65,65,56,44,44,54,49,53,59,59,65,55,55,55,61,7],"items_purged":["After Image","Injury","Doubt"],"gold":149,"score":645,"play_id":"fcc7d274-8315-4339-9fd0-f4add500e396","local_time":"20180415131236","daily_mods":["Shiny","Cursed Run","Terminal"],"is_prod":false,"is_daily":true,"chose_seed":false,"is_ascension_mode":false,"campfire_upgraded":9,"timestamp":1523790756,"path_taken":["M","?","?","?","M","R","M","M","T","M","$","M","M","?","R","BOSS","M","?","M","?","?","R","M","R","T","?","M","M","R","$","R","BOSS","M","$","?","?","?","R","M","M","T","?","R","?","M","$","R","BOSS"],"build_version":"2018-04-12","seed_source_timestamp":0,"purchased_purges":3,"victory":true,"master_deck":["Adrenaline+1","Doppelganger","Burst","Wraith Form v2+1","Corpse Explosion","Tools of the Trade","Night Terror","Phantasmal Killer+1","Unload+1","Tactician","Bullet Time+1","Storm of Steel","Glass Knife+1","Die Die Die","A Thousand Cuts","Grand Finale","Deadly Poison","Quick Slash","Clumsy","Dagger Throw","Adrenaline+1","Writhe","Madness","Madness+1","Trip+1","Skewer+1","Clumsy","Predator","Parasite"],"max_hp_per_floor":[68,67,66,65,64,63,62,61,66,65,64,63,62,67,66,71,70,69,68,67,66,65,64,63,62,67,71,70,69,68,67,66,71,70,69,68,67,66,65,64,63,62,67,66,65,64,63,62,61,66],"relics":["Cursed Key","Darkstone Periapt","Du-Vu Doll","Bronze Scales","Bag of Preparation","Eternal Feather","Ice Cream","Toolbox","Sozu","Mercury Hourglass"],"card_choices":[{"not_picked":["Backstab","Slice"],"picked":"Deadly Poison","floor":5},{"not_picked":["Underhanded Strike","PiercingWail"],"picked":"Quick Slash","floor":7},{"not_picked":["Sucker Punch","Prepared"],"picked":"Dagger Throw","floor":18},{"not_picked":["Quick Slash","Endless Agony"],"picked":"Adrenaline","floor":22},{"not_picked":["Finesse","Dark Shackles"],"picked":"Trip","floor":39},{"not_picked":["Quick Slash","Slice"],"picked":"Skewer","floor":41}],"player_experience":197404,"potions_floor_usage":[3,10,10,33,33,42,50,50],"damage_taken":[{"damage":0,"enemies":"Jaw Worm","floor":1,"turns":3},{"damage":3,"enemies":"Small Slimes","floor":3,"turns":3},{"damage":0,"enemies":"Cultist","floor":5,"turns":2},{"damage":10,"enemies":"Blue Slaver","floor":7,"turns":3},{"damage":11,"enemies":"Lots of Slimes","floor":8,"turns":2},{"damage":0,"enemies":"Large Slime","floor":10,"turns":2},{"damage":2,"enemies":"Exordium Thugs","floor":12,"turns":3},{"damage":0,"enemies":"Exordium Wildlife","floor":13,"turns":2},{"damage":22,"enemies":"The Guardian","floor":16,"turns":3},{"damage":0,"enemies":"3 Byrds","floor":18,"turns":2},{"damage":0,"enemies":"Spheric Guardian","floor":20,"turns":2},{"damage":1,"enemies":"3 Cultists","floor":22,"turns":2},{"damage":10,"enemies":"Snecko","floor":24,"turns":3},{"damage":0,"enemies":"Chosen and Byrds","floor":28,"turns":4},{"damage":0,"enemies":"Snake Plant","floor":29,"turns":2},{"damage":7,"enemies":"Champ","floor":33,"turns":5},{"damage":5,"enemies":"Orb Walker","floor":35,"turns":2},{"damage":12,"enemies":"3 Shapes","floor":38,"turns":2},{"damage":5,"enemies":"3 Darklings","floor":41,"turns":2},{"damage":0,"enemies":"Maw","floor":42,"turns":3},{"damage":10,"enemies":"Sphere and 2 Shapes","floor":46,"turns":3},{"damage":0,"enemies":"3 Darklings","floor":47,"turns":3},{"damage":60,"enemies":"Awakened One","floor":50,"turns":7}],"event_choices":[{"event_name":"Scrap Ooze","player_choice":"success","floor":2,"damage_taken":3},{"event_name":"Living Wall","player_choice":"Forget","floor":4,"damage_taken":0},{"event_name":"Liars Game","player_choice":"agreed","floor":14,"damage_taken":0},{"event_name":"Beggar","player_choice":"Gave Gold","floor":19,"damage_taken":0},{"event_name":"Forgotten Altar","player_choice":"Shed Blood","floor":27,"damage_taken":0},{"event_name":"Winding Halls","player_choice":"Embrace Madness","floor":37,"damage_taken":0},{"event_name":"SensoryStone","player_choice":"Memory 1","floor":39,"damage_taken":0},{"event_name":"Transmorgrifier","player_choice":"Transform","floor":44,"damage_taken":0}],"boss_relics":[{"not_picked":["Orrery","Black Star"],"picked":"Eternal Feather"},{"not_picked":["Velvet Choker","Runic Pyramid"],"picked":"Sozu"}],"potions_floor_spawned":[1,7,8,12,22,28,33,35,38,41,42],"seed_played":"-1933974520208401120","ascension_level":0,"is_trial":false}