{"gold_per_floor":[110,125,34,47,47,47,62,62,109,109,124,138,138,55,55,152,152,168,168,15,31,44,44,44,54,105,105,117,117,147,247,247,349,349,368,368,24,44,57,57,81,81,81,107,122,135,135,135],"floor_reached":48,"playtime":4365,"items_purged":["Strike_G+1","Defend_G"],"score":522,"play_id":"1137270c-dfe2-40e9-bd57-1d9fa9dcc780","local_time":"20181014030644","is_ascension_mode":false,"campfire_choices":[{"data":"Choke","floor":6,"key":"SMITH"},{"data":"Crippling Poison","floor":8,"key":"SMITH"},{"data":"Neutralize","floor":10,"key":"SMITH"},{"data":"Riddle With Holes","floor":13,"key":"SMITH"},{"data":"Leg Sweep","floor":15,"key":"SMITH"},{"floor":23,"key":"REST"},{"floor":29,"key":"REST"},{"floor":32,"key":"REST"},{"data":"Madness","floor":40,"key":"SMITH"},{"data":"Madness","floor":42,"key":"SMITH"},{"floor":47,"key":"REST"}],"neow_cost":"NONE","seed_source_timestamp":203347808467416,"circlet_count":0,"master_deck":["Defend_G","Defend_G","Defend_G","Defend_G","Survivor","Neutralize+1","Sucker Punch","Slice","Leg Sweep+1","Flying Knee","Choke+1","Quick Slash","Crippling Poison+1","Riddle With Holes+1","Dagger Spray","Bullet Time","Blade Dance","Doppelganger","Flying Knee","PiercingWail+1","Bite","Bite","Bite","Bite","Bite","Well Laid Plans+1","Necronomicurse","Endless Agony","Slice","Bouncing Flask","Unload","Madness+1","Madness+1","Terror+1","Blade Dance+1"],"relics":["Ring of the Snake","PreservedInsect","Oddly Smooth Stone","Sozu","Vajra","Necronomicon","Ornamental Fan","Matryoshka","The Specimen","WristBlade","Pear","Dodecahedron","Strawberry","Mummified Hand","Bag of Marbles","Blood Vial"],"potions_floor_usage":[16,16,33],"damage_taken":[{"damage":0,"enemies":"Cultist","floor":1,"turns":4},{"damage":2,"enemies":"Jaw Worm","floor":2,"turns":5},{"damage":0,"enemies":"Small Slimes","floor":4,"turns":2},{"damage":4,"enemies":"2 Fungi Beasts","floor":7,"turns":3},{"damage":4,"enemies":"Exordium Thugs","floor":11,"turns":4},{"damage":6,"enemies":"Large Slime","floor":12,"turns":6},{"damage":7,"enemies":"Slime Boss","floor":16,"turns":8},{"damage":17,"enemies":"2 Thieves","floor":18,"turns":3},{"damage":10,"enemies":"Shell Parasite","floor":21,"turns":5},{"damage":12,"enemies":"3 Cultists","floor":22,"turns":4},{"damage":4,"enemies":"Centurion and Healer","floor":25,"turns":7},{"damage":14,"enemies":"Sentry and Sphere","floor":28,"turns":4},{"damage":19,"enemies":"Slavers","floor":30,"turns":4},{"damage":10,"enemies":"Colosseum Slavers","floor":31,"turns":5},{"damage":8,"enemies":"Colosseum Nobs","floor":31,"turns":3},{"damage":38,"enemies":"Automaton","floor":33,"turns":10},{"damage":13,"enemies":"3 Darklings","floor":35,"turns":6},{"damage":0,"enemies":"Orb Walker","floor":38,"turns":2},{"damage":0,"enemies":"Reptomancer","floor":39,"turns":2},{"damage":29,"enemies":"Nemesis","floor":44,"turns":3},{"damage":18,"enemies":"Spire Growth","floor":45,"turns":3},{"damage":26,"enemies":"Transient","floor":46,"turns":5},{"damage":38,"enemies":"Sphere and 2 Shapes","floor":48,"turns":3}],"seed_played":"4500388764999820636","potions_obtained":[{"floor":1,"key":"SteroidPotion"},{"floor":2,"key":"AttackPotion"},{"floor":12,"key":"FairyPotion"},{"floor":16,"key":"Energy Potion"}],"is_trial":false,"path_per_floor":["M","M","$","M","?","R","M","R","T","R","M","M","R","?","R","B",null,"M","?","$","M","M","R","?","M","T","?","M","R","E","?","R","B",null,"M","?","$","M","M","R","T","R","T","E","M","M","R"],"character_chosen":"THE_SILENT","items_purchased":["Flying Knee","Choke","Doppelganger","Pear"],"campfire_rested":4,"item_purchase_floors":[3,3,20,37],"current_hp_per_floor":[70,68,68,68,54,54,50,50,50,50,46,40,40,40,40,33,70,53,53,53,43,31,52,49,46,46,30,24,38,23,11,25,6,49,42,36,46,48,50,50,57,57,57,32,20,4,23,0],"gold":135,"neow_bonus":"THREE_CARDS","is_prod":false,"is_daily":false,"chose_seed":false,"campfire_upgraded":7,"win_rate":0.0,"timestamp":1539439604,"path_taken":["M","?","?","M","?","R","M","R","T","R","M","M","R","?","R","BOSS","M","?","$","M","M","R","?","?","T","?","M","R","E","?","R","BOSS","M","?","$","M","M","R","?","R","T","E","?","M","R","M"],"build_version":"2018-10-11","purchased_purges":2,"victory":false,"max_hp_per_floor":[70,70,70,70,70,70,70,70,70,70,70,70,70,70,70,70,70,70,70,70,70,70,70,49,49,49,49,49,49,49,49,49,49,49,49,49,59,59,59,59,66,66,66,66,66,66,66,66],"card_choices":[{"not_picked":["Acrobatics","Expertise"],"picked":"Sucker Punch","floor":0},{"not_picked":["Eviscerate","Acrobatics"],"picked":"Slice","floor":1},{"not_picked":["Expertise","Sucker Punch"],"picked":"Leg Sweep","floor":2},{"not_picked":["Prepared","Caltrops"],"picked":"Quick Slash","floor":4},{"not_picked":["Slice","Poisoned Stab"],"picked":"Crippling Poison","floor":7},{"not_picked":["Blade Dance","Outmaneuver"],"picked":"Riddle With Holes","floor":11},{"not_picked":["Flying Knee","Dodge and Roll"],"picked":"Dagger Spray","floor":12},{"not_picked":["Doppelganger","Venomology"],"picked":"Bullet Time","floor":16},{"not_picked":["Footwork+1","Outmaneuver"],"picked":"Blade Dance","floor":18},{"not_picked":["Dodge and Roll","Leg Sweep+1"],"picked":"Flying Knee","floor":21},{"not_picked":["Eviscerate+1","Deadly Poison"],"picked":"PiercingWail+1","floor":22},{"not_picked":["Tools of the Trade","Escape Plan"],"picked":"Well Laid Plans+1","floor":25},{"not_picked":["All Out Attack+1","Prepared"],"picked":"Endless Agony","floor":28},{"not_picked":["Leg Sweep","Backflip"],"picked":"Slice","floor":30},{"not_picked":["PiercingWail","Prepared"],"picked":"Bouncing Flask","floor":31},{"not_picked":["Die Die Die","Doppelganger"],"picked":"Unload","floor":33},{"not_picked":["Dagger Throw","Tactician+1","Underhanded Strike+1"],"picked":"SKIP","floor":35},{"not_picked":["Dagger Throw+1","Noxious Fumes"],"picked":"Terror+1","floor":38},{"not_picked":["Deadly Poison+1","Prepared+1"],"picked":"Blade Dance+1","floor":39},{"not_picked":["Backflip","Eviscerate","Poisoned Stab"],"picked":"SKIP","floor":44},{"not_picked":["Dash","Sucker Punch+1","Dagger Throw"],"picked":"SKIP","floor":45},{"not_picked":["Dagger Spray","Heel Hook+1","Acrobatics+1"],"picked":"SKIP","floor":46}],"player_experience":15812,"relics_obtained":[{"floor":9,"key":"PreservedInsect"},{"floor":26,"key":"Vajra"},{"floor":27,"key":"Necronomicon"},{"floor":30,"key":"Ornamental Fan"},{"floor":31,"key":"Matryoshka"},{"floor":31,"key":"The Specimen"},{"floor":41,"key":"Dodecahedron"},{"floor":41,"key":"Strawberry"},{"floor":43,"key":"Mummified Hand"},{"floor":43,"key":"Bag of Marbles"},{"floor":44,"key":"Blood Vial"}],"event_choices":[{"event_name":"Shining Light","player_choice":"Entered Light","floor":5,"damage_taken":0},{"event_name":"WeMeetAgain","player_choice":"Gold","floor":14,"damage_taken":0},{"event_name":"The Lab","player_choice":"Got Potions","floor":19,"damage_taken":0},{"event_name":"Vampires","player_choice":"Became a vampire","floor":24,"damage_taken":0},{"event_name":"Cursed Tome","player_choice":"Obtained Book","floor":27,"damage_taken":0},{"event_name":"Colosseum","player_choice":"Fight","floor":31,"damage_taken":0},{"event_name":"Colosseum","player_choice":"Fought Nobs","floor":31,"damage_taken":0},{"event_name":"Winding Halls","player_choice":"Embrace Madness","floor":36,"damage_taken":0}],"is_beta":false,"boss_relics":[{"not_picked":["Eternal Feather","Orrery"],"picked":"Sozu"},{"not_picked":["Busted Crown","Empty Cage"],"picked":"WristBlade"}],"items_purged_floors":[20,37],"is_endless":false,"potions_floor_spawned":[1,2,12,16,18,31,44,45,46],"killed_by":"Sphere and 2 Shapes","ascension_level":0}