{"path_per_floor":["M","?","M","M","$","E","?","E","T","R","M","M","M","$","R","B",null,"M","M","M","?","$"],"character_chosen":"IRONCLAD","items_purchased":["Apotheosis","Ancient Tea Set","Bronze Scales"],"gold_per_floor":[113,288,306,321,59,89,89,114,139,139,159,172,189,35,35,138,138,155,168,184,184,37],"floor_reached":23,"campfire_rested":2,"playtime":979,"current_hp_per_floor":[80,80,69,68,68,52,45,13,13,37,25,16,16,16,40,16,80,63,34,11,11,11],"items_purged":["Doubt"],"gold":37,"score":213,"play_id":"25f85835-8508-4eb3-84ca-31d06deb9b93","is_prod":false,"is_daily":false,"is_ascension_mode":true,"campfire_upgraded":0,"path_taken":["M","?","M","M","$","E","?","E","T","R","?","M","M","$","R","BOSS","M","M","?","?","?","E"],"build_version":"2018-02-15-PROD1","purchased_purges":1,"victory":false,"master_deck":["Strike_R","Strike_R","Strike_R","Strike_R","Strike_R","Defend_R","Defend_R","Defend_R+1","Bash","Apotheosis+1","Heavy Blade","Clothesline","Reaper"],"max_hp_per_floor":[80,80,80,80,80,80,80,80,80,80,80,80,80,80,80,80,80,80,80,80,80,80],"relics":["Snecko Eye","Ginger","Letter Opener","War Paint","Ancient Tea Set","Orrery","Bronze Scales"],"card_choices":[{"not_picked":["Burning Pact","Fire Breathing"],"picked":"Heavy Blade"},{"not_picked":["Infernal Blade","Hemokinesis"],"picked":"Clothesline"},{"not_picked":["Berserk","Limit Break"],"picked":"Reaper"}],"player_experience":102114,"potions_floor_usage":[6,6,8,18,23],"damage_taken":[{"damage":0,"enemies":"Small Slimes","floor":1,"turns":3},{"damage":11,"enemies":"Jaw Worm","floor":3,"turns":2},{"damage":1,"enemies":"Cultist","floor":4,"turns":3},{"damage":16,"enemies":"Lagavulin","floor":6,"turns":5},{"damage":32,"enemies":"Gremlin Nob","floor":8,"turns":5},{"damage":12,"enemies":"Exordium Wildlife","floor":11,"turns":3},{"damage":9,"enemies":"Gremlin Gang","floor":12,"turns":4},{"damage":0,"enemies":"3 Louse","floor":13,"turns":3},{"damage":24,"enemies":"Hexaghost","floor":16,"turns":7},{"damage":27,"enemies":"2 Thieves","floor":18,"turns":3},{"damage":29,"enemies":"Shell Parasite","floor":19,"turns":5},{"damage":33,"enemies":"Centurion and Healer","floor":20,"turns":8},{"damage":28,"enemies":"Slavers","floor":23,"turns":2}],"event_choices":[{"event_name":"Liars Game","player_choice":"agreed","floor":2,"damage_taken":0},{"event_name":"Golden Wing","player_choice":"Card Removal","floor":7,"damage_taken":0},{"event_name":"Cursed Tome","player_choice":"Ignored","floor":21,"damage_taken":0}],"boss_relics":[{"not_picked":["Eternal Feather","Runic Cube"],"picked":"Orrery"}],"potions_floor_spawned":[1,4,6,13,18,19],"seed_played":"3727844836276505919","killed_by":"Slavers","ascension_level":1,"is_trial":false}