{"gold_per_floor":[119,119,119,138,155,155,230,256,281,293,339,351,373,385,397,409],"floor_reached":16,"playtime":414,"items_purged":[],"score":216,"play_id":"ff1c29cd-e43c-4901-989d-be66977f8d0b","local_time":"20181228195933","is_ascension_mode":true,"campfire_choices":[{"data":"Loop","floor":6.0,"key":"SMITH"},{"floor":10.0,"key":"REST"},{"data":"Streamline","floor":12.0,"key":"SMITH"},{"data":"Loop","floor":15.0,"key":"SMITH"}],"neow_cost":"NONE","seed_source_timestamp":35243939304601,"circlet_count":0,"master_deck":["AscendersBane","Strike_B","Strike_B","Strike_B","Strike_B","Defend_B","Defend_B","Defend_B","Defend_B+1","Zap","Dualcast+1","Reprogram","Loop+1","Skim","Streamline+1","Biased Cognition","Loop+1"],"special_seed":0,"relics":["Cracked Core","Vajra","Boot","War Paint","MawBank","Sundial"],"potions_floor_usage":[16,16,16,16],"damage_taken":[{"damage":5.0,"enemies":"Small Slimes","floor":1.0,"turns":4.0},{"damage":0.0,"enemies":"Cultist","floor":4.0,"turns":3.0},{"damage":0.0,"enemies":"2 Louse","floor":5.0,"turns":2.0},{"damage":30.0,"enemies":"Lagavulin","floor":8.0,"turns":6.0},{"damage":28.0,"enemies":"Gremlin Nob","floor":11.0,"turns":4.0},{"damage":6.0,"enemies":"Looter","floor":13.0,"turns":2.0},{"damage":8,"enemies":"Hexaghost","floor":16,"turns":7}],"seed_played":"-7106091521030503278","potions_obtained":[{"floor":1.0,"key":"Swift Potion"},{"floor":5.0,"key":"AttackPotion"},{"floor":11.0,"key":"EssenceOfSteel"},{"floor":14.0,"key":"Weak Potion"},{"floor":14.0,"key":"EntropicBrew"}],"is_trial":false,"path_per_floor":["M","?","?","M","M","R","?","E","T","R","E","R","M","?","R","B"],"character_chosen":"DEFECT","items_purchased":[],"campfire_rested":1,"item_purchase_floors":[],"current_hp_per_floor":[59,64,59,59,59,59,48,18,18,40,12,12,6,6,6,0],"gold":409,"neow_bonus":"RANDOM_COMMON_RELIC","is_prod":false,"is_daily":false,"chose_seed":false,"campfire_upgraded":3,"win_rate":0,"timestamp":1545994773,"path_taken":["M","?","?","M","M","R","?","E","T","R","E","R","M","?","R","BOSS"],"build_version":"2018-12-20","purchased_purges":0,"victory":false,"max_hp_per_floor":[71,76,76,76,76,76,76,76,76,76,76,76,76,76,76,76],"card_choices":[{"not_picked":["Turbo","Blizzard"],"picked":"Reprogram","floor":1.0},{"not_picked":["Turbo","Rebound"],"picked":"Loop","floor":4.0},{"not_picked":["Hologram","Cold Snap"],"picked":"Skim","floor":5.0},{"not_picked":["Conserve Battery","Chaos"],"picked":"Streamline","floor":8.0},{"not_picked":["Beam Cell","Loop"],"picked":"Biased Cognition","floor":11.0},{"not_picked":["White Noise","Redo"],"picked":"Loop","floor":13.0}],"player_experience":877378,"relics_obtained":[{"floor":8.0,"key":"War Paint"},{"floor":9.0,"key":"MawBank"},{"floor":11.0,"key":"Sundial"}],"event_choices":[{"damage_healed":0.0,"max_hp_gain":5.0,"max_hp_loss":0.0,"gold_gain":0.0,"event_name":"Big Fish","player_choice":"Donut","floor":2.0,"gold_loss":0.0,"damage_taken":0.0},{"damage_healed":0.0,"max_hp_gain":0.0,"max_hp_loss":0.0,"gold_gain":0.0,"event_name":"Scrap Ooze","player_choice":"Success","floor":3.0,"gold_loss":0.0,"damage_taken":5.0,"relics_obtained":["Boot"]},{"damage_healed":0.0,"max_hp_gain":0.0,"max_hp_loss":0.0,"gold_gain":75.0,"event_name":"World of Goop","player_choice":"Gather Gold","floor":7.0,"gold_loss":0.0,"damage_taken":11.0},{"damage_healed":0.0,"max_hp_gain":0.0,"max_hp_loss":0.0,"gold_gain":0.0,"event_name":"Lab","player_choice":"Got Potions","floor":14.0,"gold_loss":0.0,"damage_taken":0.0}],"is_beta":false,"boss_relics":[],"items_purged_floors":[],"is_endless":false,"potions_floor_spawned":[1,5,11],"killed_by":"Hexaghost","ascension_level":20}