{"gold_per_floor":[19,36,66,145,145,145,165,178,178,190,265,265,278,297,297,393,393,406,86,96,111,111,111,128,154,236,236,236,161,161,179,179,281,281,308,320,332,21,44,44,72,82,158,158,169,187,187,205,205,205],"floor_reached":50,"playtime":1553,"items_purged":["Multi-Cast","Parasite"],"score":509,"play_id":"0a996d11-dee0-4bf7-8e9c-9a5c80f309b6","local_time":"20190128210515","is_ascension_mode":false,"campfire_choices":[{"data":"Chill","floor":6,"key":"SMITH"},{"data":"Chill","floor":12,"key":"SMITH"},{"floor":15,"key":"RECALL"},{"data":"Electrodynamics","floor":23,"key":"SMITH"},{"floor":27,"key":"REST"},{"data":"Tempest","floor":30,"key":"SMITH"},{"data":"Zap","floor":32,"key":"SMITH"},{"data":"Echo Form","floor":40,"key":"SMITH"},{"floor":44,"key":"REST"},{"floor":47,"key":"REST"},{"floor":49,"key":"REST"}],"neow_cost":"NO_GOLD","seed_source_timestamp":2180259479996,"circlet_count":0,"master_deck":["Zap+1","Chill+1","Chill+1","Ball Lightning+1","Hologram","Ball Lightning+1","Loop","Echo Form+1","Tempest+1","Sweeping Beam+1","Sunder+1","Sweeping Beam+1","FTL+1","Electrodynamics+1","Steam","Barrage+1","Melter+1","Redo+1","Cold Snap+1","Glacier","Storm+1","Tempest+1","Echo Form","Decay","Decay","Defragment+1","Panache+1","Loop+1","Hologram+1","Blizzard+1","Core Surge+1","Cold Snap+1","Conserve Battery","Parasite","Reinforced Body+1","FTL+1"],"relics":["Cracked Core","FossilizedHelix","Tiny Chest","Molten Egg 2","Pandora\u0027s Box","Bottled Tornado","Vajra","Question Card","Calling Bell","Calipers","Frozen Egg 2","MawBank","Lantern","Dream Catcher","Mercury Hourglass","Pear"],"potions_floor_usage":[16,18,24,25,28,33,35,46,48],"damage_taken":[{"damage":0,"enemies":"Jaw Worm","floor":1,"turns":3},{"damage":0,"enemies":"Small Slimes","floor":2,"turns":3},{"damage":0,"enemies":"Cultist","floor":7,"turns":4},{"damage":0,"enemies":"Large Slime","floor":8,"turns":9},{"damage":0,"enemies":"Exordium Wildlife","floor":10,"turns":4},{"damage":0,"enemies":"2 Fungi Beasts","floor":13,"turns":3},{"damage":0,"enemies":"3 Louse","floor":14,"turns":3},{"damage":38,"enemies":"Slime Boss","floor":16,"turns":9},{"damage":0,"enemies":"Chosen","floor":18,"turns":4},{"damage":11,"enemies":"Shell Parasite","floor":20,"turns":3},{"damage":0,"enemies":"Cultist and Chosen","floor":21,"turns":4},{"damage":0,"enemies":"Chosen and Byrds","floor":24,"turns":4},{"damage":19,"enemies":"Slavers","floor":25,"turns":5},{"damage":0,"enemies":"Colosseum Slavers","floor":28,"turns":3},{"damage":0,"enemies":"Centurion and Healer","floor":31,"turns":3},{"damage":48,"enemies":"Champ","floor":33,"turns":7},{"damage":0,"enemies":"Orb Walker","floor":35,"turns":2},{"damage":66,"enemies":"Giant Head","floor":41,"turns":7},{"damage":0,"enemies":"3 Shapes","floor":42,"turns":2},{"damage":0,"enemies":"Jaw Worm Horde","floor":45,"turns":2},{"damage":0,"enemies":"3 Darklings","floor":46,"turns":2},{"damage":0,"enemies":"Writhing Mass","floor":48,"turns":3},{"damage":92,"enemies":"Awakened One","floor":50,"turns":5}],"seed_played":"-1183318320828820790","potions_obtained":[{"floor":8,"key":"FearPotion"},{"floor":13,"key":"SkillPotion"},{"floor":14,"key":"Regen Potion"},{"floor":16,"key":"PowerPotion"},{"floor":18,"key":"Fire Potion"},{"floor":24,"key":"Strength Potion"},{"floor":33,"key":"Fire Potion"},{"floor":35,"key":"SteroidPotion"},{"floor":42,"key":"Explosive Potion"},{"floor":45,"key":"FocusPotion"}],"is_trial":false,"path_per_floor":["M","M","?","T","?","R","M","M","T","M","?","R","M","M","R","B",null,"M","$","M","M","?","R","M","E","T","R","?","?","R","M","R","B",null,"M","?","?","$","T","R","E","M","T","R","M","M","R","M","R","B"],"character_chosen":"DEFECT","items_purchased":["Bottled Tornado","Lantern","Loop+1"],"campfire_rested":4,"item_purchase_floors":[19,38,38],"current_hp_per_floor":[75,75,63,63,75,75,75,75,75,75,75,75,75,75,75,37,75,75,75,64,64,64,64,64,57,57,75,75,75,75,75,75,27,75,75,75,75,72,72,72,6,6,16,40,40,40,64,64,82,0],"gold":205,"neow_bonus":"ONE_RARE_RELIC","is_prod":false,"is_daily":false,"chose_seed":false,"campfire_upgraded":6,"win_rate":0,"timestamp":1548662715,"path_taken":["M","M","?","?","?","R","M","?","T","M","?","R","M","M","R","BOSS","M","$","M","M","?","R","M","E","T","R","?","?","R","M","R","BOSS","M","?","?","$","?","R","E","M","T","R","M","?","R","M","R","BOSS"],"build_version":"2019-01-23","purchased_purges":2,"victory":false,"max_hp_per_floor":[75,75,75,75,75,75,75,75,75,75,75,75,75,75,75,75,75,75,75,75,75,75,75,75,75,75,75,75,75,75,75,75,75,75,75,75,75,72,72,72,72,72,82,82,82,82,82,82,82,82],"card_choices":[{"not_picked":["Streamline","Rebound"],"picked":"Chill","floor":1},{"not_picked":["Leap","Barrage"],"picked":"BootSequence","floor":2},{"not_picked":["Fusion","Leap"],"picked":"Chill","floor":7},{"not_picked":["Streamline+1","Reboot"],"picked":"Ball Lightning+1","floor":8},{"not_picked":["Stack","Leap"],"picked":"Hologram","floor":10},{"not_picked":["Leap","Chill"],"picked":"Ball Lightning+1","floor":13},{"not_picked":["Self Repair","Cold Snap+1"],"picked":"Loop","floor":14},{"not_picked":["All For One+1","Rainbow"],"picked":"Echo Form","floor":16},{"not_picked":["Steam+1","Steam Power"],"picked":"Barrage+1","floor":18},{"not_picked":["Steam Power","Rip and Tear+1"],"picked":"Melter+1","floor":20},{"not_picked":["Recycle","Barrage+1"],"picked":"Redo+1","floor":21},{"not_picked":["Tempest","Coolheaded"],"picked":"Glacier","floor":24},{"not_picked":["Ball Lightning+1","Cold Snap+1"],"picked":"Storm+1","floor":25},{"not_picked":["Hologram","Stack","Turbo"],"picked":"Tempest+1","floor":31},{"not_picked":["Electrodynamics","Hyperbeam+1","All For One+1"],"picked":"Echo Form","floor":33},{"not_picked":["Fusion+1","Gash+1","Glacier+1"],"picked":"Defragment+1","floor":35},{"not_picked":["Trip","Dramatic Entrance+1","Finesse"],"picked":"Panache+1","floor":36},{"not_picked":["Gash+1","Compile Driver+1","Coolheaded"],"picked":"Hologram+1","floor":41},{"not_picked":["Melter+1","Undo+1","Hello World+1"],"picked":"Blizzard+1","floor":42},{"not_picked":["Coolheaded","Rebound+1","Hologram"],"picked":"Core Surge+1","floor":45},{"not_picked":["Gash+1","Rip and Tear+1","Consume+1"],"picked":"Cold Snap+1","floor":46},{"not_picked":["Leap+1","Ball Lightning+1","Compile Driver+1"],"picked":"Conserve Battery","floor":47},{"not_picked":["Compile Driver+1","Aggregate+1","Stack+1"],"picked":"Reinforced Body+1","floor":48},{"not_picked":["Sweeping Beam+1","Steam","Tempest"],"picked":"FTL+1","floor":49}],"player_experience":601973,"relics_obtained":[{"floor":4,"key":"Molten Egg 2"},{"floor":25,"key":"Vajra"},{"floor":26,"key":"Question Card"},{"floor":34,"key":"Calipers"},{"floor":34,"key":"Frozen Egg 2"},{"floor":34,"key":"MawBank"},{"floor":39,"key":"Dream Catcher"},{"floor":41,"key":"Mercury Hourglass"},{"floor":43,"key":"Pear"}],"event_choices":[{"damage_healed":0,"gold_gain":0,"player_choice":"Success","damage_taken":12,"relics_obtained":["Tiny Chest"],"max_hp_gain":0,"max_hp_loss":0,"event_name":"Scrap Ooze","floor":3,"gold_loss":0},{"cards_removed":["BootSequence"],"damage_healed":12,"gold_gain":0,"player_choice":"Offered Uncommon","damage_taken":0,"max_hp_gain":0,"max_hp_loss":0,"event_name":"Bonfire Elementals","floor":5,"gold_loss":0},{"damage_healed":0,"gold_gain":75,"player_choice":"Gained Gold","damage_taken":0,"max_hp_gain":0,"max_hp_loss":0,"event_name":"Golden Wing","floor":11,"gold_loss":0},{"damage_healed":0,"gold_gain":0,"player_choice":"Read","damage_taken":0,"max_hp_gain":0,"max_hp_loss":0,"event_name":"The Library","floor":22,"gold_loss":0,"cards_obtained":["Cold Snap"]},{"damage_healed":0,"gold_gain":0,"player_choice":"Fight","damage_taken":0,"max_hp_gain":0,"max_hp_loss":0,"event_name":"Colosseum","floor":28,"gold_loss":0},{"damage_healed":0,"gold_gain":0,"player_choice":"Fled From Nobs","damage_taken":0,"max_hp_gain":0,"max_hp_loss":0,"event_name":"Colosseum","floor":28,"gold_loss":0},{"cards_removed":["Dualcast"],"damage_healed":0,"gold_gain":0,"player_choice":"Gave Gold","damage_taken":0,"max_hp_gain":0,"max_hp_loss":0,"event_name":"Beggar","floor":29,"gold_loss":75},{"damage_healed":0,"gold_gain":0,"player_choice":"Memory 1","damage_taken":0,"max_hp_gain":0,"max_hp_loss":0,"event_name":"SensoryStone","floor":36,"gold_loss":0},{"damage_healed":0,"gold_gain":0,"player_choice":"Ignored","damage_taken":0,"max_hp_gain":0,"max_hp_loss":0,"event_name":"Tomb of Lord Red Mask","floor":37,"gold_loss":0}],"is_beta":false,"boss_relics":[{"not_picked":["Philosopher\u0027s Stone","Nuclear Battery"],"picked":"Pandora\u0027s Box"},{"not_picked":["Cursed Key","White Beast Statue"],"picked":"Calling Bell"}],"items_purged_floors":[19,38],"is_endless":false,"potions_floor_spawned":[8,13,14,16,18,24,28,33,35,42,45],"killed_by":"Awakened One","ascension_level":0}