{"path_per_floor":["M","?","?","$","M","E","R","E","T","E","M","M","?","E","R","B",null,"M","?","$","M","?","R","E","M","T","E","$","M","R","?","R","B",null,"M","?","?","?","$","E","R","E","T"],"character_chosen":"THE_SILENT","items_purchased":["Noxious Fumes","Lantern","Bag of Preparation","Vajra","Catalyst"],"gold_per_floor":[116,116,66,66,82,112,112,146,194,222,232,247,304,331,331,434,434,450,450,109,120,120,120,177,189,189,220,77,92,92,92,92,197,197,216,269,269,269,233,260,260,260,331,331],"floor_reached":44,"campfire_rested":1,"playtime":3799,"current_hp_per_floor":[70,63,63,63,62,50,50,47,54,43,43,43,43,40,40,32,77,77,63,63,63,63,63,53,44,44,43,43,43,43,27,51,31,82,62,51,51,51,51,50,50,37,39,0],"items_purged":[],"gold":331,"score":683,"play_id":"a657e20e-3da2-4c4c-8a6b-54ae5a52a008","local_time":"20180323225857","is_prod":false,"is_daily":false,"is_ascension_mode":true,"campfire_upgraded":5,"timestamp":1521842337,"path_taken":["M","?","?","?","M","E","R","E","T","E","M","M","?","E","R","BOSS","M","?","$","M","?","R","E","M","T","E","$","?","R","?","R","BOSS","M","?","?","?","?","E","R","E","T","E"],"build_version":"2018-03-22","purchased_purges":1,"victory":false,"master_deck":["Defend_G","Defend_G","Defend_G","Defend_G+1","Defend_G","Survivor","Neutralize+1","Terror+1","Storm of Steel+1","Bouncing Flask+1","Backflip","Flying Knee","Flying Knee","Dagger Spray","PiercingWail+1","Quick Slash","Endless Agony","Blur","Catalyst+1","Corpse Explosion","Prepared","Noxious Fumes+1","Noxious Fumes+1","Deadly Poison+1","Dash","Prepared","Prepared","Burst","Catalyst+1","Panacea","Neutralize","Finisher","Catalyst"],"max_hp_per_floor":[70,70,70,70,70,70,70,70,77,77,77,77,77,77,77,77,77,77,82,82,82,82,82,82,82,82,82,82,82,82,82,82,82,82,82,82,82,82,82,84,84,86,88,88],"relics":["Astrolabe","Art of War","Meat on the Bone","Strawberry","Ninja Scroll","War Paint","Ancient Tea Set","Black Star","Lantern","Bag of Preparation","Happy Flower","Tiny Chest","Prayer Wheel","Ginger","Oddly Smooth Stone","Dream Catcher","Vajra","Enchiridion","The Specimen","Unceasing Top","Singing Bowl","Bag of Marbles","Toolbox","Dodecahedron","Letter Opener"],"card_choices":[{"not_picked":["Deadly Poison","Underhanded Strike"],"picked":"Backflip","floor":1},{"not_picked":["Underhanded Strike","Backflip"],"picked":"Flying Knee","floor":5},{"not_picked":["Storm of Steel","Footwork"],"picked":"Flying Knee","floor":6},{"not_picked":["Backflip","Leg Sweep"],"picked":"Dagger Spray","floor":8},{"not_picked":["Dagger Spray","Dagger Throw"],"picked":"PiercingWail","floor":10},{"not_picked":["Masterful Stab","PiercingWail"],"picked":"Quick Slash","floor":11},{"not_picked":["Concentrate","Bane"],"picked":"Endless Agony","floor":12},{"not_picked":["Acrobatics","Deadly Poison"],"picked":"Blur","floor":13},{"not_picked":["Slice","Prepared"],"picked":"Catalyst","floor":14},{"not_picked":["Wraith Form","Glass Knife"],"picked":"Corpse Explosion","floor":16},{"not_picked":["Eviscerate","Dodge and Roll"],"picked":"Prepared","floor":18},{"not_picked":["Poisoned Stab","Acrobatics"],"picked":"Noxious Fumes","floor":21},{"not_picked":["Acrobatics","Sucker Punch"],"picked":"Deadly Poison","floor":24},{"not_picked":["PiercingWail","Deflect"],"picked":"Dash","floor":25},{"not_picked":["Skewer","Riddle With Holes"],"picked":"Prepared","floor":29},{"not_picked":["Dagger Throw","Concentrate"],"picked":"Prepared","floor":32},{"not_picked":["Tactician","Storm of Steel"],"picked":"Burst","floor":33},{"not_picked":["Quick Slash","Bane"],"picked":"Catalyst","floor":35}],"player_experience":291344,"potions_floor_usage":[13,16,24,24,27],"damage_taken":[{"damage":0,"enemies":"Small Slimes","floor":1,"turns":3},{"damage":1,"enemies":"2 Louse","floor":5,"turns":4},{"damage":12,"enemies":"Gremlin Nob","floor":6,"turns":4},{"damage":3,"enemies":"Lagavulin","floor":8,"turns":5},{"damage":11,"enemies":"3 Sentries","floor":10,"turns":7},{"damage":0,"enemies":"Jaw Worm","floor":11,"turns":1},{"damage":0,"enemies":"Looter","floor":12,"turns":1},{"damage":0,"enemies":"Gremlin Nob","floor":13,"turns":2},{"damage":3,"enemies":"Lagavulin","floor":14,"turns":4},{"damage":20,"enemies":"Hexaghost","floor":16,"turns":7},{"damage":0,"enemies":"3 Byrds","floor":18,"turns":3},{"damage":0,"enemies":"Spheric Guardian","floor":21,"turns":3},{"damage":10,"enemies":"Slavers","floor":24,"turns":5},{"damage":21,"enemies":"Snake Plant","floor":25,"turns":3},{"damage":13,"enemies":"Gremlin Leader","floor":27,"turns":3},{"damage":0,"enemies":"Slaver and Parasite","floor":29,"turns":1},{"damage":32,"enemies":"Collector","floor":33,"turns":5},{"damage":20,"enemies":"3 Shapes","floor":35,"turns":3},{"damage":11,"enemies":"Mysterious Sphere","floor":36,"turns":5},{"damage":3,"enemies":"Giant Head","floor":40,"turns":5},{"damage":27,"enemies":"Nemesis","floor":42,"turns":5},{"damage":39,"enemies":"2 Orb Walkers","floor":44,"turns":4}],"event_choices":[{"event_name":"Golden Wing","player_choice":"Card Removal","floor":2,"damage_taken":0},{"event_name":"The Cleric","player_choice":"Card Removal","floor":3,"damage_taken":0},{"event_name":"Dead Adventurer","player_choice":"Searched \u00272\u0027 times","floor":13,"damage_taken":0},{"event_name":"Forgotten Altar","player_choice":"Shed Blood","floor":19,"damage_taken":0},{"event_name":"The Mausoleum","player_choice":"Yes","floor":22,"damage_taken":0},{"event_name":"Cursed Tome","player_choice":"Obtained Book","floor":31,"damage_taken":0},{"event_name":"Mysterious Sphere","player_choice":"Fight","floor":36,"damage_taken":0},{"event_name":"Tomb of Lord Red Mask","player_choice":"Ignored","floor":37,"damage_taken":0},{"event_name":"Match and Keep!","player_choice":"3 cards matched","floor":38,"damage_taken":0}],"boss_relics":[{"not_picked":["Runic Dome","Eternal Feather"],"picked":"Black Star"},{"not_picked":["Question Card","Lizard Tail"],"picked":"The Specimen"}],"potions_floor_spawned":[6,10,11,12,14,16,25,27,29,36,40],"seed_played":"5067328316383385256","killed_by":"2 Orb Walkers","ascension_level":2,"is_trial":false}