{"gold_per_floor":[112,112,112,128,148,148,181,199,199,214,243,1,16,16,16,91,91,111,126,76,95,111,111,130,159,231,231,250,250,275,275,275,275],"floor_reached":33,"playtime":1858,"items_purged":["Strike_G"],"score":648,"play_id":"50f9d934-fd9f-4b6b-b311-b3aaada98382","local_time":"20181017093454","is_ascension_mode":true,"campfire_choices":[{"data":"Terror","floor":6.0,"key":"SMITH"},{"floor":15.0,"key":"REST"},{"floor":23.0,"key":"REST"},{"data":"A Thousand Cuts","floor":27,"key":"SMITH"},{"floor":29,"key":"REST"},{"floor":32,"key":"REST"}],"neow_cost":"NONE","seed_source_timestamp":2013408252435,"circlet_count":0,"master_deck":["Defend_G","Defend_G","Defend_G","Defend_G","Defend_G","Strike_G","Strike_G","Strike_G","Strike_G","Survivor","Neutralize","AscendersBane","Bullet Time","Flying Knee","Quick Slash","Dagger Throw","Terror+1","Sucker Punch+1","Skewer","Wraith Form v2","Endless Agony","Backstab","Dagger Spray","Night Terror+1","Leg Sweep","Calculated Gamble","Dagger Throw+1","Corpse Explosion","Cloak And Dagger","Malaise","Blur","A Thousand Cuts+1","Bouncing Flask","After Image"],"special_seed":0,"relics":["Ring of the Snake","Prayer Wheel","Darkstone Periapt","Bottled Lightning","Bottled Flame","Vajra","Cursed Key","Omamori","Singing Bowl","Bottled Tornado"],"potions_floor_usage":[25,25,30],"damage_taken":[{"damage":9.0,"enemies":"Cultist","floor":1.0,"turns":6.0},{"damage":2.0,"enemies":"Jaw Worm","floor":4.0,"turns":6.0},{"damage":1.0,"enemies":"Small Slimes","floor":5.0,"turns":3.0},{"damage":30.0,"enemies":"Gremlin Nob","floor":7.0,"turns":4.0},{"damage":4.0,"enemies":"Red Slaver","floor":8.0,"turns":2.0},{"damage":0.0,"enemies":"2 Fungi Beasts","floor":10.0,"turns":3.0},{"damage":1.0,"enemies":"3 Sentries","floor":11.0,"turns":6.0},{"damage":0.0,"enemies":"Lots of Slimes","floor":13.0,"turns":4.0},{"damage":25.0,"enemies":"Slime Boss","floor":16.0,"turns":11.0},{"damage":14.0,"enemies":"3 Byrds","floor":18.0,"turns":5.0},{"damage":9.0,"enemies":"2 Thieves","floor":19.0,"turns":4.0},{"damage":14.0,"enemies":"Shelled Parasite and Fungi","floor":21.0,"turns":4.0},{"damage":0.0,"enemies":"3 Cultists","floor":22.0,"turns":2.0},{"damage":11.0,"enemies":"Snecko","floor":24.0,"turns":5.0},{"damage":0,"enemies":"Slavers","floor":25,"turns":1},{"damage":15,"enemies":"Snake Plant","floor":28,"turns":4},{"damage":29,"enemies":"Gremlin Leader","floor":30,"turns":7},{"damage":49,"enemies":"Champ","floor":33,"turns":14}],"seed_played":"3974192440465407393","potions_obtained":[{"floor":7.0,"key":"Swift Potion"},{"floor":8.0,"key":"EssenceOfSteel"},{"floor":13.0,"key":"Poison Potion"},{"floor":16.0,"key":"SteroidPotion"},{"floor":19.0,"key":"LiquidBronze"},{"floor":22.0,"key":"AttackPotion"},{"floor":24.0,"key":"Fire Potion"},{"floor":28,"key":"SteroidPotion"}],"is_trial":false,"path_per_floor":["M","T","?","M","M","R","E","M","T","M","E","$","M","$","R","B",null,"M","M","?","M","M","R","M","E","T","R","M","R","E","?","R"],"character_chosen":"THE_SILENT","items_purchased":["Vajra"],"campfire_rested":4,"item_purchase_floors":[12],"current_hp_per_floor":[50,50,55,53,52,52,22,18,18,18,17,17,17,17,38,13,57,43,34,34,20,20,41,30,30,30,30,19,41,12,12,34,0],"gold":275,"neow_bonus":"ONE_RANDOM_RARE_CARD","is_prod":false,"is_daily":false,"chose_seed":false,"campfire_upgraded":2,"win_rate":0,"timestamp":1539761694,"path_taken":["M","?","?","M","?","R","E","M","T","M","E","$","M","?","R","BOSS","M","M","?","M","M","R","?","E","T","R","M","R","E","?","R","BOSS"],"build_version":"2018-10-11","purchased_purges":1,"victory":false,"max_hp_per_floor":[66,66,71,71,71,71,71,71,71,71,71,71,71,71,71,71,71,71,71,71,71,71,71,71,71,71,71,75,75,75,75,75,75],"card_choices":[{"not_picked":["Prepared","Bane"],"picked":"Flying Knee","floor":1.0},{"not_picked":["Deflect","Flying Knee"],"picked":"Quick Slash","floor":4.0},{"not_picked":["Slice","Eviscerate","Outmaneuver"],"picked":"SKIP","floor":4.0},{"not_picked":["Expertise","PiercingWail"],"picked":"Dagger Throw","floor":5.0},{"not_picked":["Accuracy","Cloak And Dagger"],"picked":"Terror","floor":5.0},{"not_picked":["Deflect","Deadly Poison","Eviscerate"],"picked":"SKIP","floor":7.0},{"not_picked":["Deflect","Flechettes"],"picked":"Sucker Punch","floor":8.0},{"not_picked":["Deflect","Choke","Setup"],"picked":"SKIP","floor":8.0},{"not_picked":["Riddle With Holes","Underhanded Strike"],"picked":"Skewer","floor":10.0},{"not_picked":["Cloak And Dagger","Poisoned Stab"],"picked":"Wraith Form v2","floor":10.0},{"not_picked":["Underhanded Strike","Reflex"],"picked":"Endless Agony","floor":11.0},{"not_picked":["Deflect","Concentrate"],"picked":"Backstab","floor":13.0},{"not_picked":["Deflect","Dodge and Roll"],"picked":"Dagger Spray","floor":13.0},{"not_picked":["Unload","Glass Knife"],"picked":"Night Terror","floor":16.0},{"not_picked":["Acrobatics+1","Blade Dance"],"picked":"Leg Sweep","floor":18.0},{"not_picked":["Dagger Throw","Flying Knee"],"picked":"Calculated Gamble","floor":18.0},{"not_picked":["Prepared","Quick Slash"],"picked":"Dagger Throw+1","floor":19.0},{"not_picked":["Deadly Poison","Dodge and Roll","Slice"],"picked":"SKIP","floor":19.0},{"not_picked":["Deflect","Deadly Poison"],"picked":"Corpse Explosion","floor":21.0},{"not_picked":["Outmaneuver","Bane","Prepared"],"picked":"SKIP","floor":21.0},{"not_picked":["All Out Attack","Poisoned Stab"],"picked":"Cloak And Dagger","floor":22.0},{"not_picked":["Sucker Punch","Heel Hook"],"picked":"Malaise","floor":22.0},{"not_picked":["Eviscerate","Prepared"],"picked":"Blur","floor":24.0},{"not_picked":["Reflex","All Out Attack","Riddle With Holes"],"picked":"SKIP","floor":24.0},{"not_picked":["PiercingWail","Blade Dance"],"picked":"A Thousand Cuts","floor":25},{"not_picked":["Expertise","Leg Sweep","Cloak And Dagger"],"picked":"Singing Bowl","floor":28},{"not_picked":["Quick Slash","Dagger Spray","Sucker Punch"],"picked":"Singing Bowl","floor":28},{"not_picked":["Catalyst","Masterful Stab"],"picked":"Bouncing Flask","floor":30}],"player_experience":1503129,"relics_obtained":[{"floor":2.0,"key":"Prayer Wheel"},{"floor":7.0,"key":"Darkstone Periapt"},{"floor":9.0,"key":"Bottled Lightning"},{"floor":11.0,"key":"Bottled Flame"},{"floor":25,"key":"Omamori"},{"floor":26,"key":"Singing Bowl"},{"floor":30,"key":"Bottled Tornado"}],"event_choices":[{"event_name":"Big Fish","player_choice":"Donut","floor":3.0,"damage_taken":0.0},{"event_name":"Designer","player_choice":"Upgrade 2 Random Cards","floor":20.0,"damage_taken":0.0},{"event_name":"Match and Keep!","player_choice":"1 cards matched","floor":31,"damage_taken":0}],"is_beta":false,"boss_relics":[{"not_picked":["Philosopher\u0027s Stone","Busted Crown"],"picked":"Cursed Key"}],"items_purged_floors":[12],"is_endless":false,"potions_floor_spawned":[7,8,10,13,16,19,22,24,28],"killed_by":"Champ","ascension_level":20}