{"gold_per_floor":[147,0,0,52,101,101,195,309,377,50,141,267,325,15,15,347,347,406,445,142,142,7,88,25,113,187,187,268,392,392,447,447,779,779,821,873,540,599,227,312,312,406,406,4,150,77,0,0,0,0],"floor_reached":51,"playtime":2431,"items_purged":["Parasite","Strike_R","Strike_R","Pommel Strike","Regret","Writhe"],"score":1490,"play_id":"a9f20a1a-0a94-4604-a6dc-c8dc311369ef","local_time":"20181011005052","daily_mods":["Cursed Run","Flight","Midas"],"is_ascension_mode":true,"campfire_choices":[{"floor":6,"key":"REST"},{"floor":15,"key":"REST"},{"floor":27,"key":"REST"},{"floor":30,"key":"REST"},{"floor":32,"key":"REST"},{"floor":41,"key":"REST"},{"floor":49,"key":"REST"}],"neow_cost":"","seed_source_timestamp":0,"circlet_count":0,"master_deck":["Defend_R","Defend_R","Defend_R","Defend_R","Bash","Shockwave+1","Battle Trance+1","Shrug It Off","Bludgeon","Disarm","Flame Barrier","Double Tap","Dual Wield","Uppercut","Clash","Doubt","Offering","Double Tap+1","Spot Weakness+1","Intimidate+1","Panache+1","Shrug It Off","Blind","Inflame+1","Twin Strike","Demon Form+1","Dropkick+1","Pommel Strike+1","Headbutt+1","Shrug It Off","Disarm+1","Shrug It Off+1","Limit Break","Metallicize+1","Whirlwind+1","Bludgeon+1","Twin Strike+1","Uppercut+1","Writhe","Madness","Madness","Pummel+1","Normality"],"relics":["Cursed Key","Darkstone Periapt","Du-Vu Doll","Anchor","Golden Idol","Magic Flower","Dream Catcher","Ornamental Fan","Gremlin Horn","MawBank","Frozen Egg 2","Membership Card","Astrolabe","Happy Flower","Oddly Smooth Stone","Sundial","Bag of Preparation","Molten Egg 2","Bag of Marbles","Tiny Chest","Fusion Hammer","Chemical X","Juzu Bracelet","War Paint","Toy Ornithopter","Red Skull","Ginger","Strawberry","Bronze Scales","Shuriken","Vajra","Brimstone","Incense Burner","Pen Nib","Red Mask"],"potions_floor_usage":[7,18,25,33,33,40],"damage_taken":[{"damage":1,"enemies":"Cultist","floor":1,"turns":3},{"damage":0,"enemies":"Small Slimes","floor":4,"turns":4},{"damage":0,"enemies":"Jaw Worm","floor":5,"turns":3},{"damage":12,"enemies":"Lagavulin","floor":7,"turns":6},{"damage":9,"enemies":"3 Sentries","floor":8,"turns":7},{"damage":5,"enemies":"Lagavulin","floor":11,"turns":4},{"damage":5,"enemies":"Gremlin Nob","floor":12,"turns":4},{"damage":0,"enemies":"Lots of Slimes","floor":13,"turns":6},{"damage":31,"enemies":"Hexaghost","floor":16,"turns":9},{"damage":1,"enemies":"2 Thieves","floor":18,"turns":3},{"damage":0,"enemies":"3 Byrds","floor":19,"turns":5},{"damage":8,"enemies":"Slavers","floor":23,"turns":4},{"damage":6,"enemies":"Gremlin Leader","floor":25,"turns":5},{"damage":23,"enemies":"Book of Stabbing","floor":28,"turns":5},{"damage":12,"enemies":"Slavers","floor":29,"turns":3},{"damage":1,"enemies":"Snake Plant","floor":31,"turns":2},{"damage":93,"enemies":"Collector","floor":33,"turns":8},{"damage":9,"enemies":"3 Shapes","floor":35,"turns":5},{"damage":0,"enemies":"Orb Walker","floor":36,"turns":1},{"damage":8,"enemies":"Maw","floor":38,"turns":6},{"damage":11,"enemies":"2 Orb Walkers","floor":40,"turns":4},{"damage":0,"enemies":"Giant Head","floor":42,"turns":6},{"damage":0,"enemies":"Mysterious Sphere","floor":45,"turns":2},{"damage":27,"enemies":"Awakened One","floor":50,"turns":5}],"seed_played":"3079633783451131300","potions_obtained":[{"floor":1,"key":"Fire Potion"},{"floor":5,"key":"Poison Potion"},{"floor":7,"key":"Regen Potion"},{"floor":23,"key":"Block Potion"},{"floor":28,"key":"Strength Potion"},{"floor":31,"key":"Regen Potion"},{"floor":33,"key":"Block Potion"},{"floor":35,"key":"FearPotion"},{"floor":40,"key":"GamblersBrew"}],"is_trial":true,"path_per_floor":["M","$","?","M","M","R","E","E","T","$","E","E","M","$","R","B",null,"M","M","$","?","$","E","$","E","T","R","E","E","R","M","R","B",null,"M","M","$","M","$","E","R","E","T","$","?","$","?","?","R","B"],"character_chosen":"IRONCLAD","items_purchased":["Anchor","Gremlin Horn","Flame Barrier","Membership Card","Uppercut","Happy Flower","Panache+1","Shrug It Off","Blind","Oddly Smooth Stone","Inflame+1","Twin Strike","Chemical X","Bludgeon+1","Juzu Bracelet","War Paint","Toy Ornithopter","Red Skull","Twin Strike+1","Shuriken","Vajra","Brimstone","Pen Nib"],"campfire_rested":7,"item_purchase_floors":[2,10,10,14,14,20,20,20,20,22,22,22,37,37,37,39,39,39,39,44,44,44,46],"current_hp_per_floor":[71,71,71,71,71,74,62,53,59,59,54,49,49,49,72,47,74,73,73,73,73,73,65,65,59,65,89,66,54,80,79,89,10,74,65,65,65,57,57,54,82,89,95,95,95,95,95,81,108,87],"gold":0,"neow_bonus":"","is_prod":false,"is_daily":false,"chose_seed":false,"campfire_upgraded":0,"win_rate":0,"timestamp":1539211852,"path_taken":["M","$","?","M","M","R","E","E","T","$","E","E","?","$","R","BOSS","M","?","$","?","$","E","?","E","T","R","E","E","R","M","R","BOSS","M","?","$","M","$","E","R","E","T","$","?","?","?","?","R","BOSS"],"build_version":"2018-10-04v2","purchased_purges":6,"victory":true,"max_hp_per_floor":[80,80,74,74,74,74,74,74,80,80,80,80,80,77,77,83,83,83,83,83,83,83,83,83,83,89,89,89,89,89,89,89,95,95,95,95,95,95,95,95,95,102,108,108,108,108,108,108,108,114],"card_choices":[{"not_picked":["Cleave","Headbutt"],"picked":"Shockwave","floor":1},{"not_picked":["Feel No Pain","Pommel Strike"],"picked":"Battle Trance","floor":4},{"not_picked":["Clash","Infernal Blade"],"picked":"Shrug It Off","floor":5},{"not_picked":["Evolve","Disarm"],"picked":"Bludgeon","floor":7},{"not_picked":["Iron Wave","Entrench"],"picked":"Disarm","floor":8},{"not_picked":["True Grit","Dropkick"],"picked":"Double Tap","floor":11},{"not_picked":["Fire Breathing","Disarm"],"picked":"Dual Wield","floor":12},{"not_picked":["Thunderclap","Intimidate"],"picked":"Pommel Strike","floor":13},{"not_picked":["Wild Strike","Perfected Strike"],"picked":"Clash","floor":15},{"not_picked":["Berserk+1","Feed"],"picked":"Offering","floor":16},{"not_picked":["Heavy Blade+1","Feel No Pain+1","Body Slam"],"picked":"SKIP","floor":18},{"not_picked":["Cleave","Pummel","Wild Strike"],"picked":"SKIP","floor":19},{"not_picked":["Iron Wave","Flex+1"],"picked":"Demon Form+1","floor":23},{"not_picked":["True Grit","Evolve+1","Headbutt"],"picked":"SKIP","floor":25},{"not_picked":["Wild Strike+1","Twin Strike+1"],"picked":"Dropkick+1","floor":27},{"not_picked":["Dark Embrace+1","True Grit"],"picked":"Pommel Strike+1","floor":28},{"not_picked":["Infernal Blade","Juggernaut+1"],"picked":"Headbutt+1","floor":29},{"not_picked":["Clothesline+1","Thunderclap+1"],"picked":"Shrug It Off","floor":30},{"not_picked":["Armaments","Warcry"],"picked":"Disarm+1","floor":31},{"not_picked":["Pommel Strike+1","Seeing Red+1"],"picked":"Shrug It Off+1","floor":32},{"not_picked":["Offering","Double Tap"],"picked":"Limit Break","floor":33},{"not_picked":["Heavy Blade+1","Body Slam+1"],"picked":"Metallicize+1","floor":35},{"not_picked":["Second Wind+1","Ghostly Armor"],"picked":"Whirlwind+1","floor":36},{"not_picked":["Heavy Blade+1","Reckless Charge+1","Headbutt+1"],"picked":"SKIP","floor":38},{"not_picked":["Feel No Pain+1","Shrug It Off"],"picked":"Uppercut+1","floor":40},{"not_picked":["Clash+1","Body Slam+1","Combust+1"],"picked":"SKIP","floor":42},{"not_picked":["Headbutt+1","Intimidate+1"],"picked":"Pummel+1","floor":49}],"player_experience":952003,"relics_obtained":[{"floor":7,"key":"Magic Flower"},{"floor":8,"key":"Dream Catcher"},{"floor":9,"key":"Ornamental Fan"},{"floor":11,"key":"MawBank"},{"floor":12,"key":"Frozen Egg 2"},{"floor":23,"key":"Sundial"},{"floor":25,"key":"Bag of Preparation"},{"floor":26,"key":"Molten Egg 2"},{"floor":28,"key":"Bag of Marbles"},{"floor":29,"key":"Tiny Chest"},{"floor":40,"key":"Ginger"},{"floor":42,"key":"Strawberry"},{"floor":43,"key":"Bronze Scales"},{"floor":45,"key":"Incense Burner"}],"event_choices":[{"event_name":"Golden Idol","player_choice":"Lose Max HP","floor":3,"damage_taken":0},{"event_name":"Vampires","player_choice":"Ignored","floor":21,"damage_taken":0},{"event_name":"Mysterious Sphere","player_choice":"Fight","floor":45,"damage_taken":0},{"event_name":"Tomb of Lord Red Mask","player_choice":"Paid","floor":47,"damage_taken":0},{"event_name":"Winding Halls","player_choice":"Embrace Madness","floor":48,"damage_taken":0}],"is_beta":false,"boss_relics":[{"not_picked":["Runic Cube","Lizard Tail"],"picked":"Astrolabe"},{"not_picked":["Runic Dome","Busted Crown"],"picked":"Fusion Hammer"}],"items_purged_floors":[14,20,24,37,39,44],"is_endless":false,"potions_floor_spawned":[1,5,7,23,28,31,33,35,40,45],"ascension_level":9}