{"path_per_floor":["M","?","M","M","?","R","?","E","T","?","M","$","?","M","R","B",null,"M","?","?","?","?","R","E","?","T","M","M","R","T","M","R","B",null,"M","?","M","T","?","E","R","?","T","?","T","M","R","M","R"],"character_chosen":"THE_SILENT","items_purchased":["Noxious Fumes","Strawberry"],"gold_per_floor":[118,193,207,224,189,189,189,215,215,215,233,3,3,13,13,112,112,128,128,128,128,128,128,157,72,72,90,109,109,132,147,147,245,245,260,260,280,280,280,311,311,311,380,380,380,400,400,416,416,416],"floor_reached":50,"campfire_rested":3,"playtime":5612,"current_hp_per_floor":[70,59,59,59,70,70,70,38,38,38,38,45,50,47,71,28,82,67,67,67,67,67,67,60,60,60,60,60,60,60,54,78,34,82,74,82,80,80,80,58,82,82,82,82,82,82,82,82,82,0],"items_purged":[],"gold":416,"score":535,"play_id":"1c5b45a3-ec3e-45bf-8fe2-57801416bec7","local_time":"20180323111911","is_prod":false,"is_daily":false,"is_ascension_mode":true,"campfire_upgraded":3,"timestamp":1521800351,"path_taken":["M","?","?","M","?","R","?","E","T","?","M","$","?","M","R","BOSS","M","?","?","?","?","R","E","?","T","M","M","R","?","M","R","BOSS","M","?","M","?","?","E","R","?","T","?","?","M","R","M","R","BOSS"],"build_version":"2018-03-22","purchased_purges":0,"victory":false,"master_deck":["Survivor","Neutralize","PiercingWail","Storm of Steel+1","Leg Sweep","Noxious Fumes+1","Poisoned Stab","Die Die Die","Poisoned Stab+1","Cloak And Dagger","Deflect","Masterful Stab+1","Quick Slash","Poisoned Stab","Well Laid Plans","Cloak And Dagger","Cloak And Dagger+1","Flying Knee","Dagger Spray+1","Bouncing Flask+1","Venomology+1","Bouncing Flask+1","Writhe","Bane+1","Bane","Noxious Fumes+1","Slice","Sucker Punch+1"],"max_hp_per_floor":[70,70,70,70,70,70,70,70,70,70,70,77,82,82,82,82,82,82,82,82,82,82,82,82,82,82,82,82,82,82,82,82,82,82,82,82,82,82,82,82,82,82,82,82,82,82,82,82,82,82],"relics":["Ring of the Snake","NeowsBlessing","Juzu Bracelet","Thread and Needle","Strawberry","Pandora\u0027s Box","Lantern","Toxic Egg 2","Ginger","Gambling Chip","Art of War","Philosopher\u0027s Stone","Bird Faced Urn","Whetstone","Darkstone Periapt","Girya"],"card_choices":[{"not_picked":["Deflect","Underhanded Strike"],"picked":"PiercingWail","floor":1},{"not_picked":["Terror","Quick Slash"],"picked":"Storm of Steel","floor":3},{"not_picked":["Eviscerate","Backflip"],"picked":"Leg Sweep","floor":4},{"not_picked":["All Out Attack","Heel Hook"],"picked":"Blade Dance","floor":11},{"not_picked":["Deadly Poison","Blur"],"picked":"Poisoned Stab","floor":14},{"not_picked":["Storm of Steel","Unload"],"picked":"Die Die Die","floor":16},{"not_picked":["Noxious Fumes","Skewer"],"picked":"Cloak And Dagger","floor":18},{"not_picked":["Underhanded Strike","Prepared"],"picked":"Flying Knee","floor":24},{"not_picked":["Deflect","Footwork"],"picked":"Dagger Spray","floor":27},{"not_picked":["PiercingWail","Escape Plan"],"picked":"Bouncing Flask","floor":28},{"not_picked":["A Thousand Cuts","Bullet Time"],"picked":"Venomology","floor":33},{"not_picked":["Deflect","Calculated Gamble"],"picked":"Bouncing Flask","floor":35},{"not_picked":["Deflect","Blade Dance"],"picked":"Bane","floor":37},{"not_picked":["Tools of the Trade","Underhanded Strike"],"picked":"Bane","floor":40},{"not_picked":["Setup","Expertise"],"picked":"Slice","floor":46},{"not_picked":["Slice","Dagger Spray"],"picked":"Sucker Punch","floor":48}],"player_experience":252606,"potions_floor_usage":[16,33,33,37,40,40,46,48,50,50,50],"damage_taken":[{"damage":0,"enemies":"2 Louse","floor":1,"turns":1},{"damage":0,"enemies":"Jaw Worm","floor":3,"turns":1},{"damage":0,"enemies":"Cultist","floor":4,"turns":1},{"damage":32,"enemies":"Lagavulin","floor":8,"turns":13},{"damage":0,"enemies":"3 Louse","floor":11,"turns":7},{"damage":3,"enemies":"Exordium Wildlife","floor":14,"turns":4},{"damage":43,"enemies":"Slime Boss","floor":16,"turns":16},{"damage":15,"enemies":"2 Thieves","floor":18,"turns":4},{"damage":7,"enemies":"Gremlin Leader","floor":24,"turns":7},{"damage":0,"enemies":"Chosen","floor":27,"turns":4},{"damage":0,"enemies":"Centurion and Healer","floor":28,"turns":5},{"damage":6,"enemies":"Snake Plant","floor":31,"turns":5},{"damage":44,"enemies":"Collector","floor":33,"turns":7},{"damage":8,"enemies":"Orb Walker","floor":35,"turns":3},{"damage":2,"enemies":"3 Darklings","floor":37,"turns":4},{"damage":26,"enemies":"Nemesis","floor":40,"turns":7},{"damage":0,"enemies":"4 Shapes","floor":46,"turns":4},{"damage":3,"enemies":"Sphere and 2 Shapes","floor":48,"turns":5},{"damage":89,"enemies":"Donu and Deca","floor":50,"turns":7}],"event_choices":[{"event_name":"World of Goop","player_choice":"Gather Gold","floor":2,"damage_taken":0},{"event_name":"The Cleric","player_choice":"Healed","floor":5,"damage_taken":0},{"event_name":"Transmorgrifier","player_choice":"Transform","floor":7,"damage_taken":0},{"event_name":"Living Wall","player_choice":"Forget","floor":10,"damage_taken":0},{"event_name":"Big Fish","player_choice":"Donut","floor":13,"damage_taken":0},{"event_name":"Vampires","player_choice":"Ignored","floor":19,"damage_taken":0},{"event_name":"The Mausoleum","player_choice":"Yes","floor":20,"damage_taken":0},{"event_name":"Back to Basics","player_choice":"Elegance","floor":21,"damage_taken":0},{"event_name":"Drug Dealer","player_choice":"Ignored","floor":22,"damage_taken":0},{"event_name":"Addict","player_choice":"Obtained Relic","floor":25,"damage_taken":0},{"event_name":"Winding Halls","player_choice":"Writhe","floor":36,"damage_taken":0},{"event_name":"Mysterious Sphere","player_choice":"Ignore","floor":39,"damage_taken":0},{"event_name":"Duplicator","player_choice":"One dupe","floor":44,"damage_taken":0}],"boss_relics":[{"not_picked":["White Beast Statue","Ectoplasm"],"picked":"Pandora\u0027s Box"},{"not_picked":["Sozu","Runic Pyramid"],"picked":"Philosopher\u0027s Stone"}],"potions_floor_spawned":[11,14,18,27,28,40,46],"seed_played":"-3974358352916975350","killed_by":"Donu and Deca","ascension_level":1,"is_trial":false}