{"gold_per_floor":[137,137,175,213,251,251,289,364,364,364,14,89,127,202,202,202],"floor_reached":16,"playtime":1892,"items_purged":["Strike_R"],"score":147,"play_id":"6edaa754-f8e0-4796-8888-ba434b1c00ed","local_time":"20181009130312","daily_mods":["Heirloom","Blue Cards","MonsterHunter"],"is_ascension_mode":false,"campfire_choices":[{"data":"Rip and Tear","floor":6,"key":"SMITH"},{"data":"Iron Wave","floor":10,"key":"SMITH"},{"data":"Sunder","floor":15,"key":"SMITH"}],"neow_cost":"","seed_source_timestamp":0,"circlet_count":0,"master_deck":["Strike_R","Strike_R","Strike_R","Strike_R+1","Defend_R","Defend_R","Defend_R+1","Defend_R","Bash","Rip and Tear+1","Sweeping Beam","Coolheaded","Shrug It Off","Leap","Iron Wave+1","Sunder+1","Stack","Hologram"],"special_seed":17813,"relics":["Burning Blood","Thread and Needle","Smiling Mask","Orichalcum","FossilizedHelix","Ornamental Fan","Mummified Hand"],"potions_floor_usage":[12,14,16],"damage_taken":[{"damage":3,"enemies":"Small Slimes","floor":1,"turns":7},{"damage":0,"enemies":"Jaw Worm","floor":3,"turns":5},{"damage":0,"enemies":"2 Louse","floor":4,"turns":3},{"damage":15,"enemies":"Lots of Slimes","floor":5,"turns":6},{"damage":2,"enemies":"Red Slaver","floor":7,"turns":5},{"damage":7,"enemies":"3 Sentries","floor":8,"turns":13},{"damage":1,"enemies":"Lagavulin","floor":12,"turns":11},{"damage":0,"enemies":"3 Louse","floor":13,"turns":4},{"damage":0,"enemies":"3 Sentries","floor":14,"turns":10},{"damage":89,"enemies":"Slime Boss","floor":16,"turns":17}],"seed_played":"974947357107287634","potions_obtained":[{"floor":1,"key":"Ancient Potion"},{"floor":3,"key":"BloodPotion"},{"floor":13,"key":"SkillPotion"}],"is_trial":false,"path_per_floor":["M","?","M","M","M","R","M","E","T","R","$","E","M","E","R"],"character_chosen":"IRONCLAD","items_purchased":["FossilizedHelix"],"campfire_rested":0,"item_purchase_floors":[11],"current_hp_per_floor":[80,64,70,76,67,67,71,70,70,70,70,75,80,80,80,0],"gold":202,"neow_bonus":"","is_prod":false,"is_daily":true,"chose_seed":false,"campfire_upgraded":3,"win_rate":0,"timestamp":1539082992,"path_taken":["M","?","M","M","M","R","M","E","T","R","$","E","M","E","R","BOSS"],"build_version":"2018-10-04v2","purchased_purges":1,"victory":false,"max_hp_per_floor":[80,80,80,80,80,80,80,80,80,80,80,80,80,80,80,80],"card_choices":[{"not_picked":["Metallicize","Pommel Strike"],"picked":"Rip and Tear","floor":1},{"not_picked":["Perfected Strike","True Grit"],"picked":"Sweeping Beam","floor":3},{"not_picked":["Whirlwind","Force Field"],"picked":"Coolheaded","floor":4},{"not_picked":["Perfected Strike","Sword Boomerang"],"picked":"Shrug It Off","floor":5},{"not_picked":["Loop","Anger"],"picked":"Leap","floor":7},{"not_picked":["Melter","Static Discharge"],"picked":"Iron Wave","floor":8},{"not_picked":["Havoc","Impervious"],"picked":"Sunder","floor":12},{"not_picked":["Shrug It Off","Armaments"],"picked":"Stack","floor":13},{"not_picked":["Sever Soul","Body Slam"],"picked":"Hologram","floor":14}],"player_experience":1382236,"relics_obtained":[{"floor":8,"key":"Smiling Mask"},{"floor":9,"key":"Orichalcum"},{"floor":12,"key":"Ornamental Fan"},{"floor":14,"key":"Mummified Hand"}],"event_choices":[{"event_name":"Shining Light","player_choice":"Entered Light","floor":2,"damage_taken":0}],"is_beta":false,"boss_relics":[],"items_purged_floors":[11],"is_endless":false,"potions_floor_spawned":[1,3,13],"killed_by":"Slime Boss","ascension_level":0}