{"gold_per_floor":[116,127,141,151,170,170,184,184,211,211,211,26,26,38,38,141,141,158,158,169,169,169,218,218,218,266,266],"floor_reached":27,"playtime":1751,"items_purged":["Strike_G"],"score":207,"play_id":"eac84fc3-4631-4b6f-bd21-067c1ba0124b","local_time":"20181018212237","is_ascension_mode":false,"campfire_choices":[{"data":"Neutralize","floor":6,"key":"SMITH"},{"data":"Infinite Blades","floor":10,"key":"SMITH"},{"data":"Bouncing Flask","floor":11,"key":"SMITH"},{"data":"Choke","floor":15,"key":"SMITH"},{"floor":24,"key":"REST"}],"neow_cost":"NONE","seed_source_timestamp":617356693394899,"circlet_count":0,"master_deck":["Defend_G","Defend_G","Defend_G","Defend_G","Defend_G","Strike_G","Strike_G","Strike_G","Strike_G","Survivor","Neutralize+1","Escape Plan","Dagger Throw","Bouncing Flask+1","Crippling Poison","All Out Attack","Infinite Blades+1","Choke+1","Caltrops","Poisoned Stab","Die Die Die","Catalyst","Poisoned Stab"],"relics":["Ring of the Snake","WingedGreaves","Boot","GremlinMask","Black Star","Nilry\u0027s Codex","Vajra","Snake Skull"],"potions_floor_usage":[16,19,25,27],"damage_taken":[{"damage":1,"enemies":"Cultist","floor":1,"turns":4},{"damage":0,"enemies":"Small Slimes","floor":2,"turns":4},{"damage":0,"enemies":"2 Louse","floor":3,"turns":2},{"damage":3,"enemies":"Red Slaver","floor":4,"turns":3},{"damage":4,"enemies":"Blue Slaver","floor":5,"turns":4},{"damage":8,"enemies":"Lots of Slimes","floor":7,"turns":3},{"damage":4,"enemies":"3 Louse","floor":14,"turns":3},{"damage":39,"enemies":"Slime Boss","floor":16,"turns":9},{"damage":14,"enemies":"Shell Parasite","floor":18,"turns":4},{"damage":6,"enemies":"Spheric Guardian","floor":19,"turns":3},{"damage":28,"enemies":"3 Cultists","floor":20,"turns":5},{"damage":9,"enemies":"Snake Plant","floor":25,"turns":3},{"damage":18,"enemies":"Centurion and Healer","floor":27,"turns":2}],"seed_played":"3557907921963440283","potions_obtained":[{"floor":4,"key":"SmokeBomb"},{"floor":5,"key":"Swift Potion"},{"floor":16,"key":"Energy Potion"},{"floor":20,"key":"Block Potion"}],"is_trial":false,"path_per_floor":["M","M","M","M","M","R","M","?","T","R","R","$","?","M","R","B",null,"M","M","M","?","?","T","R","M","T"],"character_chosen":"THE_SILENT","items_purchased":["Choke","Caltrops"],"campfire_rested":1,"item_purchase_floors":[12,12],"current_hp_per_floor":[69,69,69,66,62,62,54,54,54,54,54,54,54,50,50,11,70,56,50,22,22,6,6,27,18,18,0],"gold":266,"neow_bonus":"THREE_CARDS","is_prod":false,"is_daily":false,"chose_seed":false,"campfire_upgraded":4,"win_rate":0.0,"timestamp":1539850957,"path_taken":["M","M","M","M","?","R","M","?","T","R","R","$","?","?","R","BOSS","M","M","M","?","?","?","R","M","T","M"],"build_version":"2018-10-11","purchased_purges":1,"victory":false,"max_hp_per_floor":[70,70,70,70,70,70,70,70,70,70,70,70,70,70,70,70,70,70,70,70,70,70,70,70,70,70,70],"card_choices":[{"not_picked":["Well Laid Plans","Catalyst"],"picked":"Escape Plan","floor":0},{"not_picked":["Outmaneuver","Sucker Punch"],"picked":"Dagger Throw","floor":1},{"not_picked":["Dodge and Roll","Acrobatics"],"picked":"Bouncing Flask","floor":2},{"not_picked":["Skewer","Blade Dance"],"picked":"Crippling Poison","floor":3},{"not_picked":["Deflect","Prepared","Sucker Punch"],"picked":"SKIP","floor":4},{"not_picked":["Prepared","Expertise"],"picked":"All Out Attack","floor":5},{"not_picked":["Cloak And Dagger","PiercingWail"],"picked":"Infinite Blades","floor":7},{"not_picked":["Cloak And Dagger","Slice"],"picked":"Poisoned Stab","floor":14},{"not_picked":["Bullet Time","Phantasmal Killer"],"picked":"Die Die Die","floor":16},{"not_picked":["Backstab","Deadly Poison"],"picked":"Catalyst","floor":18},{"not_picked":["Blade Dance","Well Laid Plans"],"picked":"Poisoned Stab","floor":20},{"not_picked":["Flying Knee+1","Caltrops+1","All Out Attack+1"],"picked":"SKIP","floor":25}],"player_experience":102955,"relics_obtained":[{"floor":9,"key":"Boot"},{"floor":22,"key":"Nilry\u0027s Codex"},{"floor":23,"key":"Vajra"},{"floor":26,"key":"Snake Skull"}],"event_choices":[{"event_name":"Big Fish","player_choice":"Box","floor":8,"damage_taken":0},{"event_name":"FaceTrader","player_choice":"Trade","floor":13,"damage_taken":0},{"event_name":"Purifier","player_choice":"One Purge","floor":21,"damage_taken":0},{"event_name":"Cursed Tome","player_choice":"Obtained Book","floor":22,"damage_taken":0}],"is_beta":false,"boss_relics":[{"not_picked":["Runic Pyramid","Velvet Choker"],"picked":"Black Star"}],"items_purged_floors":[12],"is_endless":false,"potions_floor_spawned":[4,5,16,19,20,25],"killed_by":"Centurion and Healer","ascension_level":0}