{"gold_per_floor":[109,109,122,135,152,152,185,185,185,199,227,227,76,86,86,188,188,205,215,215,215,76,76,87,87,114,114,139,239,18,32,32,136,136,149,149,149,24,34,34,68,68,116,128,128,163,163,177,177,177],"floor_reached":51,"playtime":2366,"items_purged":["Defend_R","Strike_R","Strike_R"],"score":908,"play_id":"eb9e66bc-8a15-42ed-a427-99b11024ebde","local_time":"20190128220209","is_ascension_mode":false,"campfire_choices":[{"data":"Dual Wield","floor":6.0,"key":"SMITH"},{"data":"True Grit","floor":15.0,"key":"SMITH"},{"data":"Armaments","floor":23.0,"key":"SMITH"},{"data":"Battle Trance","floor":25.0,"key":"SMITH"},{"data":"Offering","floor":27.0,"key":"SMITH"},{"data":"Barricade","floor":32.0,"key":"SMITH"},{"data":"Burning Pact","floor":40.0,"key":"SMITH"},{"data":"Exhume","floor":42.0,"key":"SMITH"},{"data":"Impervious","floor":49,"key":"SMITH"}],"neow_cost":"NONE","seed_source_timestamp":2220280731135,"circlet_count":0,"master_deck":["Strike_R","Defend_R","Defend_R","Defend_R","Bash+1","Clash+1","Dual Wield+1","True Grit+1","Dropkick","Die Die Die+1","Fiend Fire+1","Evolve","Inflame","Impervious+1","Burning Pact+1","Offering+1","Armaments+1","Battle Trance+1","Second Wind","Barricade+1","Entrench+1","Exhume+1","Warcry+1","Battle Trance+1","Warcry+1"],"special_seed":0,"relics":["Burning Blood","Bag of Preparation","Blood Vial","Kunai","Orrery","Red Skull","Anchor","Pear","Juzu Bracelet","Black Star","Smiling Mask","Centennial Puzzle","Whetstone","Blue Candle","Regal Pillow","SsserpentHead"],"potions_floor_usage":[50,50,50],"damage_taken":[{"damage":0.0,"enemies":"Small Slimes","floor":1.0,"turns":3.0},{"damage":1.0,"enemies":"Cultist","floor":3.0,"turns":3.0},{"damage":3.0,"enemies":"Jaw Worm","floor":4.0,"turns":3.0},{"damage":10.0,"enemies":"Looter","floor":5.0,"turns":4.0},{"damage":40.0,"enemies":"3 Sentries","floor":7.0,"turns":17.0},{"damage":9.0,"enemies":"2 Fungi Beasts","floor":10.0,"turns":2.0},{"damage":0.0,"enemies":"Gremlin Nob","floor":11.0,"turns":2.0},{"damage":0.0,"enemies":"Blue Slaver","floor":14.0,"turns":2.0},{"damage":20.0,"enemies":"The Guardian","floor":16.0,"turns":9.0},{"damage":8.0,"enemies":"Shell Parasite","floor":18.0,"turns":6.0},{"damage":0.0,"enemies":"Spheric Guardian","floor":19.0,"turns":3.0},{"damage":7.0,"enemies":"3 Cultists","floor":24.0,"turns":4.0},{"damage":34.0,"enemies":"Book of Stabbing","floor":28.0,"turns":4.0},{"damage":0.0,"enemies":"Colosseum Slavers","floor":29.0,"turns":3.0},{"damage":13.0,"enemies":"Colosseum Nobs","floor":29.0,"turns":5.0},{"damage":6.0,"enemies":"Snecko","floor":31.0,"turns":10.0},{"damage":6.0,"enemies":"Automaton","floor":33.0,"turns":23.0},{"damage":12.0,"enemies":"3 Darklings","floor":35.0,"turns":18.0},{"damage":6.0,"enemies":"3 Shapes","floor":39.0,"turns":8.0},{"damage":74.0,"enemies":"Reptomancer","floor":41.0,"turns":9.0},{"damage":6.0,"enemies":"Sphere and 2 Shapes","floor":44.0,"turns":13.0},{"damage":12.0,"enemies":"Giant Head","floor":46.0,"turns":10.0},{"damage":6,"enemies":"Transient","floor":48,"turns":5},{"damage":6,"enemies":"Awakened One","floor":50,"turns":11}],"seed_played":"-713765655260000978","potions_obtained":[{"floor":5.0,"key":"GamblersBrew"},{"floor":7.0,"key":"PowerPotion"},{"floor":10.0,"key":"Poison Potion"},{"floor":14.0,"key":"Dexterity Potion"},{"floor":19.0,"key":"Swift Potion"},{"floor":28.0,"key":"Strength Potion"},{"floor":33.0,"key":"FearPotion"},{"floor":44.0,"key":"Energy Potion"}],"is_trial":false,"path_per_floor":["M","?","M","M","M","R","E","?","T","M","E","?","$","M","R","B",null,"M","M","?","?","$","R","M","R","T","R","E","?","$","M","R","B",null,"M","?","$","$","M","R","E","R","T","M","?","E","?","M","R","B",null],"character_chosen":"IRONCLAD","items_purchased":["Evolve","Battle Trance","Barricade","Entrench"],"campfire_rested":0,"item_purchase_floors":[13,22,30,30],"current_hp_per_floor":[80,73,78,80,76,76,42,42,42,41,49,49,49,57,57,45,80,78,80,80,80,80,80,79,79,79,79,52,65,65,67,67,69,90,84,84,84,84,86,86,20,20,20,22,79,73,73,75,75,77],"gold":177,"neow_bonus":"UPGRADE_CARD","is_prod":false,"is_daily":false,"chose_seed":false,"campfire_upgraded":9,"win_rate":0,"timestamp":1548680529,"path_taken":["M","?","M","M","M","R","E","?","T","?","E","?","$","M","R","BOSS","M","M","?","?","$","R","M","R","T","R","E","?","?","M","R","BOSS","M","?","?","$","M","R","E","R","T","M","?","E","?","M","R","BOSS"],"build_version":"2019-01-23","purchased_purges":3,"victory":true,"max_hp_per_floor":[80,80,80,80,80,80,80,80,80,80,80,80,80,80,80,80,80,80,80,80,80,80,80,80,80,80,80,80,90,90,90,90,90,90,90,90,90,90,90,90,90,90,90,90,79,79,79,79,79,79],"card_choices":[{"not_picked":["Pommel Strike","Wild Strike"],"picked":"Clash","floor":1.0},{"not_picked":["Headbutt","Rupture"],"picked":"Dual Wield","floor":3.0},{"not_picked":["Headbutt","Thunderclap"],"picked":"True Grit","floor":4.0},{"not_picked":["Heavy Blade","Hemokinesis"],"picked":"Rage","floor":5.0},{"not_picked":["Flex","Body Slam"],"picked":"Dropkick","floor":7.0},{"not_picked":["Shockwave","Pommel Strike"],"picked":"Fiend Fire","floor":10.0},{"not_picked":["True Grit","Flex","Shrug It Off"],"picked":"SKIP","floor":11.0},{"not_picked":["True Grit","Dual Wield"],"picked":"Inflame","floor":14.0},{"not_picked":["Immolate","Double Tap"],"picked":"Impervious","floor":16.0},{"not_picked":["Clothesline","Fire Breathing"],"picked":"Burning Pact","floor":17.0},{"not_picked":["Metallicize","Intimidate","True Grit"],"picked":"SKIP","floor":18.0},{"not_picked":["Clash","Havoc"],"picked":"Offering","floor":19.0},{"not_picked":["Headbutt","Body Slam+1","Thunderclap"],"picked":"SKIP","floor":24.0},{"not_picked":["Iron Wave","Headbutt"],"picked":"Second Wind","floor":28.0},{"not_picked":["Disarm","Armaments","Clash+1"],"picked":"SKIP","floor":31.0},{"not_picked":["Fiend Fire","Bludgeon"],"picked":"Exhume","floor":33.0},{"not_picked":["Intimidate+1","Twin Strike+1","Clash+1"],"picked":"SKIP","floor":35.0},{"not_picked":["Perfected Strike+1","Armaments+1","Intimidate"],"picked":"SKIP","floor":39.0},{"not_picked":["Pummel+1","Cleave+1"],"picked":"Warcry+1","floor":41.0},{"not_picked":["Wild Strike+1","Hemokinesis"],"picked":"Battle Trance+1","floor":44.0},{"not_picked":["Clothesline","Spot Weakness","Iron Wave"],"picked":"SKIP","floor":46.0},{"not_picked":["Carnage+1","Cleave"],"picked":"Warcry+1","floor":48}],"player_experience":1003420,"relics_obtained":[{"floor":7.0,"key":"Bag of Preparation"},{"floor":9.0,"key":"Blood Vial"},{"floor":11.0,"key":"Kunai"},{"floor":26.0,"key":"Red Skull"},{"floor":28.0,"key":"Anchor"},{"floor":29.0,"key":"Pear"},{"floor":29.0,"key":"Juzu Bracelet"},{"floor":41.0,"key":"Smiling Mask"},{"floor":41.0,"key":"Centennial Puzzle"},{"floor":43.0,"key":"Whetstone"},{"floor":46.0,"key":"Blue Candle"},{"floor":46.0,"key":"Regal Pillow"}],"event_choices":[{"cards_removed":["Strike_R"],"damage_healed":0.0,"max_hp_gain":0.0,"max_hp_loss":0.0,"gold_gain":0.0,"event_name":"Golden Wing","player_choice":"Card Removal","floor":2.0,"gold_loss":0.0,"damage_taken":7.0},{"cards_removed":["Rage"],"damage_healed":0.0,"max_hp_gain":0.0,"max_hp_loss":0.0,"gold_gain":0.0,"event_name":"NoteForYourself","player_choice":"Took Card","floor":8.0,"gold_loss":0.0,"damage_taken":0.0,"cards_obtained":["Die Die Die"]},{"cards_removed":["Strike_R"],"damage_healed":0.0,"max_hp_gain":0.0,"max_hp_loss":0.0,"gold_gain":0.0,"event_name":"Living Wall","player_choice":"Forget","floor":12.0,"gold_loss":0.0,"damage_taken":0.0},{"damage_healed":0.0,"max_hp_gain":0.0,"max_hp_loss":0.0,"gold_gain":0.0,"event_name":"Ghosts","player_choice":"Ignored","floor":20.0,"gold_loss":0.0,"damage_taken":0.0},{"damage_healed":0.0,"max_hp_gain":0.0,"max_hp_loss":0.0,"gold_gain":0.0,"event_name":"The Library","player_choice":"Read","floor":21.0,"gold_loss":0.0,"damage_taken":0.0,"cards_obtained":["Armaments"]},{"damage_healed":0.0,"max_hp_gain":0.0,"max_hp_loss":0.0,"gold_gain":0.0,"event_name":"Colosseum","player_choice":"Fight","floor":29.0,"gold_loss":0.0,"damage_taken":0.0},{"damage_healed":0.0,"max_hp_gain":0.0,"max_hp_loss":0.0,"gold_gain":0.0,"event_name":"Colosseum","player_choice":"Fought Nobs","floor":29.0,"gold_loss":0.0,"damage_taken":0.0},{"damage_healed":0.0,"max_hp_gain":0.0,"max_hp_loss":0.0,"gold_gain":0.0,"event_name":"Upgrade Shrine","player_choice":"Upgraded","floor":36.0,"gold_loss":0.0,"damage_taken":0.0,"cards_upgraded":["Entrench"]},{"damage_healed":79.0,"max_hp_gain":0.0,"max_hp_loss":11.0,"gold_gain":0.0,"event_name":"The Moai Head","player_choice":"Heal","floor":45.0,"gold_loss":0.0,"damage_taken":0.0},{"damage_healed":0.0,"max_hp_gain":0.0,"max_hp_loss":0.0,"gold_gain":0.0,"event_name":"FaceTrader","player_choice":"Trade","floor":47.0,"gold_loss":0.0,"damage_taken":0.0,"relics_obtained":["SsserpentHead"]}],"is_beta":false,"boss_relics":[{"not_picked":["White Beast Statue","Ectoplasm"],"picked":"Orrery"},{"not_picked":["Tiny House","Eternal Feather"],"picked":"Black Star"}],"items_purged_floors":[13,22,38],"is_endless":false,"potions_floor_spawned":[5,7,10,14,18,19,24,28,33,39,44,46],"ascension_level":0}