{"gold_per_floor":[112,37,56,56,56,94,112,132,132,132,32,32,8,33,33,156,156,181,181,181],"floor_reached":20,"playtime":799,"items_purged":["Defend_G","Defend_G"],"score":172,"play_id":"99bc701b-0825-4ba5-8298-19b3c2071106","local_time":"20181207193646","is_ascension_mode":false,"campfire_choices":[{"floor":10,"key":"REST"},{"floor":12,"key":"REST"},{"data":"Leg Sweep","floor":15,"key":"SMITH"}],"neow_cost":"PERCENT_DAMAGE","seed_source_timestamp":2199886792341,"circlet_count":0,"master_deck":["Defend_G","Defend_G","Strike_G","Strike_G","Strike_G","Strike_G","Survivor","Neutralize","Leg Sweep+1","Dash","Poisoned Stab","Poisoned Stab","Injury","Acrobatics","Corpse Explosion","Flying Knee","Bouncing Flask","Night Terror","Poisoned Stab+1"],"relics":["Ring of the Snake","Golden Idol","Blue Candle","Blood Vial","Pantograph","Sozu"],"potions_floor_usage":[8,16,18],"damage_taken":[{"damage":0,"enemies":"Cultist","floor":1,"turns":4},{"damage":0,"enemies":"Small Slimes","floor":3,"turns":4},{"damage":27,"enemies":"Lagavulin","floor":6,"turns":7},{"damage":0,"enemies":"Jaw Worm","floor":7,"turns":5},{"damage":0,"enemies":"Exordium Wildlife","floor":8,"turns":2},{"damage":0,"enemies":"Looter","floor":14,"turns":3},{"damage":29,"enemies":"Slime Boss","floor":16,"turns":8},{"damage":20,"enemies":"2 Thieves","floor":18,"turns":3}],"seed_played":"4882520853225595503","potions_obtained":[{"floor":6,"key":"AttackPotion"},{"floor":8,"key":"GamblersBrew"},{"floor":14,"key":"GhostInAJar"}],"is_trial":false,"path_per_floor":["M","$","M","?","T","E","M","M","T","R","$","R","$","M","R","B",null,"M","?","?"],"character_chosen":"THE_SILENT","items_purchased":["Flying Knee"],"campfire_rested":2,"item_purchase_floors":[13],"current_hp_per_floor":[49,49,49,49,49,22,24,26,26,47,47,68,68,70,70,41,70,50,34,34],"gold":181,"neow_bonus":"TRANSFORM_TWO_CARDS","is_prod":false,"is_daily":false,"chose_seed":false,"campfire_upgraded":1,"win_rate":0.0,"timestamp":1544164606,"path_taken":["M","$","?","?","?","E","M","M","T","R","?","R","$","M","R","BOSS","M","?","?"],"build_version":"2018-12-06","purchased_purges":2,"victory":false,"max_hp_per_floor":[70,70,70,70,70,70,70,70,70,70,70,70,70,70,70,70,70,70,70,70],"card_choices":[{"not_picked":["Outmaneuver","Dagger Spray"],"picked":"Poisoned Stab","floor":1},{"not_picked":["Dagger Spray","Acrobatics"],"picked":"Poisoned Stab","floor":3},{"not_picked":["Leg Sweep","Dodge and Roll"],"picked":"Acrobatics","floor":6},{"not_picked":["Accuracy","Skewer"],"picked":"Corpse Explosion","floor":7},{"not_picked":["Flechettes","Endless Agony","Bane"],"picked":"SKIP","floor":8},{"not_picked":["Tactician","Deflect"],"picked":"Bouncing Flask","floor":14},{"not_picked":["Burst","Doppelganger"],"picked":"Night Terror","floor":16},{"not_picked":["Dagger Spray+1","Well Laid Plans"],"picked":"Poisoned Stab+1","floor":18}],"player_experience":420272,"relics_obtained":[{"floor":5,"key":"Blue Candle"},{"floor":6,"key":"Blood Vial"},{"floor":9,"key":"Pantograph"}],"event_choices":[{"damage_healed":0,"gold_gain":0,"player_choice":"Take Wound","damage_taken":0,"relics_obtained":["Golden Idol"],"max_hp_gain":0,"max_hp_loss":0,"event_name":"Golden Idol","floor":4,"gold_loss":0,"cards_obtained":["Injury"]},{"damage_healed":0,"gold_gain":0,"player_choice":"Obtained Book","damage_taken":16,"max_hp_gain":0,"max_hp_loss":0,"event_name":"Cursed Tome","floor":19,"gold_loss":0}],"is_beta":false,"boss_relics":[{"not_picked":["Fusion Hammer","Ectoplasm"],"picked":"Sozu"}],"items_purged_floors":[2,11],"is_endless":false,"potions_floor_spawned":[6,8,14,18],"ascension_level":0}