{"gold_per_floor":[114,114,129,144,159,159,189,189,189,219,234,287,287,110,110,210,210,225,225,42,57,10,10,40,40,40,55,55,55,70,70,70,170,170,185,203,218,218,233,233,248,248,248,248,248,278,278,293,293,293],"floor_reached":51,"playtime":2625,"items_purged":[],"score":1080,"play_id":"6f50d548-18b3-4887-94c5-dcec3a13e4b6","local_time":"20180806172102","daily_mods":["Brewmaster","Lethality","Hoarder"],"is_ascension_mode":false,"campfire_choices":[{"data":"Defragment","floor":6.0,"key":"SMITH"},{"data":"Defragment","floor":8.0,"key":"SMITH"},{"floor":15.0,"key":"REST"},{"data":"Hologram","floor":23,"key":"SMITH"},{"floor":25,"key":"REST"},{"floor":29,"key":"REST"},{"floor":32,"key":"REST"},{"floor":40,"key":"REST"},{"floor":42,"key":"REST"},{"floor":44,"key":"REST"},{"floor":49,"key":"REST"}],"neow_cost":"","seed_source_timestamp":0,"circlet_count":0,"master_deck":["Strike_B+1","Strike_B+1","Strike_B+1","Strike_B+1","Defend_B+1","Defend_B+1","Defend_B+1","Defend_B+1","Zap","Dualcast","Venomology","Venomology","Venomology","Venomology","Venomology","Venomology","Venomology","Venomology","Venomology","Venomology","Venomology","Venomology","Venomology","Venomology","Defragment+1","Defragment+1","Defragment+1","Redo","Redo","Redo","Gash","Gash","Gash","Conserve Battery","Conserve Battery","Conserve Battery","Steam","Steam","Steam","Cold Snap","Cold Snap","Cold Snap","Stack","Stack","Stack","Gash","Gash","Gash","Core Surge","Core Surge","Core Surge","Conserve Battery","Conserve Battery","Conserve Battery","Amplify","Amplify","Amplify","Gash","Gash","Gash","Hologram+1","Hologram","Hologram","Gash","Gash","Gash","Stack","Stack","Stack","Beam Cell","Beam Cell","Beam Cell","Echo Form","Echo Form","Echo Form","Mayhem","Mayhem","Mayhem","Stack","Stack","Stack","Beam Cell","Beam Cell","Beam Cell","Loop","Loop","Loop","Cold Snap+1","Cold Snap+1","Cold Snap+1","Turbo","Turbo","Turbo","Hologram","Hologram","Hologram","Reinforced Body","Reinforced Body","Reinforced Body","Decay","Decay","Decay","Gash","Gash","Gash","Biased Cognition","Biased Cognition","Biased Cognition","Cold Snap+1","Cold Snap+1","Cold Snap+1","Chill+1","Chill+1","Chill+1","Hologram","Hologram","Hologram","Seek","Seek","Seek","Blizzard+1","Blizzard+1","Blizzard+1","Clumsy","Clumsy","Clumsy","Capacitor","Capacitor","Capacitor","Writhe","Writhe","Writhe","White Noise+1","White Noise+1","White Noise+1","Skim+1","Skim+1","Skim+1"],"special_seed":17749,"relics":["Cracked Core","White Beast Statue","Gambling Chip","Darkstone Periapt","Vajra","Symbiotic Virus","Orrery","Dream Catcher","Meat on the Bone","Cursed Key","Ginger","Incense Burner","Sundial","Blood Vial"],"potions_floor_usage":[21,21,21,21,24,24,24,24,27,27,30,30,30,33,33,33,33,33,35,35,35,36,36,36,36,36,36,37,37,39,39,39,39,39,41,41,41,45,45,45,45,45,45,46,46,46,46,48,48,50,50,50,50,50,50,50],"damage_taken":[{"damage":19.0,"enemies":"2 Louse","floor":1.0,"turns":4.0},{"damage":0.0,"enemies":"Small Slimes","floor":3.0,"turns":4.0},{"damage":0.0,"enemies":"Cultist","floor":4.0,"turns":3.0},{"damage":9.0,"enemies":"2 Fungi Beasts","floor":5.0,"turns":3.0},{"damage":25.0,"enemies":"Lagavulin","floor":7.0,"turns":6.0},{"damage":10.0,"enemies":"3 Sentries","floor":10.0,"turns":4.0},{"damage":0.0,"enemies":"3 Louse","floor":11.0,"turns":4.0},{"damage":22.0,"enemies":"3 Sentries","floor":12.0,"turns":5.0},{"damage":3.0,"enemies":"The Guardian","floor":16.0,"turns":7.0},{"damage":0.0,"enemies":"Spheric Guardian","floor":18.0,"turns":2.0},{"damage":0.0,"enemies":"3 Byrds","floor":19.0,"turns":1.0},{"damage":3,"enemies":"Snecko","floor":21,"turns":5},{"damage":47,"enemies":"Slavers","floor":24,"turns":4},{"damage":38,"enemies":"Slaver and Parasite","floor":27,"turns":6},{"damage":17,"enemies":"Cultist and Chosen","floor":30,"turns":5},{"damage":30,"enemies":"Automaton","floor":33,"turns":9},{"damage":5,"enemies":"Flame Bruiser 1 Orb","floor":35,"turns":4},{"damage":30,"floor":36,"turns":7},{"damage":19,"enemies":"3 Shapes","floor":37,"turns":5},{"damage":34,"enemies":"Spire Growth","floor":39,"turns":4},{"damage":38,"enemies":"3 Darklings","floor":41,"turns":9},{"damage":4,"floor":45,"turns":9},{"damage":0,"enemies":"Giant Head","floor":46,"turns":10},{"damage":11,"enemies":"Sphere and 2 Shapes","floor":48,"turns":5},{"damage":47,"enemies":"Awakened One","floor":50,"turns":14}],"seed_played":"-5940167209622730239","potions_obtained":[{"floor":4.0,"key":"LiquidBronze"},{"floor":12.0,"key":"PowerPotion"},{"floor":16.0,"key":"Swift Potion"},{"floor":18.0,"key":"Poison Potion"},{"floor":21,"key":"GamblersBrew"},{"floor":24,"key":"LiquidBronze"},{"floor":30,"key":"LiquidBronze"},{"floor":35,"key":"Energy Potion"},{"floor":36,"key":"Swift Potion"},{"floor":37,"key":"FocusPotion"},{"floor":39,"key":"FearPotion"},{"floor":46,"key":"FairyPotion"},{"floor":48,"key":"Weak Potion"}],"is_trial":false,"path_per_floor":["M","?","M","M","M","R","E","R","T","E","M","?","?","$","R","B",null,"M","M","$","M","$","R","E","R","T","M","?","R","M","?","R","B",null,"M","?","M","$","M","R","M","R","T","R","?","E","?","M","R","B"],"character_chosen":"DEFECT","items_purchased":["Core Surge","Conserve Battery","Mayhem","Beam Cell"],"campfire_rested":8,"item_purchase_floors":[14,14,20,22],"current_hp_per_floor":[65,58,58,58,49,49,48,48,48,38,38,16,16,16,38,35,75,75,75,75,72,72,72,25,47,47,36,36,58,41,47,71,41,81,76,46,39,39,17,41,15,39,45,71,67,67,93,82,93,60],"gold":293,"neow_bonus":"","is_prod":false,"is_daily":true,"chose_seed":false,"campfire_upgraded":3,"win_rate":0,"timestamp":1533601262,"path_taken":["M","?","M","?","M","R","E","R","T","E","M","?","?","$","R","BOSS","M","M","$","M","$","R","E","R","T","M","?","R","M","?","R","BOSS","M","?","M","$","?","R","M","R","T","R","?","E","?","M","R","BOSS"],"build_version":"2018-08-01","purchased_purges":0,"victory":true,"max_hp_per_floor":[75,75,75,75,75,75,75,75,75,75,75,75,75,75,75,75,75,75,75,75,75,75,75,75,75,75,75,75,75,75,81,81,81,81,81,81,81,81,81,81,81,81,87,87,87,87,93,93,93,93],"card_choices":[{"not_picked":["Turbo","Go for the Eyes"],"picked":"Defragment","floor":1.0},{"not_picked":["Melter","Conserve Battery"],"picked":"Redo","floor":3.0},{"not_picked":["Coolheaded","Sunder"],"picked":"Gash","floor":4.0},{"not_picked":["Redo","Doom and Gloom"],"picked":"Conserve Battery","floor":5.0},{"not_picked":["Chaos","Static Discharge"],"picked":"Steam","floor":7.0},{"not_picked":["Leap","Hologram"],"picked":"Cold Snap","floor":10.0},{"not_picked":["Barrage","Undo"],"picked":"Stack","floor":11.0},{"not_picked":["Stack","Storm"],"picked":"Gash","floor":12.0},{"not_picked":["Meteor Strike","Rainbow"],"picked":"Amplify","floor":16.0},{"not_picked":["Doom and Gloom","Barrage"],"picked":"Gash","floor":17.0},{"not_picked":["Reprogram","Beam Cell"],"picked":"Hologram","floor":17.0},{"not_picked":["Barrage","Hello World"],"picked":"Gash","floor":17.0},{"not_picked":["Consume","Fusion"],"picked":"Stack","floor":17.0},{"not_picked":["Sweeping Beam","Genetic Algorithm"],"picked":"Beam Cell","floor":17.0},{"not_picked":["Turbo","Loop"],"picked":"Echo Form","floor":18.0},{"not_picked":["Barrage","Steam"],"picked":"Stack","floor":21},{"not_picked":["Stack","Lockon+1"],"picked":"Loop","floor":24},{"not_picked":["Auto Shields+1","Heatsinks"],"picked":"Cold Snap+1","floor":25},{"not_picked":["Compile Driver+1","Echo Form"],"picked":"Turbo","floor":27},{"not_picked":["Rip and Tear","Scrape"],"picked":"Hologram","floor":29},{"not_picked":["Sunder","Conserve Battery"],"picked":"Reinforced Body","floor":30},{"not_picked":["Leap","Loop"],"picked":"Gash","floor":32},{"not_picked":["Rainbow","Hyperbeam"],"picked":"Biased Cognition","floor":33},{"not_picked":["Beam Cell+1","Genetic Algorithm+1"],"picked":"Cold Snap+1","floor":36},{"not_picked":["Turbo+1","Compile Driver+1"],"picked":"Chill+1","floor":37},{"not_picked":["Turbo+1","Beam Cell+1"],"picked":"Hologram","floor":40},{"not_picked":["Skim+1","Hello World+1"],"picked":"Seek","floor":41},{"not_picked":["Hologram","Rebound+1"],"picked":"Blizzard+1","floor":42},{"not_picked":["Beam Cell+1","Leap+1"],"picked":"Capacitor","floor":45},{"not_picked":["Sweeping Beam","Rebound","Rip and Tear+1"],"picked":"SKIP","floor":46},{"not_picked":["Go for the Eyes","Sweeping Beam"],"picked":"White Noise+1","floor":48},{"not_picked":["Rebound","Redo+1"],"picked":"Skim+1","floor":49}],"player_experience":747538,"relics_obtained":[{"floor":7.0,"key":"Gambling Chip"},{"floor":9.0,"key":"Darkstone Periapt"},{"floor":10.0,"key":"Vajra"},{"floor":24,"key":"Dream Catcher"},{"floor":26,"key":"Meat on the Bone"},{"floor":36,"key":"Ginger"},{"floor":43,"key":"Incense Burner"},{"floor":45,"key":"Sundial"},{"floor":46,"key":"Blood Vial"}],"event_choices":[{"event_name":"Golden Wing","player_choice":"Card Removal","floor":2.0,"damage_taken":0.0},{"event_name":"Dead Adventurer","player_choice":"Searched \u00273\u0027 times","floor":12.0,"damage_taken":0.0},{"event_name":"Living Wall","player_choice":"Grow","floor":13.0,"damage_taken":0.0},{"event_name":"Back to Basics","player_choice":"Simplicity","floor":28,"damage_taken":0},{"event_name":"Wheel of Change","player_choice":"Curse","floor":31,"damage_taken":0},{"event_name":"Mysterious Sphere","player_choice":"Fight","floor":36,"damage_taken":0},{"event_name":"MindBloom","player_choice":"Fight","floor":45,"damage_taken":0},{"event_name":"Winding Halls","player_choice":"Writhe","floor":47,"damage_taken":0}],"is_beta":true,"boss_relics":[{"not_picked":["Empty Cage","Tiny House"],"picked":"Orrery"},{"not_picked":["Sozu","Pandora\u0027s Box"],"picked":"Cursed Key"}],"items_purged_floors":[],"is_endless":false,"potions_floor_spawned":[1,3,4,5,7,10,11,12,12,16,18,19,21,24,27,30,33,35,36,37,39,41,45,46,48],"ascension_level":0}