{"gold_per_floor":[115,127,26,101,131,157,157,157,235,254,327,24,44,69,69,195,195,211,254,179,203,203,203,203,224,224,224,224,244,257,273,273,273],"floor_reached":33,"playtime":3370,"items_purged":["Defend_G","Regret"],"score":272,"play_id":"777a462a-790e-4129-aee5-372af47c5aab","local_time":"20181216110740","is_ascension_mode":false,"campfire_choices":[{"data":"Caltrops","floor":8,"key":"SMITH"},{"floor":15,"key":"REST"},{"floor":23,"key":"REST"},{"floor":27,"key":"REST"},{"floor":32,"key":"REST"}],"neow_cost":"NONE","seed_source_timestamp":664522476877018,"circlet_count":0,"master_deck":["Defend_G","Defend_G","Defend_G","Defend_G","Strike_G","Strike_G","Strike_G","Survivor","Neutralize","Caltrops+1","Cloak And Dagger","Backflip","Leg Sweep","Terror","Prepared","Poisoned Stab","Crippling Poison","Glass Knife","Escape Plan","Blade Dance","Dagger Spray+1","Necronomicurse","Writhe","Deadly Poison+1","RitualDagger","Well Laid Plans","Backflip+1","Quick Slash+1"],"relics":["Ring of the Snake","NeowsBlessing","Tiny Chest","Bronze Scales","Golden Idol","Bottled Flame","Oddly Smooth Stone","Toolbox","Empty Cage","Red Mask","Necronomicon","Gremlin Horn","Paper Crane"],"potions_floor_usage":[14,16,18,19,31],"damage_taken":[{"damage":0,"enemies":"Small Slimes","floor":1,"turns":1},{"damage":0,"enemies":"Jaw Worm","floor":2,"turns":1},{"damage":0,"enemies":"Lagavulin","floor":6,"turns":1},{"damage":4,"enemies":"2 Louse","floor":10,"turns":3},{"damage":31,"enemies":"3 Sentries","floor":11,"turns":8},{"damage":0,"enemies":"Blue Slaver","floor":13,"turns":5},{"damage":0,"enemies":"2 Fungi Beasts","floor":14,"turns":2},{"damage":11,"enemies":"Slime Boss","floor":16,"turns":13},{"damage":0,"enemies":"2 Thieves","floor":18,"turns":4},{"damage":28,"enemies":"Masked Bandits","floor":19,"turns":6},{"damage":2,"enemies":"Shell Parasite","floor":21,"turns":6},{"damage":5,"enemies":"Snake Plant","floor":25,"turns":4},{"damage":9,"enemies":"Centurion and Healer","floor":29,"turns":8},{"damage":16,"enemies":"Sentry and Sphere","floor":30,"turns":5},{"damage":4,"enemies":"Snecko","floor":31,"turns":6},{"damage":77,"enemies":"Automaton","floor":33,"turns":10}],"seed_played":"1209587725114336670","potions_obtained":[{"floor":6,"key":"SpeedPotion"},{"floor":11,"key":"AttackPotion"},{"floor":14,"key":"GhostInAJar"},{"floor":16,"key":"GhostInAJar"},{"floor":18,"key":"Block Potion"},{"floor":21,"key":"Ancient Potion"},{"floor":30,"key":"FairyPotion"}],"is_trial":false,"path_per_floor":["M","M","$","?","?","E","?","R","T","M","?","$","M","M","R","B",null,"M","?","?","M","?","R","?","M","T","R","?","M","M","M","R","B"],"character_chosen":"THE_SILENT","items_purchased":["Backflip","Toolbox"],"campfire_rested":4,"item_purchase_floors":[3,12],"current_hp_per_floor":[70,70,70,59,59,59,59,59,59,55,24,24,24,24,45,34,70,70,42,42,40,24,45,45,40,40,61,55,46,30,26,47,0],"gold":273,"neow_bonus":"THREE_ENEMY_KILL","is_prod":false,"is_daily":false,"chose_seed":false,"campfire_upgraded":1,"win_rate":0.0,"timestamp":1544911660,"path_taken":["M","M","$","?","?","E","?","R","T","M","?","$","M","?","R","BOSS","M","?","?","M","?","R","?","?","T","R","?","M","M","M","R","BOSS"],"build_version":"2018-12-13","purchased_purges":2,"victory":false,"max_hp_per_floor":[70,70,70,70,70,70,70,70,70,70,70,70,70,70,70,70,70,70,70,70,70,70,70,70,70,70,70,70,70,70,70,70,70],"card_choices":[{"not_picked":["Poisoned Stab","Outmaneuver"],"picked":"Caltrops","floor":1},{"not_picked":["Endless Agony","Poisoned Stab"],"picked":"Cloak And Dagger","floor":2},{"not_picked":["Reflex","Sucker Punch"],"picked":"Leg Sweep","floor":6},{"not_picked":["Dagger Spray","Finisher"],"picked":"Terror","floor":10},{"not_picked":["Terror","Underhanded Strike"],"picked":"Prepared","floor":11},{"not_picked":["Reflex","Setup"],"picked":"Poisoned Stab","floor":13},{"not_picked":["Outmaneuver","Catalyst"],"picked":"Crippling Poison","floor":14},{"not_picked":["Malaise","Tools of the Trade"],"picked":"Glass Knife","floor":16},{"not_picked":["Acrobatics","Prepared+1"],"picked":"Escape Plan","floor":18},{"not_picked":["Cloak And Dagger","Deflect+1"],"picked":"Blade Dance","floor":19},{"not_picked":["Cloak And Dagger","Quick Slash"],"picked":"Dagger Spray+1","floor":21},{"not_picked":["Bane","PiercingWail"],"picked":"Deadly Poison+1","floor":25},{"not_picked":["Sucker Punch","Grand Finale"],"picked":"Well Laid Plans","floor":29},{"not_picked":["Dagger Throw+1","Terror"],"picked":"Backflip+1","floor":30},{"not_picked":["Flechettes+1","All Out Attack"],"picked":"Quick Slash+1","floor":31}],"player_experience":473041,"relics_obtained":[{"floor":6,"key":"Bronze Scales"},{"floor":9,"key":"Bottled Flame"},{"floor":19,"key":"Red Mask"},{"floor":22,"key":"Necronomicon"},{"floor":26,"key":"Paper Crane"}],"event_choices":[{"damage_healed":0,"gold_gain":75,"player_choice":"Gather Gold","damage_taken":11,"max_hp_gain":0,"max_hp_loss":0,"event_name":"World of Goop","floor":4,"gold_loss":0},{"damage_healed":0,"gold_gain":0,"player_choice":"Box","damage_taken":0,"relics_obtained":["Tiny Chest"],"max_hp_gain":0,"max_hp_loss":0,"event_name":"Big Fish","floor":5,"gold_loss":0,"cards_obtained":["Regret"]},{"damage_healed":0,"gold_gain":0,"player_choice":"Take Wound","damage_taken":0,"relics_obtained":["Golden Idol"],"max_hp_gain":0,"max_hp_loss":0,"event_name":"Golden Idol","floor":7,"gold_loss":0,"cards_obtained":["Injury"]},{"damage_healed":0,"gold_gain":30,"player_choice":"Searched \u00273\u0027 times","damage_taken":0,"relics_obtained":["Oddly Smooth Stone"],"max_hp_gain":0,"max_hp_loss":0,"event_name":"Dead Adventurer","floor":11,"gold_loss":0},{"damage_healed":0,"gold_gain":0,"player_choice":"Fought Bandits","damage_taken":0,"max_hp_gain":0,"max_hp_loss":0,"event_name":"Masked Bandits","floor":19,"gold_loss":0},{"cards_removed":["Strike_G"],"damage_healed":0,"gold_gain":0,"player_choice":"Gave Gold","damage_taken":0,"max_hp_gain":0,"max_hp_loss":0,"event_name":"Beggar","floor":20,"gold_loss":75},{"damage_healed":0,"gold_gain":0,"player_choice":"Obtained Book","damage_taken":16,"max_hp_gain":0,"max_hp_loss":0,"event_name":"Cursed Tome","floor":22,"gold_loss":0},{"damage_healed":0,"gold_gain":0,"player_choice":"Opened","damage_taken":0,"relics_obtained":["Gremlin Horn"],"max_hp_gain":0,"max_hp_loss":0,"event_name":"The Mausoleum","floor":24,"gold_loss":0,"cards_obtained":["Writhe"]},{"damage_healed":0,"gold_gain":0,"player_choice":"Joined the Cult","damage_taken":6,"max_hp_gain":0,"max_hp_loss":0,"event_name":"Nest","floor":28,"gold_loss":0,"cards_obtained":["RitualDagger"]}],"is_beta":false,"boss_relics":[{"not_picked":["White Beast Statue","Philosopher\u0027s Stone"],"picked":"Empty Cage"}],"items_purged_floors":[3,12],"is_endless":false,"potions_floor_spawned":[6,11,14,16,18,21,30],"killed_by":"Automaton","ascension_level":0}