{"path_per_floor":["M","$","?","M","T","R","M","M","T","E","R","?","M","M","R","B",null,"M","$","M","M","M","R","M","R","T","M","R","E","?","?","R","B",null,"M","M","M","M","?","R","M","R","T","R","M","M","R","M","R","B"],"character_chosen":"IRONCLAD","items_purchased":["Madness","Inflame","Heavy Blade","Dramatic Entrance"],"gold_per_floor":[111,9,9,26,26,26,41,51,51,84,84,84,100,116,116,218,218,238,22,35,45,63,63,73,73,96,107,107,141,141,41,41,143,143,153,166,182,200,200,200,210,210,210,210,226,242,242,253,253,253],"floor_reached":51,"campfire_rested":3,"playtime":3469,"current_hp_per_floor":[80,80,80,77,77,77,80,80,80,69,69,69,75,80,80,53,80,80,80,80,78,67,67,52,52,52,52,80,38,38,38,77,46,80,80,71,12,12,70,70,51,51,51,51,29,26,62,62,62,8],"items_purged":[],"gold":253,"score":550,"play_id":"fca7a723-3ac1-4dd8-b6b3-972c34713a94","local_time":"20180305015937","is_prod":false,"is_daily":false,"is_ascension_mode":false,"campfire_upgraded":9,"timestamp":1520211577,"path_taken":["M","$","?","M","?","R","M","M","T","E","R","?","?","M","R","BOSS","M","?","M","M","?","R","M","R","T","M","R","E","?","?","R","BOSS","M","?","M","?","?","R","M","R","T","R","M","M","R","M","R","BOSS"],"build_version":"2018-03-01-PROD1","purchased_purges":0,"victory":true,"master_deck":["Strike_R","Strike_R","Strike_R","Strike_R","Defend_R","Defend_R","Defend_R","Defend_R","Bash","Inflame+1","Iron Wave","Madness+1","Twin Strike+1","Shrug It Off","Double Tap+1","Clash","Intimidate","Shrug It Off","Anger","Demon Form+1","Headbutt+1","Inflame+1","Heavy Blade+1","Dramatic Entrance","Intimidate","Heavy Blade+1","Dual Wield+1","Clash","J.A.X.+1","Entrench+1","Seeing Red+1","Shrug It Off+1","Heavy Blade+1","Flex+1","Armaments"],"max_hp_per_floor":[80,80,80,80,80,80,80,80,80,80,80,80,80,80,80,80,80,80,80,80,80,80,80,80,80,80,80,80,80,80,80,80,80,80,80,80,80,80,70,70,70,70,70,70,70,70,70,70,70,70],"relics":["Burning Blood","Anchor","Charon\u0027s Ashes","Regal Pillow","Runic Pyramid","Vajra","Pen Nib","Lizard Tail","Bird Faced Urn"],"card_choices":[{"not_picked":["Pommel Strike","Blood for Blood"],"picked":"Inflame"},{"not_picked":["Body Slam","Uppercut"],"picked":"Iron Wave"},{"not_picked":["Disarm","Dual Wield"],"picked":"Twin Strike"},{"not_picked":["True Grit","Flame Barrier"],"picked":"Shrug It Off"},{"not_picked":["Warcry","Perfected Strike"],"picked":"Double Tap"},{"not_picked":["Second Wind","Body Slam"],"picked":"Clash"},{"not_picked":["Armaments","Infernal Blade"],"picked":"Shrug It Off"},{"not_picked":["Searing Blow","Fiend Fire"],"picked":"Anger"},{"not_picked":["Double Tap","Barricade"],"picked":"Demon Form"},{"not_picked":["Rampage","Shrug It Off"],"picked":"Headbutt"},{"not_picked":["Hemokinesis","Shockwave"],"picked":"Intimidate"},{"not_picked":["Pommel Strike","True Grit"],"picked":"Heavy Blade"},{"not_picked":["Body Slam","Anger"],"picked":"Dual Wield"},{"not_picked":["Pommel Strike","Thunderclap"],"picked":"Clash"},{"not_picked":["Battle Trance","Rupture"],"picked":"Entrench"},{"not_picked":["Anger","Corruption"],"picked":"Seeing Red"},{"not_picked":["Cleave","Pommel Strike"],"picked":"Shrug It Off"},{"not_picked":["Sword Boomerang","Pommel Strike"],"picked":"Heavy Blade"},{"not_picked":["Seeing Red","Limit Break"],"picked":"Flex"},{"not_picked":["Headbutt","Perfected Strike"],"picked":"Armaments"}],"player_experience":27271,"potions_floor_usage":[10,16,16,20,21,21,22,35,36,50,50],"damage_taken":[{"damage":2,"enemies":"Small Slimes","floor":1,"turns":4},{"damage":9,"enemies":"Cultist","floor":4,"turns":5},{"damage":1,"enemies":"Jaw Worm","floor":7,"turns":3},{"damage":0,"enemies":"Exordium Wildlife","floor":8,"turns":5},{"damage":23,"enemies":"Gremlin Nob","floor":10,"turns":5},{"damage":0,"enemies":"Looter","floor":13,"turns":2},{"damage":0,"enemies":"3 Louse","floor":14,"turns":2},{"damage":45,"enemies":"Hexaghost","floor":16,"turns":7},{"damage":1,"enemies":"Chosen","floor":18,"turns":5},{"damage":5,"enemies":"Spheric Guardian","floor":20,"turns":3},{"damage":8,"enemies":"Snecko","floor":21,"turns":5},{"damage":17,"enemies":"Centurion and Healer","floor":22,"turns":4},{"damage":21,"enemies":"Snake Plant","floor":24,"turns":4},{"damage":6,"enemies":"Cultist and Chosen","floor":27,"turns":6},{"damage":48,"enemies":"Gremlin Leader","floor":29,"turns":7},{"damage":37,"enemies":"Collector","floor":33,"turns":5},{"damage":6,"enemies":"Orb Walker","floor":35,"turns":3},{"damage":15,"enemies":"3 Shapes","floor":36,"turns":4},{"damage":65,"enemies":"Sphere and 2 Shapes","floor":37,"turns":6},{"damage":47,"enemies":"4 Shapes","floor":38,"turns":6},{"damage":25,"enemies":"3 Darklings","floor":41,"turns":5},{"damage":34,"enemies":"Maw","floor":45,"turns":7},{"damage":11,"enemies":"Sphere and 2 Shapes","floor":46,"turns":4},{"damage":6,"enemies":"4 Shapes","floor":48,"turns":4},{"damage":81,"enemies":"Time Eater","floor":50,"turns":10}],"event_choices":[{"event_name":"The Lab","player_choice":"Got Potions","floor":3,"damage_taken":0},{"event_name":"Living Wall","player_choice":"Change","floor":12,"damage_taken":0},{"event_name":"Vampires","player_choice":"Ignored","floor":30,"damage_taken":0},{"event_name":"Drug Dealer","player_choice":"Got JAXXED","floor":31,"damage_taken":0},{"event_name":"The Moai Head","player_choice":"Heal","floor":39,"damage_taken":0}],"boss_relics":[{"not_picked":["White Beast Statue","Ectoplasm"],"picked":"Runic Pyramid"},{"not_picked":["Black Star","Runic Dome"],"picked":"Lizard Tail"}],"potions_floor_spawned":[10,13,16,18,21,33,35,46,48],"seed_played":"8648893404248485974","ascension_level":0,"is_trial":false}