{"gold_per_floor":[114,129,147,162,7,7,23,51,81,81,81,100,100,113,113,243,243,262,277,277,298,13,13],"floor_reached":23,"playtime":1346,"items_purged":[],"score":195,"play_id":"f3d8f89d-61d0-4616-b53c-044fedde6396","local_time":"20181208154926","is_ascension_mode":false,"campfire_choices":[{"data":"Corpse Explosion","floor":6,"key":"SMITH"},{"floor":10,"key":"REST"},{"floor":15,"key":"REST"}],"neow_cost":"TEN_PERCENT_HP_LOSS","seed_source_timestamp":74415828864462,"circlet_count":0,"master_deck":["Defend_G","Defend_G","Defend_G","Defend_G","Strike_G","Strike_G","Strike_G","Survivor","Neutralize","Corpse Explosion+1","Noxious Fumes","Acrobatics","Dagger Spray","Dash","Backflip","Infinite Blades","Injury","Infinite Blades","Envenom","Dash+1","Glass Knife+1","Footwork+1","Blade Dance","Cloak And Dagger","Poisoned Stab+1","Quick Slash"],"relics":["Ring of the Snake","Bronze Scales","Gremlin Horn","Tiny Chest","Golden Idol","Astrolabe","Ninja Scroll"],"potions_floor_usage":[8,19,19,23],"damage_taken":[{"damage":1,"enemies":"Cultist","floor":1,"turns":3},{"damage":0,"enemies":"2 Louse","floor":2,"turns":2},{"damage":5,"enemies":"Small Slimes","floor":3,"turns":3},{"damage":0,"enemies":"3 Louse","floor":4,"turns":3},{"damage":1,"enemies":"Exordium Thugs","floor":7,"turns":4},{"damage":10,"enemies":"Gremlin Nob","floor":8,"turns":4},{"damage":12,"enemies":"Large Slime","floor":12,"turns":6},{"damage":17,"enemies":"3 Louse","floor":14,"turns":2},{"damage":43,"enemies":"Hexaghost","floor":16,"turns":10},{"damage":2,"enemies":"3 Byrds","floor":18,"turns":2},{"damage":17,"enemies":"2 Thieves","floor":19,"turns":3},{"damage":33,"enemies":"Centurion and Healer","floor":21,"turns":10},{"damage":12,"enemies":"Gremlin Leader","floor":23,"turns":2}],"seed_played":"-2192742756626748163","potions_obtained":[{"floor":1,"key":"Strength Potion"},{"floor":3,"key":"AttackPotion"},{"floor":16,"key":"Strength Potion"},{"floor":21,"key":"EssenceOfSteel"}],"is_trial":false,"path_per_floor":["M","M","M","M","$","R","M","E","T","R","?","M","?","M","R","B",null,"M","M","?","M","$","E"],"character_chosen":"THE_SILENT","items_purchased":["Bronze Scales","Ninja Scroll","Quick Slash"],"campfire_rested":2,"item_purchase_floors":[5,22,22],"current_hp_per_floor":[62,62,57,57,57,57,56,46,46,63,63,51,51,34,52,9,63,61,44,44,11,11,0],"gold":13,"neow_bonus":"THREE_RARE_CARDS","is_prod":false,"is_daily":false,"chose_seed":false,"campfire_upgraded":1,"win_rate":0.0,"timestamp":1544237366,"path_taken":["M","M","?","M","$","R","M","E","T","R","?","?","?","M","R","BOSS","M","M","?","M","$","E"],"build_version":"2018-12-06","purchased_purges":0,"victory":false,"max_hp_per_floor":[63,63,63,63,63,63,63,63,63,63,63,63,63,63,63,63,63,63,63,63,63,63,63],"card_choices":[{"not_picked":["After Image","Malaise"],"picked":"Corpse Explosion","floor":0},{"not_picked":["Masterful Stab","Tactician"],"picked":"Dodge and Roll","floor":1},{"not_picked":["Masterful Stab","Dagger Spray"],"picked":"Noxious Fumes","floor":2},{"not_picked":["Flying Knee","Dagger Throw"],"picked":"Acrobatics","floor":3},{"not_picked":["Sucker Punch","Accuracy"],"picked":"Dagger Spray","floor":4},{"not_picked":["Tools of the Trade","Outmaneuver"],"picked":"Dash","floor":7},{"not_picked":["Skewer","Flechettes"],"picked":"Backflip","floor":8},{"not_picked":["Prepared","Dagger Spray"],"picked":"Infinite Blades","floor":12},{"not_picked":["Sucker Punch","Endless Agony"],"picked":"Infinite Blades","floor":14},{"not_picked":["Doppelganger","After Image"],"picked":"Envenom","floor":16},{"not_picked":["Finisher","Calculated Gamble"],"picked":"Blade Dance","floor":18},{"not_picked":["All Out Attack","Blade Dance"],"picked":"Cloak And Dagger","floor":19},{"not_picked":["Cloak And Dagger","Heel Hook"],"picked":"Poisoned Stab+1","floor":21}],"player_experience":446846,"relics_obtained":[{"floor":8,"key":"Gremlin Horn"},{"floor":9,"key":"Tiny Chest"}],"event_choices":[{"cards_removed":["Dodge and Roll"],"damage_healed":5,"gold_gain":0,"player_choice":"Offered Common","damage_taken":0,"max_hp_gain":0,"max_hp_loss":0,"event_name":"Bonfire Elementals","floor":11,"gold_loss":0},{"cards_removed":["Dodge and Roll"],"damage_healed":5,"gold_gain":0,"player_choice":"Offered Special","damage_taken":0,"max_hp_gain":0,"max_hp_loss":0,"event_name":"Bonfire Elementals","floor":11,"gold_loss":0},{"damage_healed":0,"gold_gain":0,"player_choice":"Take Wound","damage_taken":0,"relics_obtained":["Golden Idol"],"max_hp_gain":0,"max_hp_loss":0,"event_name":"Golden Idol","floor":13,"gold_loss":0,"cards_obtained":["Injury"]},{"damage_healed":0,"gold_gain":0,"player_choice":"Ignored","damage_taken":0,"max_hp_gain":0,"max_hp_loss":0,"event_name":"Vampires","floor":20,"gold_loss":0}],"is_beta":false,"boss_relics":[{"not_picked":["Philosopher\u0027s Stone","Black Star"],"picked":"Astrolabe"}],"items_purged_floors":[],"is_endless":false,"potions_floor_spawned":[1,3,16,21],"killed_by":"Gremlin Leader","ascension_level":0}