{"gold_per_floor":[113,93,103,123,140,166,166,91,91,111,127,127,158,173,173,252,252,271,285,210,210,55,55,75,75],"floor_reached":25,"playtime":1753,"items_purged":["Strike_B"],"score":430,"play_id":"3912e30d-fcc6-413b-bbca-da04cc26ef45","local_time":"20180917133819","is_ascension_mode":true,"campfire_choices":[{"data":"Defragment","floor":7.0,"key":"SMITH"},{"data":"Streamline","floor":12.0,"key":"SMITH"},{"data":"Go for the Eyes","floor":15.0,"key":"SMITH"},{"data":"Rainbow","floor":23.0,"key":"SMITH"}],"neow_cost":"","seed_source_timestamp":8959198527013,"circlet_count":0,"master_deck":["Strike_B","Strike_B","Defend_B","Defend_B","Defend_B","Defend_B","Zap","Dualcast","AscendersBane","Self Repair","Go for the Eyes+1","Ball Lightning","Defragment+1","Streamline+1","Cold Snap","Doom and Gloom","Stack","Ball Lightning","Biased Cognition","Self Repair","Coolheaded","Rainbow+1","Cold Snap"],"special_seed":0,"relics":["Cracked Core","Mercury Hourglass","Pear","Vajra","Eternal Feather"],"potions_floor_usage":[],"damage_taken":[{"damage":2.0,"enemies":"2 Louse","floor":1.0,"turns":3.0},{"damage":7.0,"enemies":"Cultist","floor":3.0,"turns":4.0},{"damage":2.0,"enemies":"Jaw Worm","floor":4.0,"turns":3.0},{"damage":14.0,"enemies":"Looter","floor":5.0,"turns":3.0},{"damage":24.0,"enemies":"Gremlin Nob","floor":6.0,"turns":4.0},{"damage":4.0,"enemies":"Blue Slaver","floor":10.0,"turns":3.0},{"damage":0.0,"enemies":"3 Louse","floor":11.0,"turns":2.0},{"damage":8.0,"enemies":"3 Sentries","floor":13.0,"turns":4.0},{"damage":17.0,"enemies":"Exordium Wildlife","floor":14.0,"turns":3.0},{"damage":3.0,"enemies":"Slime Boss","floor":16.0,"turns":6.0},{"damage":18.0,"enemies":"2 Thieves","floor":18.0,"turns":3.0},{"damage":33.0,"enemies":"Shell Parasite","floor":19.0,"turns":4.0},{"damage":28.0,"enemies":"Chosen and Byrds","floor":24.0,"turns":4.0},{"damage":32,"enemies":"Gremlin Leader","floor":25,"turns":4}],"seed_played":"-1703612863714793757","potions_obtained":[{"floor":1.0,"key":"SneckoOil"},{"floor":2.0,"key":"Explosive Potion"},{"floor":4.0,"key":"Swift Potion"},{"floor":6.0,"key":"FearPotion"},{"floor":19.0,"key":"Weak Potion"}],"is_trial":false,"path_per_floor":["M","?","M","M","M","E","R","$","T","M","M","R","E","M","R","B",null,"M","M","?","?","$","R","M"],"character_chosen":"DEFECT","items_purchased":["Rainbow"],"campfire_rested":0,"item_purchase_floors":[22],"current_hp_per_floor":[62,62,62,67,60,43,43,43,53,56,63,63,62,52,52,56,75,57,31,31,31,31,43,29,0],"gold":75,"neow_bonus":"","is_prod":false,"is_daily":false,"chose_seed":false,"campfire_upgraded":4,"win_rate":0,"timestamp":1537184299,"path_taken":["M","?","M","M","M","E","R","$","T","M","M","R","E","M","R","BOSS","M","M","?","?","$","R","M","E"],"build_version":"2018-09-06","purchased_purges":1,"victory":false,"max_hp_per_floor":[71,71,71,71,71,71,71,71,81,81,81,81,81,81,81,81,81,81,81,81,81,81,81,81,81],"card_choices":[{"not_picked":["Melter","Doom and Gloom"],"picked":"Self Repair","floor":1.0},{"not_picked":["Leap","Beam Cell"],"picked":"Go for the Eyes","floor":3.0},{"not_picked":["Loop","Sweeping Beam"],"picked":"Ball Lightning","floor":4.0},{"not_picked":["Ball Lightning","Streamline"],"picked":"Defragment","floor":5.0},{"not_picked":["Lockon","Steam"],"picked":"Streamline","floor":6.0},{"not_picked":["Gash","Sweeping Beam"],"picked":"Cold Snap","floor":10.0},{"not_picked":["Steam","Melter"],"picked":"Doom and Gloom","floor":11.0},{"not_picked":["Doom and Gloom","Turbo"],"picked":"Stack","floor":13.0},{"not_picked":["Thunder Strike","Steam Power"],"picked":"Ball Lightning","floor":14.0},{"not_picked":["Amplify","Machine Learning"],"picked":"Biased Cognition","floor":16.0},{"not_picked":["Gash","Static Discharge"],"picked":"Self Repair","floor":18.0},{"not_picked":["Leap","Ball Lightning"],"picked":"Coolheaded","floor":19.0},{"not_picked":["Rebound","Storm+1"],"picked":"Cold Snap","floor":24.0}],"player_experience":1072453,"relics_obtained":[{"floor":6.0,"key":"Mercury Hourglass"},{"floor":9.0,"key":"Pear"},{"floor":13.0,"key":"Vajra"}],"event_choices":[{"event_name":"The Woman in Blue","player_choice":"Bought 1 Potion","floor":2.0,"damage_taken":0.0},{"event_name":"Beggar","player_choice":"Gave Gold","floor":20.0,"damage_taken":0.0},{"event_name":"Ghosts","player_choice":"Ignored","floor":21.0,"damage_taken":0.0}],"is_beta":false,"boss_relics":[{"not_picked":["Black Star","Philosopher\u0027s Stone"],"picked":"Eternal Feather"}],"items_purged_floors":[8],"is_endless":false,"potions_floor_spawned":[1,4,6,19],"killed_by":"Gremlin Leader","ascension_level":20}