{"gold_per_floor":[115,134,62,76,76,90,122,122,177,196,196,29,29,42,42,137,137,150,167,167,167,167,195,208,208],"floor_reached":25,"playtime":4368,"items_purged":[],"score":290,"play_id":"15822c39-b69f-4958-b3a4-c64d5ecd933f","local_time":"20190127200139","is_ascension_mode":true,"campfire_choices":[{"data":"Inflame","floor":8,"key":"SMITH"},{"data":"Armaments","floor":11,"key":"SMITH"},{"data":"Apotheosis","floor":13,"key":"SMITH"},{"data":"Flame Barrier","floor":15,"key":"SMITH"}],"neow_cost":"NONE","seed_source_timestamp":341941761547034,"circlet_count":0,"master_deck":["Strike_R","Strike_R","Strike_R","Strike_R","Strike_R","Defend_R","Defend_R","Defend_R","Defend_R","Bash","Deep Breath","Armaments+1","Flex","Inflame+1","Ghostly Armor","True Grit","Ghostly Armor","Entrench","Apotheosis+1","Flame Barrier+1","Limit Break","Iron Wave","Heavy Blade","Necronomicurse","Body Slam"],"relics":["Burning Blood","Blue Candle","Happy Flower","Sozu","Centennial Puzzle","Necronomicon","Singing Bowl","Gremlin Horn"],"potions_floor_usage":[7,7,23],"damage_taken":[{"damage":0,"enemies":"Small Slimes","floor":1,"turns":3},{"damage":16,"enemies":"Cultist","floor":2,"turns":4},{"damage":9,"enemies":"Jaw Worm","floor":4,"turns":3},{"damage":10,"enemies":"Exordium Wildlife","floor":6,"turns":4},{"damage":3,"enemies":"3 Sentries","floor":7,"turns":7},{"damage":9,"enemies":"Blue Slaver","floor":10,"turns":4},{"damage":12,"enemies":"2 Fungi Beasts","floor":14,"turns":5},{"damage":37,"enemies":"Slime Boss","floor":16,"turns":15},{"damage":0,"enemies":"Chosen","floor":18,"turns":5},{"damage":1,"enemies":"Shell Parasite","floor":19,"turns":4},{"damage":22,"enemies":"Gremlin Leader","floor":23,"turns":5},{"damage":43,"enemies":"Chosen and Byrds","floor":24,"turns":6},{"damage":13,"enemies":"3 Cultists","floor":25,"turns":4}],"seed_played":"5249807928795581783","potions_obtained":[{"floor":4,"key":"Dexterity Potion"},{"floor":5,"key":"Fire Potion"},{"floor":5,"key":"Block Potion"},{"floor":6,"key":"Explosive Potion"}],"is_trial":false,"path_per_floor":["M","M","$","M","?","M","E","R","T","M","R","$","R","M","R","B",null,"M","M","?","?","T","E","M","M"],"character_chosen":"IRONCLAD","items_purchased":["Inflame","Apotheosis"],"campfire_rested":0,"item_purchase_floors":[3,12],"current_hp_per_floor":[78,68,68,65,65,61,64,64,64,61,61,61,61,55,55,24,66,72,77,77,61,61,47,10,0],"gold":208,"neow_bonus":"RANDOM_COLORLESS","is_prod":false,"is_daily":false,"chose_seed":false,"campfire_upgraded":4,"win_rate":0,"timestamp":1548601299,"path_taken":["M","M","$","M","?","?","E","R","T","M","R","?","R","M","R","BOSS","M","M","?","?","?","E","M","M"],"build_version":"2019-01-23","purchased_purges":0,"victory":false,"max_hp_per_floor":[80,80,80,80,80,80,80,80,80,80,80,80,80,80,80,80,80,80,80,80,80,80,82,82,82],"card_choices":[{"not_picked":["Headbutt","Anger"],"picked":"Armaments","floor":1},{"not_picked":["Uppercut","Burning Pact"],"picked":"Flex","floor":2},{"not_picked":["Warcry","Clash"],"picked":"Ghostly Armor","floor":4},{"not_picked":["Warcry","Heavy Blade"],"picked":"True Grit","floor":6},{"not_picked":["Power Through","Burning Pact"],"picked":"Ghostly Armor","floor":7},{"not_picked":["Armaments","Headbutt"],"picked":"Entrench","floor":10},{"not_picked":["Second Wind","Wild Strike"],"picked":"Flame Barrier","floor":14},{"not_picked":["Impervious","Berserk"],"picked":"Limit Break","floor":16},{"not_picked":["Infernal Blade","Wild Strike+1"],"picked":"Iron Wave","floor":18},{"not_picked":["Perfected Strike","Warcry"],"picked":"Heavy Blade","floor":19},{"not_picked":["Twin Strike","True Grit","Immolate"],"picked":"Singing Bowl","floor":23},{"not_picked":["Headbutt","Whirlwind"],"picked":"Body Slam","floor":24}],"player_experience":273234,"relics_obtained":[{"floor":7,"key":"Blue Candle"},{"floor":9,"key":"Happy Flower"},{"floor":21,"key":"Necronomicon"},{"floor":22,"key":"Singing Bowl"},{"floor":23,"key":"Gremlin Horn"}],"event_choices":[{"damage_healed":0,"gold_gain":0,"player_choice":"Got Potions","damage_taken":0,"max_hp_gain":0,"max_hp_loss":0,"event_name":"Lab","floor":5,"gold_loss":0},{"damage_healed":0,"gold_gain":0,"player_choice":"Opened","damage_taken":0,"relics_obtained":["Centennial Puzzle"],"max_hp_gain":0,"max_hp_loss":0,"event_name":"The Mausoleum","floor":20,"gold_loss":0},{"damage_healed":0,"gold_gain":0,"player_choice":"Obtained Book","damage_taken":16,"max_hp_gain":0,"max_hp_loss":0,"event_name":"Cursed Tome","floor":21,"gold_loss":0}],"is_beta":false,"boss_relics":[{"not_picked":["Coffee Dripper","Astrolabe"],"picked":"Sozu"}],"items_purged_floors":[],"is_endless":false,"potions_floor_spawned":[4,6,24],"killed_by":"3 Cultists","ascension_level":6}