{"path_per_floor":["M","M","?","M","M","?","E","R","T","M","R","$","M","T","R","B",null,"M","?","M","M","M","R"],"character_chosen":"IRONCLAD","items_purchased":[],"gold_per_floor":[114,129,129,144,159,109,139,139,164,179,179,179,194,244,244,344,344,359,359,374,389,404,404,404],"floor_reached":24,"campfire_rested":1,"playtime":967,"current_hp_per_floor":[80,80,80,61,67,67,56,56,56,60,60,60,68,68,68,38,80,80,80,45,20,13,37,0],"items_purged":[],"gold":404,"score":250,"play_id":"9beae173-cd24-4e7e-962b-eba1399658e3","local_time":"20180402153646","daily_mods":["Insanity","Uncertain Future","Hoarder"],"is_prod":false,"is_daily":true,"is_ascension_mode":false,"campfire_upgraded":3,"timestamp":1522676206,"path_taken":["M","M","?","M","M","?","E","R","T","M","R","$","M","?","R","BOSS","M","?","M","M","M","R","E"],"build_version":"2018-03-29v2","purchased_purges":0,"victory":false,"master_deck":["Second Wind","True Grit","Burning Pact","Fiend Fire","Reaper","Demon Form+1","Rupture+1","Dropkick","Pummel","Hemokinesis","Searing Blow","Shockwave","Shockwave","Immolate+1","Seeing Red","Iron Wave","Ghostly Armor","Spot Weakness","Brutality","Fiend Fire","Metallicize","Perfected Strike","Fiend Fire","Armaments","Berserk","Barricade","Dual Wield","Warcry","Pommel Strike","Shockwave","Armaments+1","Hemokinesis","Offering","Reckless Charge","Double Tap","Metallicize","Reckless Charge","Evolve","Rage","Power Through","Twin Strike+1","Burning Pact","Dual Wield","True Grit","Entrench","Armaments","Bludgeon","Offering","Double Tap","Inflame","Inflame","Inflame"],"max_hp_per_floor":[80,80,80,80,80,80,80,80,80,80,80,80,80,80,80,80,80,80,80,80,80,80,80,80],"relics":["Burning Blood","Vajra","Blood Vial","Whetstone","Black Star"],"card_choices":[{"not_picked":["Carnage","Pommel Strike"],"picked":"Inflame","floor":10}],"player_experience":177364,"potions_floor_usage":[5,13,21,22],"damage_taken":[{"damage":6,"enemies":"Jaw Worm","floor":1,"turns":2},{"damage":0,"enemies":"2 Louse","floor":2,"turns":2},{"damage":25,"enemies":"Small Slimes","floor":4,"turns":3},{"damage":0,"enemies":"3 Louse","floor":5,"turns":3},{"damage":17,"enemies":"Gremlin Nob","floor":7,"turns":4},{"damage":4,"enemies":"2 Fungi Beasts","floor":10,"turns":2},{"damage":0,"enemies":"Large Slime","floor":13,"turns":1},{"damage":38,"enemies":"The Guardian","floor":16,"turns":11},{"damage":6,"enemies":"Chosen","floor":18,"turns":3},{"damage":41,"enemies":"Spheric Guardian","floor":20,"turns":5},{"damage":42,"enemies":"Snake Plant","floor":21,"turns":4},{"damage":26,"enemies":"Snecko","floor":22,"turns":5},{"damage":43,"enemies":"Slavers","floor":24,"turns":2}],"event_choices":[{"event_name":"Liars Game","player_choice":"disagreed","floor":3,"damage_taken":0},{"event_name":"The Cleric","player_choice":"Card Removal","floor":6,"damage_taken":0},{"event_name":"Drug Dealer","player_choice":"Ignored","floor":19,"damage_taken":0}],"boss_relics":[{"not_picked":["Runic Cube","White Beast Statue"],"picked":"Black Star"}],"potions_floor_spawned":[1,4,5,20],"seed_played":"-6970062414671020423","killed_by":"Slavers","ascension_level":0,"is_trial":false}