{"gold_per_floor":[113,113,133,153,168,195,195,86,112,112,112,132,147,147,147,250,250,263,263,188,188],"floor_reached":21,"playtime":1797,"items_purged":["Strike_B"],"score":179,"play_id":"77fabceb-6619-48b5-a9dc-1b26ac2a373f","local_time":"20181014002402","is_ascension_mode":false,"campfire_choices":[{"floor":7,"key":"REST"},{"data":"Fission","floor":15,"key":"SMITH"}],"neow_cost":"TEN_PERCENT_HP_LOSS","seed_source_timestamp":196183839683145,"circlet_count":0,"master_deck":["Strike_B","Strike_B","Strike_B","Defend_B","Defend_B","Defend_B","Zap","Dualcast","Glacier","Zap","Fission+1","Streamline","Redo","Beam Cell","Chill","Genetic Algorithm","Genetic Algorithm","Melter","Steam","Creative AI","Coolheaded+1","Beam Cell+1"],"relics":["Cracked Core","StoneCalendar","Boot","Bronze Scales","Regal Pillow","Lizard Tail"],"potions_floor_usage":[6,6,6,20,20],"damage_taken":[{"damage":5,"enemies":"Small Slimes","floor":1,"turns":4},{"damage":0,"enemies":"Cultist","floor":3,"turns":3},{"damage":0,"enemies":"2 Louse","floor":4,"turns":2},{"damage":17,"enemies":"Lots of Slimes","floor":5,"turns":5},{"damage":13,"enemies":"Gremlin Nob","floor":6,"turns":3},{"damage":0,"enemies":"Blue Slaver","floor":12,"turns":3},{"damage":0,"enemies":"Large Slime","floor":13,"turns":5},{"damage":23,"enemies":"The Guardian","floor":16,"turns":9},{"damage":3,"enemies":"Chosen","floor":18,"turns":3},{"damage":15,"enemies":"2 Thieves","floor":20,"turns":5},{"damage":50,"enemies":"Colosseum Slavers","floor":21,"turns":7},{"damage":48,"enemies":"Colosseum Nobs","floor":21,"turns":3}],"seed_played":"4593269048758788554","potions_obtained":[{"floor":1,"key":"FearPotion"},{"floor":4,"key":"SteroidPotion"},{"floor":5,"key":"Weak Potion"},{"floor":16,"key":"Swift Potion"},{"floor":18,"key":"Strength Potion"}],"is_trial":false,"path_per_floor":["M","?","M","M","M","E","R","$","T","?","?","M","M","?","R","B",null,"M","?","M"],"character_chosen":"DEFECT","items_purchased":["Genetic Algorithm"],"campfire_rested":1,"item_purchase_floors":[8],"current_hp_per_floor":[63,63,63,63,46,33,53,53,53,50,50,50,50,50,50,27,68,65,53,38,0],"gold":188,"neow_bonus":"ONE_RARE_RELIC","is_prod":false,"is_daily":false,"chose_seed":false,"campfire_upgraded":1,"win_rate":0.0,"timestamp":1539429842,"path_taken":["M","?","M","M","?","E","R","$","T","?","?","?","M","?","R","BOSS","M","?","?","?"],"build_version":"2018-10-11","purchased_purges":1,"victory":false,"max_hp_per_floor":[68,68,68,68,68,68,68,68,68,68,68,68,68,68,68,68,68,68,73,73,73],"card_choices":[{"not_picked":["Heatsinks","Lockon"],"picked":"Glacier","floor":1},{"not_picked":["Compile Driver","Reinforced Body"],"picked":"Streamline","floor":3},{"not_picked":["Doom and Gloom","Hello World"],"picked":"Redo","floor":4},{"not_picked":["Streamline","Darkness"],"picked":"Beam Cell","floor":5},{"not_picked":["Defragment","Aggregate"],"picked":"Chill","floor":6},{"not_picked":["Thunder Strike","Heatsinks"],"picked":"Genetic Algorithm","floor":12},{"not_picked":["Darkness","Go for the Eyes"],"picked":"Melter","floor":13},{"not_picked":["Seek","Reboot"],"picked":"Creative AI","floor":16},{"not_picked":["Barrage+1","Gash"],"picked":"Coolheaded+1","floor":18},{"not_picked":["Coolheaded","Conserve Battery+1"],"picked":"Beam Cell+1","floor":20}],"player_experience":10654,"relics_obtained":[{"floor":6,"key":"Boot"},{"floor":9,"key":"Bronze Scales"}],"event_choices":[{"event_name":"Match and Keep!","player_choice":"2 cards matched","floor":2,"damage_taken":0},{"event_name":"Scrap Ooze","player_choice":"success","floor":10,"damage_taken":3},{"event_name":"Liars Game","player_choice":"disagreed","floor":11,"damage_taken":0},{"event_name":"Living Wall","player_choice":"Change","floor":14,"damage_taken":0},{"event_name":"Forgotten Altar","player_choice":"Shed Blood","floor":19,"damage_taken":0},{"event_name":"Colosseum","player_choice":"Fight","floor":21,"damage_taken":0},{"event_name":"Colosseum","player_choice":"Fought Nobs","floor":21,"damage_taken":0}],"is_beta":false,"boss_relics":[{"not_picked":["Philosopher\u0027s Stone","Runic Pyramid"],"picked":"Lizard Tail"}],"items_purged_floors":[8],"is_endless":false,"potions_floor_spawned":[1,4,5,16,18],"killed_by":"Colosseum Nobs","ascension_level":0}