{"path_per_floor":["M","M","?","M","M","R","$","R","T","E","?","M","E","M","R","B",null,"M","$","M","M","?","R","E","R","T","R","M","$","M","?","R","B",null,"M","M","$","M","M","R","M","R","T","R","E","M","?","?","R"],"character_chosen":"THE_SILENT","items_purchased":["Leg Sweep","Lantern","Burst","Dagger Spray","Pen Nib"],"gold_per_floor":[13,30,30,46,65,65,30,30,55,84,106,120,154,165,165,268,268,281,57,31,46,46,46,77,77,102,102,119,68,87,87,87,190,190,204,220,1,16,33,33,49,49,49,49,81,94,94,194,194,194],"floor_reached":50,"campfire_rested":2,"playtime":2540,"current_hp_per_floor":[65,65,65,65,59,59,59,59,59,51,39,53,50,52,52,44,70,56,56,53,52,52,52,35,35,35,35,37,37,25,12,34,13,89,77,77,77,53,55,55,57,57,57,57,27,6,6,6,46,0],"items_purged":["Parasite"],"gold":194,"score":529,"play_id":"51bff418-583a-4357-88c7-896ea57b9d53","local_time":"20180427102634","is_prod":false,"is_daily":false,"chose_seed":false,"is_ascension_mode":false,"campfire_upgraded":9,"timestamp":1524817594,"path_taken":["M","M","?","M","M","R","$","R","T","E","?","M","E","M","R","BOSS","M","$","M","M","?","R","E","R","T","R","M","$","M","?","R","BOSS","M","M","$","M","?","R","M","R","T","R","E","M","?","?","R","BOSS"],"build_version":"2018-04-26v2","seed_source_timestamp":45083944253084,"purchased_purges":1,"victory":false,"master_deck":["Defend_G","Defend_G","Defend_G","Defend_G","Defend_G","Strike_G","Strike_G","Strike_G","Strike_G","Strike_G","Survivor","Neutralize+1","Footwork","Flying Knee+1","Cloak And Dagger+1","Leg Sweep+1","Sucker Punch","PiercingWail","Backstab","Well Laid Plans","A Thousand Cuts+1","Cloak And Dagger+1","Burst","Dash","Backstab+1","Storm of Steel+1","Blur","Dagger Spray","Envenom+1","Cloak And Dagger+1","Backstab","Dodge and Roll","Escape Plan+1"],"max_hp_per_floor":[70,70,70,70,70,70,70,70,70,70,70,70,70,70,70,70,70,70,70,70,70,70,70,70,70,70,70,70,70,70,75,75,75,89,89,89,86,86,86,86,86,86,86,86,86,86,86,86,86,86],"relics":["Ring of the Snake","Sundial","Blood Vial","Orichalcum","Odd Mushroom","Omamori","Black Star","Lantern","Shuriken","Bottled Tornado","Oddly Smooth Stone","Calling Bell","Regal Pillow","Letter Opener","Mango","Pen Nib","Ornamental Fan","Ninja Scroll","Darkstone Periapt"],"card_choices":[{"not_picked":["Slice","Reflex"],"picked":"Footwork","floor":1},{"not_picked":["Underhanded Strike","Prepared"],"picked":"Flying Knee","floor":2},{"not_picked":["Dagger Throw","Flying Knee"],"picked":"Cloak And Dagger","floor":5},{"not_picked":["Backflip","Phantasmal Killer"],"picked":"Sucker Punch","floor":10},{"not_picked":["Acrobatics","Sucker Punch"],"picked":"PiercingWail","floor":11},{"not_picked":["Blade Dance","Backflip"],"picked":"Backstab","floor":12},{"not_picked":["Dagger Throw","Underhanded Strike"],"picked":"Heel Hook","floor":13},{"not_picked":["Outmaneuver","Bane"],"picked":"Well Laid Plans","floor":14},{"not_picked":["Tools of the Trade","Corpse Explosion"],"picked":"A Thousand Cuts","floor":16},{"not_picked":["Dagger Throw","Reflex"],"picked":"Cloak And Dagger","floor":18},{"not_picked":["Cloak And Dagger","Acrobatics"],"picked":"Dash","floor":20},{"not_picked":["Deadly Poison","Quick Slash"],"picked":"Backstab","floor":21},{"not_picked":["Distraction","Night Terror"],"picked":"Blur","floor":24},{"not_picked":["Wraith Form v2","Unload"],"picked":"Envenom","floor":33},{"not_picked":["PiercingWail","Predator"],"picked":"Cloak And Dagger","floor":35},{"not_picked":["Bouncing Flask","Masterful Stab"],"picked":"Backstab","floor":36},{"not_picked":["Acrobatics","Deadly Poison"],"picked":"Dodge and Roll","floor":38},{"not_picked":["Dodge and Roll","Deadly Poison"],"picked":"Escape Plan","floor":41}],"player_experience":574450,"potions_floor_usage":[10,12,13,16,20,20,33,33,39,41,50],"damage_taken":[{"damage":5,"enemies":"Small Slimes","floor":1,"turns":4},{"damage":0,"enemies":"2 Louse","floor":2,"turns":2},{"damage":0,"enemies":"Jaw Worm","floor":4,"turns":4},{"damage":6,"enemies":"Large Slime","floor":5,"turns":7},{"damage":10,"enemies":"3 Sentries","floor":10,"turns":7},{"damage":14,"enemies":"The Mushroom Lair","floor":11,"turns":6},{"damage":3,"enemies":"Exordium Wildlife","floor":12,"turns":6},{"damage":5,"enemies":"Gremlin Nob","floor":13,"turns":6},{"damage":0,"enemies":"2 Fungi Beasts","floor":14,"turns":4},{"damage":10,"enemies":"Slime Boss","floor":16,"turns":17},{"damage":14,"enemies":"Spheric Guardian","floor":18,"turns":7},{"damage":5,"enemies":"2 Thieves","floor":20,"turns":5},{"damage":3,"enemies":"Snecko","floor":21,"turns":8},{"damage":19,"enemies":"Slavers","floor":24,"turns":9},{"damage":0,"enemies":"Chosen and Byrds","floor":28,"turns":5},{"damage":14,"enemies":"Slaver and Parasite","floor":30,"turns":4},{"damage":38,"enemies":"Collector","floor":33,"turns":10},{"damage":12,"enemies":"Flame Bruiser 1 Orb","floor":35,"turns":5},{"damage":2,"enemies":"3 Shapes","floor":36,"turns":3},{"damage":26,"enemies":"Maw","floor":38,"turns":8},{"damage":0,"enemies":"Flame Bruiser 2 Orb","floor":39,"turns":5},{"damage":0,"enemies":"Sphere and 2 Shapes","floor":41,"turns":3},{"damage":32,"enemies":"Giant Head","floor":45,"turns":9},{"damage":23,"enemies":"Spire Growth","floor":46,"turns":4},{"damage":71,"enemies":"Donu and Deca","floor":50,"turns":8}],"event_choices":[{"event_name":"The Cleric","player_choice":"Leave","floor":3,"damage_taken":0},{"event_name":"Mushrooms","player_choice":"Fought Mushrooms","floor":11,"damage_taken":0},{"event_name":"The Library","player_choice":"Read","floor":22,"damage_taken":0},{"event_name":"Forgotten Altar","player_choice":"Shed Blood","floor":31,"damage_taken":0},{"event_name":"Golden Shrine","player_choice":"Pray","floor":48,"damage_taken":0}],"boss_relics":[{"not_picked":["Snecko Eye","White Beast Statue"],"picked":"Black Star"},{"not_picked":["Orrery","Tiny House"],"picked":"Calling Bell"}],"potions_floor_spawned":[1,4,5,12,14,18,28,30,35,38,41],"seed_played":"777525062381866593","killed_by":"Donu and Deca","ascension_level":0,"is_trial":false}