{"gold_per_floor":[118,118,118,43,56,75,75,75,75,75,89,39,59,59,59,160,160,178,103,3,22,22,40,40,40,40,40,58,58,58,69,69,173,173,183,183,58,58,72,72,90,90,117,117,117,148,28,43,43,43],"floor_reached":50,"playtime":685,"items_purged":["Sentinel+1","Strike_R","Strike_R","Strike_R+1"],"score":458,"play_id":"275cf16a-339d-4828-a7d3-80f6ce9925b7","local_time":"20180703012335","is_ascension_mode":false,"campfire_choices":[{"data":"Bash","floor":7,"key":"SMITH"},{"data":"Twin Strike","floor":10,"key":"SMITH"},{"data":"Flex","floor":15,"key":"SMITH"},{"data":"Demon Form","floor":24,"key":"SMITH"},{"floor":27,"key":"REST"},{"data":"Strike_R","floor":29,"key":"SMITH"},{"floor":32,"key":"REST"},{"data":"Strike_R","floor":40,"key":"SMITH"},{"data":"Strike_R","floor":42,"key":"SMITH"},{"floor":49,"key":"REST"}],"neow_cost":"NONE","seed_source_timestamp":20917586904301,"circlet_count":0,"master_deck":["Strike_R+1","Strike_R+1","Bash+1","Reckless Charge+1","Rage+1","Twin Strike+1","Flex+1","Demon Form+1","Flex+1","Limit Break+1"],"relics":["Astrolabe","Thread and Needle","Paper Frog","Sozu","Centennial Puzzle","Busted Crown","War Paint","Mark of the Bloom","The Courier"],"potions_floor_usage":[50,50,50],"damage_taken":[{"damage":1,"enemies":"2 Louse","floor":1,"turns":2},{"damage":0,"enemies":"Jaw Worm","floor":5,"turns":2},{"damage":0,"enemies":"Small Slimes","floor":6,"turns":2},{"damage":0,"enemies":"Blue Slaver","floor":11,"turns":2},{"damage":0,"enemies":"3 Louse","floor":13,"turns":2},{"damage":38,"enemies":"The Guardian","floor":16,"turns":6},{"damage":18,"enemies":"Spheric Guardian","floor":18,"turns":4},{"damage":10,"enemies":"3 Byrds","floor":21,"turns":4},{"damage":16,"enemies":"Slaver and Parasite","floor":23,"turns":3},{"damage":0,"enemies":"Centurion and Healer","floor":28,"turns":4},{"damage":5,"enemies":"Sentry and Sphere","floor":31,"turns":3},{"damage":42,"enemies":"Automaton","floor":33,"turns":5},{"damage":4,"enemies":"Flame Bruiser 1 Orb","floor":35,"turns":3},{"damage":0,"enemies":"Orb Walker","floor":39,"turns":2},{"damage":5,"enemies":"Sphere and 2 Shapes","floor":41,"turns":3},{"damage":35,"enemies":"2 Orb Walkers","floor":46,"turns":4},{"damage":0,"enemies":"Transient","floor":48,"turns":5},{"damage":58,"enemies":"Donu and Deca","floor":50,"turns":3}],"seed_played":"1178425567742050253","potions_obtained":[{"floor":1,"key":"SkillPotion"},{"floor":6,"key":"Explosive Potion"},{"floor":11,"key":"PowerPotion"}],"is_trial":false,"path_per_floor":["M","?","?","$","M","M","R","T","T","R","M","$","M","?","R","B",null,"M","?","$","M","$","M","R","?","T","R","M","R","$","M","R","B",null,"M","?","$","?","M","R","M","R","T","?","$","E","$","M","R"],"character_chosen":"IRONCLAD","items_purchased":["Flex"],"campfire_rested":3,"item_purchase_floors":[12],"current_hp_per_floor":[79,79,84,84,84,84,84,84,84,84,84,84,84,84,84,46,85,67,67,67,57,57,41,41,25,25,52,52,52,52,47,74,32,90,86,86,86,86,86,86,81,81,81,81,81,46,46,46,46,0],"gold":43,"neow_bonus":"BOSS_RELIC","is_prod":false,"is_daily":false,"chose_seed":false,"campfire_upgraded":7,"win_rate":0,"timestamp":1530606215,"path_taken":["M","?","?","$","M","M","R","?","T","R","M","$","?","?","R","BOSS","M","?","$","?","$","M","R","?","T","R","M","R","$","M","R","BOSS","M","?","$","?","M","R","M","R","T","?","$","E","?","?","R","BOSS"],"build_version":"2018-06-29","purchased_purges":4,"victory":false,"max_hp_per_floor":[80,80,85,85,85,85,85,85,85,85,85,85,85,85,85,85,85,85,85,85,85,85,85,85,90,90,90,90,90,90,90,90,90,90,90,90,90,90,90,90,90,90,90,90,90,90,90,90,90,90],"card_choices":[{"not_picked":["Ghostly Armor","Clothesline"],"picked":"Twin Strike","floor":1},{"not_picked":["Berserk","Impervious"],"picked":"Demon Form","floor":16},{"not_picked":["Armaments+1","Rage"],"picked":"Flex+1","floor":28},{"not_picked":["Barricade","Berserk"],"picked":"Limit Break","floor":33}],"player_experience":466080,"relics_obtained":[{"floor":8,"key":"Thread and Needle"},{"floor":9,"key":"Paper Frog"},{"floor":26,"key":"Centennial Puzzle"},{"floor":43,"key":"War Paint"},{"floor":46,"key":"The Courier"}],"event_choices":[{"event_name":"Liars Game","player_choice":"disagreed","floor":2,"damage_taken":0},{"event_name":"Big Fish","player_choice":"Donut","floor":3,"damage_taken":0},{"event_name":"The Woman in Blue","player_choice":"Bought 0 Potions","floor":14,"damage_taken":0},{"event_name":"Beggar","player_choice":"Gave Gold","floor":19,"damage_taken":0},{"event_name":"Forgotten Altar","player_choice":"Shed Blood","floor":25,"damage_taken":0},{"event_name":"Mysterious Sphere","player_choice":"Ignore","floor":36,"damage_taken":0},{"event_name":"Upgrade Shrine","player_choice":"Upgraded","floor":38,"damage_taken":0},{"event_name":"MindBloom","player_choice":"Upgrade","floor":44,"damage_taken":0}],"boss_relics":[{"not_picked":["Pandora\u0027s Box","Calling Bell"],"picked":"Sozu"},{"not_picked":["Empty Cage","Lizard Tail"],"picked":"Busted Crown"}],"items_purged_floors":[4,20,37,47],"is_endless":false,"potions_floor_spawned":[1,6,11,18,23,28,46],"killed_by":"Donu and Deca","ascension_level":0}