{"path_per_floor":["M","M","?","M","M","E","R","$","T","?","M","R","?","E","R","B",null,"M","$","M","$","?","R"],"character_chosen":"THE_SILENT","items_purchased":["Deflect","Snake Skull","Deflect"],"gold_per_floor":[115,131,131,151,168,198,198,78,78,43,54,54,54,95,95,220,220,234,78,96,71,71,71,71],"floor_reached":24,"campfire_rested":1,"playtime":1203,"current_hp_per_floor":[70,70,67,67,51,37,37,37,37,37,37,58,58,41,41,30,70,70,70,60,60,60,60,0],"items_purged":["Strike_G"],"gold":71,"score":204,"play_id":"63acd251-2a34-4faa-8d6b-00019a5f8758","local_time":"20180413235634","is_prod":false,"is_daily":false,"chose_seed":false,"is_ascension_mode":false,"campfire_upgraded":3,"timestamp":1523656594,"path_taken":["M","M","?","?","M","E","R","$","T","?","?","R","?","E","R","BOSS","M","$","M","?","?","R","E"],"build_version":"2018-04-12","seed_source_timestamp":491909548817,"purchased_purges":1,"victory":false,"master_deck":["Defend_G","Defend_G","Defend_G","Defend_G","Defend_G","Strike_G","Strike_G","Strike_G","Strike_G","Survivor","Neutralize+1","Flechettes+1","Sucker Punch","Dodge and Roll","Dagger Spray+1","Poisoned Stab","Deflect","Deadly Poison","Injury","Dash+1","Die Die Die","Leg Sweep","Bullet Time","Deflect"],"max_hp_per_floor":[70,70,70,70,70,70,70,70,70,70,70,70,70,70,70,70,70,70,70,70,70,70,70,70],"relics":["Ring of the Snake","Ice Cream","Meat on the Bone","Oddly Smooth Stone","Golden Idol","Vajra","Black Star","Snake Skull"],"card_choices":[{"not_picked":["Footwork","Dodge and Roll"],"picked":"Flechettes","floor":1},{"not_picked":["Dagger Spray","Well Laid Plans"],"picked":"Sucker Punch","floor":2},{"not_picked":["Outmaneuver","Reflex"],"picked":"Dodge and Roll","floor":4},{"not_picked":["Dodge and Roll","Prepared"],"picked":"Dagger Spray","floor":5},{"not_picked":["Dodge and Roll","Grand Finale"],"picked":"Poisoned Stab","floor":6},{"not_picked":["Prepared","Sucker Punch"],"picked":"Deadly Poison","floor":11},{"not_picked":["Catalyst","Outmaneuver"],"picked":"Dash","floor":14},{"not_picked":["Unload","Phantasmal Killer"],"picked":"Die Die Die","floor":16},{"not_picked":["Bane","Bouncing Flask"],"picked":"Leg Sweep","floor":18},{"not_picked":["Acrobatics","Quick Slash"],"picked":"Bullet Time","floor":20}],"player_experience":412804,"potions_floor_usage":[5,11,20],"damage_taken":[{"damage":0,"enemies":"Small Slimes","floor":1,"turns":4},{"damage":0,"enemies":"Jaw Worm","floor":2,"turns":4},{"damage":0,"enemies":"2 Louse","floor":4,"turns":1},{"damage":16,"enemies":"Gremlin Gang","floor":5,"turns":5},{"damage":14,"enemies":"Lagavulin","floor":6,"turns":10},{"damage":0,"enemies":"Looter","floor":11,"turns":3},{"damage":17,"enemies":"3 Sentries","floor":14,"turns":7},{"damage":23,"enemies":"Hexaghost","floor":16,"turns":12},{"damage":0,"enemies":"3 Byrds","floor":18,"turns":4},{"damage":10,"enemies":"Chosen","floor":20,"turns":6},{"damage":64,"enemies":"Gremlin Leader","floor":24,"turns":13}],"event_choices":[{"event_name":"Scrap Ooze","player_choice":"success","floor":3,"damage_taken":3},{"event_name":"World of Goop","player_choice":"Left","floor":10,"damage_taken":0},{"event_name":"Golden Idol","player_choice":"Take Wound","floor":13,"damage_taken":0},{"event_name":"Vampires","player_choice":"Ignored","floor":22,"damage_taken":0}],"boss_relics":[{"not_picked":["Runic Dome","Eternal Feather"],"picked":"Black Star"}],"potions_floor_spawned":[1,5,14],"seed_played":"-7054737126873821590","killed_by":"Gremlin Leader","ascension_level":0,"is_trial":false}