{"gold_per_floor":[112,122,142,67,80,80,80,80,154,188,212,0,26,38,38,135,135,120,120,120,71,88,88,98,98,98,59,59],"floor_reached":28,"playtime":1229,"items_purged":["Injury"],"score":367,"play_id":"fb939f2c-1859-4dfe-8445-51b1dd8712f7","local_time":"20190122002506","is_ascension_mode":true,"campfire_choices":[{"data":"Blade Dance","floor":6,"key":"SMITH"},{"data":"Neutralize","floor":8,"key":"SMITH"},{"floor":15,"key":"REST"},{"floor":25,"key":"REST"}],"neow_cost":"CURSE","seed_source_timestamp":122023895489580,"circlet_count":0,"master_deck":["AscendersBane","Defend_G","Defend_G","Defend_G","Defend_G+1","Defend_G","Survivor","Neutralize+1","Terror","Deadly Poison","Blade Dance+1","Deadly Poison+1","Leg Sweep","Finisher","Escape Plan","Accuracy","All Out Attack","Choke","Night Terror","Predator+1","Cloak And Dagger+1","Setup+1","Leg Sweep","RitualDagger","Blade Dance","Infinite Blades","Leg Sweep","Cloak And Dagger"],"relics":["Ring of the Snake","Blue Candle","MawBank","Oddly Smooth Stone","Question Card","Astrolabe","Pear","The Courier"],"potions_floor_usage":[10,10,18,28,28],"damage_taken":[{"damage":3,"enemies":"2 Louse","floor":1,"turns":4},{"damage":6,"enemies":"Jaw Worm","floor":2,"turns":4},{"damage":10,"enemies":"Cultist","floor":3,"turns":4},{"damage":8,"enemies":"Large Slime","floor":5,"turns":9},{"damage":2,"enemies":"Gremlin Nob","floor":10,"turns":3},{"damage":0,"enemies":"Blue Slaver","floor":11,"turns":4},{"damage":6,"enemies":"Lagavulin","floor":13,"turns":6},{"damage":0,"enemies":"Red Slaver","floor":14,"turns":4},{"damage":27,"enemies":"The Guardian","floor":16,"turns":12},{"damage":2,"enemies":"2 Thieves","floor":18,"turns":4},{"damage":4,"enemies":"Shell Parasite","floor":22,"turns":8},{"damage":30,"enemies":"Sentry and Sphere","floor":24,"turns":6},{"damage":38,"enemies":"Slavers","floor":28,"turns":3}],"seed_played":"6884255248676948195","potions_obtained":[{"floor":1,"key":"GhostInAJar"},{"floor":2,"key":"Regen Potion"},{"floor":3,"key":"SteroidPotion"},{"floor":13,"key":"Poison Potion"},{"floor":14,"key":"Energy Potion"},{"floor":22,"key":"Poison Potion"}],"is_trial":false,"path_per_floor":["M","M","M","$","M","R","?","R","T","E","M","$","E","M","R","B",null,"M","?","?","$","M","T","M","R","T","$","E"],"character_chosen":"THE_SILENT","items_purchased":["Oddly Smooth Stone","Accuracy","Blade Dance","Cloak And Dagger"],"campfire_rested":2,"item_purchase_floors":[12,12,21,27],"current_hp_per_floor":[60,54,44,44,36,36,22,22,22,29,29,29,23,23,44,17,57,55,49,36,36,32,42,12,37,37,37,0],"gold":59,"neow_bonus":"TRANSFORM_TWO_CARDS","is_prod":false,"is_daily":false,"chose_seed":false,"campfire_upgraded":2,"win_rate":0,"timestamp":1548113106,"path_taken":["M","M","M","$","M","R","?","R","T","E","M","$","E","M","R","BOSS","M","?","?","?","M","?","M","R","T","$","E"],"build_version":"2019-01-17v2","purchased_purges":1,"victory":false,"max_hp_per_floor":[70,70,70,70,70,70,70,70,70,70,70,70,70,70,70,70,70,70,70,75,75,75,85,85,85,85,85,85],"card_choices":[{"not_picked":["Backflip","Slice"],"picked":"Blade Dance","floor":1},{"not_picked":["Prepared","Tactician"],"picked":"Deadly Poison","floor":2},{"not_picked":["Tactician","Underhanded Strike"],"picked":"Leg Sweep","floor":3},{"not_picked":["Predator","Prepared"],"picked":"Finisher","floor":5},{"not_picked":["Deadly Poison","Tactician","Distraction"],"picked":"SKIP","floor":10},{"not_picked":["Concentrate","Sucker Punch"],"picked":"Escape Plan","floor":11},{"not_picked":["Deadly Poison","Flechettes"],"picked":"All Out Attack","floor":13},{"not_picked":["Flying Knee","Heel Hook","Masterful Stab"],"picked":"Choke","floor":14},{"not_picked":["Glass Knife","Malaise","Doppelganger"],"picked":"Night Terror","floor":16},{"not_picked":["Dagger Throw","PiercingWail","Deflect"],"picked":"Leg Sweep","floor":18},{"not_picked":["Slice","Cloak And Dagger","Blade Dance"],"picked":"Infinite Blades","floor":22},{"not_picked":["Acrobatics","Blur","Quick Slash+1"],"picked":"Leg Sweep","floor":24}],"player_experience":252932,"relics_obtained":[{"floor":9,"key":"Blue Candle"},{"floor":10,"key":"MawBank"},{"floor":13,"key":"Question Card"},{"floor":23,"key":"Pear"},{"floor":26,"key":"The Courier"}],"event_choices":[{"damage_healed":0,"gold_gain":0,"player_choice":"Entered Light","damage_taken":14,"max_hp_gain":0,"max_hp_loss":0,"event_name":"Shining Light","floor":7,"gold_loss":0,"cards_upgraded":["Deadly Poison","Defend_G"]},{"damage_healed":0,"gold_gain":0,"player_choice":"Joined the Cult","damage_taken":6,"max_hp_gain":0,"max_hp_loss":0,"event_name":"Nest","floor":19,"gold_loss":0,"cards_obtained":["RitualDagger"]},{"damage_healed":0,"gold_gain":0,"player_choice":"Shed Blood","damage_taken":18,"max_hp_gain":5,"max_hp_loss":0,"event_name":"Forgotten Altar","floor":20,"gold_loss":0}],"is_beta":false,"boss_relics":[{"not_picked":["Empty Cage","Orrery"],"picked":"Astrolabe"}],"items_purged_floors":[4],"is_endless":false,"potions_floor_spawned":[1,2,3,13,14,16,22],"killed_by":"Slavers","ascension_level":10}