{"gold_per_floor":[114,129,204,379,394,409,409,34,34,34,34,84,99,99,99,199,199,214,229,129,144,19,34,34,49,104,104,203,203,218,233,233,333,333,348,348,363,388,403,433,448,448,448,448,98,113,128,38,38,38],"floor_reached":51,"playtime":1926,"items_purged":["Doubt","Berserk","Barricade","Creative AI"],"score":721,"play_id":"4456e444-67ee-4c3d-989f-0bdaab685126","local_time":"20181212005201","daily_mods":["Shiny","Blue Cards","Lethality"],"is_ascension_mode":false,"campfire_choices":[{"data":"Offering","floor":15,"key":"SMITH"},{"data":"Fiend Fire","floor":24,"key":"SMITH"},{"data":"Fiend Fire","floor":27,"key":"SMITH"},{"data":"Hyperbeam","floor":32,"key":"SMITH"},{"data":"Dark Embrace","floor":44,"key":"SMITH"},{"data":"Immolate","floor":49,"key":"SMITH"}],"neow_cost":"","seed_source_timestamp":0,"circlet_count":0,"master_deck":["Hyperbeam+1","Machine Learning","Electrodynamics","Buffer","Rainbow","Seek","Meteor Strike","Echo Form","All For One","Reboot","Amplify","Fission","Core Surge","Double Tap","Demon Form","Bludgeon","Feed","Limit Break","Fiend Fire+1","Dark Embrace+1","Impervious","Juggernaut","Brutality","Reaper+1","Exhume","Offering+1","Immolate+1","Sweeping Beam","Conserve Battery+1","Cleave+1","Fiend Fire+1","Flex+1","Havoc+1","Finesse"],"special_seed":17876,"relics":["Burning Blood","Lantern","Charon\u0027s Ashes","Self Forming Clay","Vajra","Sozu","Tiny Chest","Busted Crown","Whetstone","Anchor","Mercury Hourglass","Lee\u0027s Waffle"],"potions_floor_usage":[16,16,50],"damage_taken":[{"damage":31,"enemies":"Small Slimes","floor":1,"turns":4},{"damage":14,"enemies":"Jaw Worm","floor":2,"turns":2},{"damage":0,"enemies":"2 Louse","floor":5,"turns":1},{"damage":16,"enemies":"Red Slaver","floor":6,"turns":2},{"damage":0,"enemies":"3 Louse","floor":13,"turns":1},{"damage":26,"enemies":"The Guardian","floor":16,"turns":5},{"damage":6,"enemies":"Chosen","floor":18,"turns":3},{"damage":15,"enemies":"Spheric Guardian","floor":19,"turns":3},{"damage":10,"enemies":"Snake Plant","floor":21,"turns":3},{"damage":6,"enemies":"3 Cultists","floor":23,"turns":2},{"damage":6,"enemies":"Cultist and Chosen","floor":25,"turns":2},{"damage":6,"enemies":"Chosen and Byrds","floor":30,"turns":2},{"damage":17,"enemies":"Centurion and Healer","floor":31,"turns":2},{"damage":28,"enemies":"Collector","floor":33,"turns":5},{"damage":0,"enemies":"3 Darklings","floor":35,"turns":2},{"damage":0,"enemies":"3 Shapes","floor":37,"turns":2},{"damage":0,"enemies":"3 Darklings","floor":39,"turns":1},{"damage":27,"enemies":"Nemesis","floor":40,"turns":3},{"damage":6,"enemies":"Transient","floor":41,"turns":5},{"damage":0,"enemies":"Jaw Worm Horde","floor":46,"turns":2},{"damage":12,"enemies":"4 Shapes","floor":47,"turns":1},{"damage":42,"enemies":"Donu and Deca","floor":50,"turns":4}],"seed_played":"7445985323297054017","potions_obtained":[{"floor":6,"key":"Strength Potion"},{"floor":13,"key":"SteroidPotion"},{"floor":16,"key":"Dexterity Potion"}],"is_trial":false,"path_per_floor":["M","M","?","?","M","M","?","$","T","$","?","T","M","$","R","B",null,"M","M","$","M","$","M","R","M","T","R","?","?","M","M","R","B",null,"M","?","M","T","M","E","M","?","T","R","$","M","M","?","R","B",null],"character_chosen":"IRONCLAD","items_purchased":["Charon\u0027s Ashes","Lee\u0027s Waffle"],"campfire_rested":0,"item_purchase_floors":[8,45],"current_hp_per_floor":[58,53,42,42,48,45,33,33,33,33,61,61,67,67,67,47,86,86,80,80,85,85,88,88,88,88,88,88,99,99,96,96,74,99,99,99,99,99,99,78,87,87,87,87,106,106,100,100,100,64],"gold":38,"neow_bonus":"","is_prod":false,"is_daily":true,"chose_seed":false,"campfire_upgraded":6,"win_rate":0,"timestamp":1544572321,"path_taken":["M","M","?","?","M","M","?","$","T","?","?","?","M","?","R","BOSS","M","M","$","M","?","M","R","M","T","R","?","?","?","M","R","BOSS","M","?","M","?","?","E","M","?","T","R","?","M","M","?","R","BOSS"],"build_version":"2018-12-06","purchased_purges":4,"victory":true,"max_hp_per_floor":[83,86,86,86,86,86,86,86,86,86,86,86,86,86,86,86,86,86,89,89,89,89,89,89,89,89,89,89,99,99,99,99,99,99,99,99,99,99,99,99,99,99,99,99,106,106,106,106,106,106],"card_choices":[{"not_picked":["Warcry","Feel No Pain"],"picked":"Sweeping Beam","floor":1},{"not_picked":["Iron Wave","Rebound"],"picked":"Conserve Battery","floor":2},{"not_picked":["Reprogram","Self Repair"],"picked":"Cleave","floor":5},{"not_picked":["Barrage","Chill","Berserk"],"picked":"SKIP","floor":6},{"not_picked":["Heavy Blade","Fusion","Pommel Strike"],"picked":"SKIP","floor":13},{"not_picked":["Multi-Cast","Double Tap"],"picked":"Fiend Fire","floor":16},{"not_picked":["Aggregate","Cleave"],"picked":"Flex+1","floor":18},{"not_picked":["Heavy Blade","Twin Strike+1","Headbutt+1"],"picked":"SKIP","floor":19},{"not_picked":["Havoc","Dropkick","Rebound"],"picked":"SKIP","floor":21},{"not_picked":["Disarm","Rampage","Go for the Eyes"],"picked":"SKIP","floor":23},{"not_picked":["Shrug It Off","Body Slam","Disarm"],"picked":"SKIP","floor":25},{"not_picked":["True Grit","Entrench"],"picked":"Havoc+1","floor":30},{"not_picked":["Armaments","Body Slam+1","Static Discharge"],"picked":"SKIP","floor":31},{"not_picked":["Blizzard"],"picked":"SKIP","floor":35},{"not_picked":["Streamline"],"picked":"SKIP","floor":37},{"not_picked":["Anger+1"],"picked":"SKIP","floor":39},{"not_picked":["Clothesline"],"picked":"SKIP","floor":40},{"not_picked":["Rebound+1"],"picked":"SKIP","floor":41},{"not_picked":[],"picked":"Finesse","floor":42},{"not_picked":["Entrench"],"picked":"SKIP","floor":46},{"not_picked":["Aggregate+1"],"picked":"SKIP","floor":47}],"player_experience":264550,"relics_obtained":[{"floor":9,"key":"Self Forming Clay"},{"floor":12,"key":"Vajra"},{"floor":26,"key":"Tiny Chest"},{"floor":38,"key":"Whetstone"},{"floor":40,"key":"Anchor"},{"floor":43,"key":"Mercury Hourglass"}],"event_choices":[{"damage_healed":0,"gold_gain":75,"player_choice":"Gather Gold","damage_taken":11,"max_hp_gain":0,"max_hp_loss":0,"event_name":"World of Goop","floor":3,"gold_loss":0},{"damage_healed":0,"gold_gain":175,"player_choice":"AGREE","damage_taken":0,"max_hp_gain":0,"max_hp_loss":0,"event_name":"Liars Game","floor":4,"gold_loss":0,"cards_obtained":["Doubt"]},{"damage_healed":0,"gold_gain":0,"player_choice":"Success","damage_taken":12,"relics_obtained":["Lantern"],"max_hp_gain":0,"max_hp_loss":0,"event_name":"Scrap Ooze","floor":7,"gold_loss":0},{"damage_healed":28,"gold_gain":0,"player_choice":"Banana","damage_taken":0,"max_hp_gain":0,"max_hp_loss":0,"event_name":"Big Fish","floor":11,"gold_loss":0},{"damage_healed":0,"gold_gain":99,"player_choice":"Stole From Cult","damage_taken":0,"max_hp_gain":0,"max_hp_loss":0,"event_name":"Nest","floor":28,"gold_loss":0},{"cards_removed":["Multi-Cast"],"damage_healed":1,"gold_gain":0,"player_choice":"Offered Rare","damage_taken":0,"max_hp_gain":10,"max_hp_loss":0,"event_name":"Bonfire Elementals","floor":29,"gold_loss":0},{"cards_removed":["Biased Cognition"],"damage_healed":0,"gold_gain":0,"player_choice":"Removed Power","damage_taken":0,"max_hp_gain":0,"max_hp_loss":0,"event_name":"Falling","floor":36,"gold_loss":0},{"damage_healed":0,"gold_gain":0,"player_choice":"Memory 1","damage_taken":0,"max_hp_gain":0,"max_hp_loss":0,"event_name":"SensoryStone","floor":42,"gold_loss":0},{"cards_removed":["Thunder Strike"],"damage_healed":0,"gold_gain":0,"player_choice":"Upgrade and Remove","damage_taken":0,"max_hp_gain":0,"max_hp_loss":0,"event_name":"Designer","floor":48,"gold_loss":90,"cards_upgraded":["Conserve Battery"]}],"is_beta":false,"boss_relics":[{"not_picked":["Philosopher\u0027s Stone","Coffee Dripper"],"picked":"Sozu"},{"not_picked":["Black Blood","Runic Dome"],"picked":"Busted Crown"}],"items_purged_floors":[8,20,22,45],"is_endless":false,"potions_floor_spawned":[6,13,16,18,23,30,35,37,46,47],"ascension_level":0}