{"gold_per_floor":[113,123,141,141,161,190,190,225,225,241,253,253,271,302,302,381,381,391,406,418,418,468,468,478,495,495,551,563,246,260,260],"floor_reached":31,"playtime":1217,"items_purged":["Defend_B"],"score":573,"play_id":"a0f20df7-3d3a-4e25-a107-daac7c170dd4","local_time":"20190118225523","is_ascension_mode":true,"campfire_choices":[{"floor":12.0,"key":"REST"},{"data":"Streamline","floor":15.0,"key":"SMITH"},{"floor":23.0,"key":"REST"},{"data":"Zap","floor":28.0,"key":"SMITH"}],"neow_cost":"NONE","seed_source_timestamp":0,"circlet_count":0,"master_deck":["AscendersBane","Strike_B","Strike_B","Strike_B","Strike_B","Defend_B","Defend_B","Defend_B","Zap+1","Dualcast","Conserve Battery","Cold Snap","Sweeping Beam","Stack","Rip and Tear","Electrodynamics","Leap","Cold Snap","Streamline+1","Echo Form","Echo Form","Barrage+1","Streamline+1","Self Repair","Genetic Algorithm","Fission","Force Field"],"special_seed":0,"relics":["FrozenCore","Bag of Preparation","Strawberry","Mummified Hand","Matryoshka","Bottled Flame","MawBank","The Courier","Bottled Lightning","Frozen Eye"],"potions_floor_usage":[30,31],"damage_taken":[{"damage":1.0,"enemies":"Cultist","floor":1.0,"turns":4.0},{"damage":0.0,"enemies":"Jaw Worm","floor":2.0,"turns":3.0},{"damage":0.0,"enemies":"Small Slimes","floor":3.0,"turns":3.0},{"damage":0.0,"enemies":"Red Slaver","floor":5.0,"turns":4.0},{"damage":40.0,"enemies":"Lagavulin","floor":6.0,"turns":10.0},{"damage":28.0,"enemies":"Gremlin Nob","floor":8.0,"turns":4.0},{"damage":0.0,"enemies":"Exordium Wildlife","floor":10.0,"turns":2.0},{"damage":3.0,"enemies":"Exordium Thugs","floor":11.0,"turns":3.0},{"damage":1.0,"enemies":"Blue Slaver","floor":13.0,"turns":4.0},{"damage":10.0,"enemies":"Lagavulin","floor":14.0,"turns":7.0},{"damage":19.0,"enemies":"The Guardian","floor":16.0,"turns":12.0},{"damage":15.0,"enemies":"Spheric Guardian","floor":18.0,"turns":4.0},{"damage":3.0,"enemies":"Shell Parasite","floor":19.0,"turns":5.0},{"damage":15.0,"enemies":"Snecko","floor":20.0,"turns":5.0},{"damage":8.0,"enemies":"Cultist and Chosen","floor":24.0,"turns":5.0},{"damage":19.0,"enemies":"Snake Plant","floor":25.0,"turns":6.0},{"damage":29.0,"enemies":"Book of Stabbing","floor":27.0,"turns":6.0},{"damage":25,"enemies":"Shelled Parasite and Fungi","floor":30,"turns":6},{"damage":12,"enemies":"Centurion and Healer","floor":31,"turns":3}],"seed_played":"5098581475927122459","potions_obtained":[{"floor":1.0,"key":"GamblersBrew"},{"floor":5.0,"key":"FearPotion"},{"floor":10.0,"key":"Regen Potion"},{"floor":11.0,"key":"Poison Potion"},{"floor":14.0,"key":"Block Potion"},{"floor":19.0,"key":"Poison Potion"},{"floor":24.0,"key":"SkillPotion"},{"floor":27.0,"key":"Explosive Potion"},{"floor":30,"key":"Energy Potion"}],"is_trial":false,"path_per_floor":["M","M","M","T","M","E","?","E","T","M","M","R","M","E","R","B",null,"M","M","M","?","?","R","M","M","T","E","R","$","M","M"],"character_chosen":"DEFECT","items_purchased":["Fruit Juice","Frozen Eye"],"campfire_rested":2,"item_purchase_floors":[29,29],"current_hp_per_floor":[70,70,70,70,70,37,37,9,9,9,6,31,30,35,35,16,68,53,50,35,35,35,60,52,47,47,25,25,30,12,0],"gold":260,"neow_bonus":"TEN_PERCENT_HP_BONUS","is_prod":false,"is_daily":false,"chose_seed":false,"campfire_upgraded":2,"win_rate":0,"timestamp":1547819723,"path_taken":["M","M","M","?","M","E","?","E","T","M","M","R","M","E","R","BOSS","M","M","M","?","?","R","M","?","T","E","R","?","M","?"],"build_version":"2019-01-17v2","purchased_purges":1,"victory":false,"max_hp_per_floor":[78,78,78,78,78,85,85,85,85,85,85,85,85,85,85,85,85,85,85,85,85,85,85,85,85,85,85,85,90,90,90],"card_choices":[{"not_picked":["Static Discharge","Beam Cell"],"picked":"Conserve Battery","floor":1.0},{"not_picked":["Chaos","Barrage"],"picked":"Cold Snap","floor":2.0},{"not_picked":["Force Field","Double Energy"],"picked":"Sweeping Beam","floor":3.0},{"not_picked":["Compile Driver","Turbo"],"picked":"Stack","floor":5.0},{"not_picked":["Streamline","Meteor Strike"],"picked":"Rip and Tear","floor":6.0},{"not_picked":["Hologram","Leap"],"picked":"Electrodynamics","floor":8.0},{"not_picked":["Sweeping Beam","Rebound"],"picked":"Leap","floor":10.0},{"not_picked":["Rebound","Capacitor"],"picked":"Cold Snap","floor":11.0},{"not_picked":["Go for the Eyes","Capacitor"],"picked":"Streamline","floor":13.0},{"not_picked":["Genetic Algorithm","Barrage"],"picked":"Echo Form","floor":14.0},{"not_picked":["Fission","Reboot"],"picked":"Echo Form","floor":16.0},{"not_picked":["Coolheaded","Rebound+1"],"picked":"Barrage+1","floor":18.0},{"not_picked":["Turbo","Hello World","Coolheaded"],"picked":"SKIP","floor":19.0},{"not_picked":["Go for the Eyes","Coolheaded"],"picked":"Streamline+1","floor":20.0},{"not_picked":["Streamline","Compile Driver"],"picked":"Self Repair","floor":24.0},{"not_picked":["Hologram","Force Field"],"picked":"Genetic Algorithm","floor":25.0},{"not_picked":["Beam Cell","Cold Snap"],"picked":"Fission","floor":27.0},{"not_picked":["Darkness","Chaos"],"picked":"Force Field","floor":30}],"player_experience":1045010,"relics_obtained":[{"floor":4.0,"key":"Bag of Preparation"},{"floor":6.0,"key":"Strawberry"},{"floor":8.0,"key":"Mummified Hand"},{"floor":9.0,"key":"Matryoshka"},{"floor":14.0,"key":"Bottled Flame"},{"floor":26.0,"key":"MawBank"},{"floor":26.0,"key":"The Courier"},{"floor":27.0,"key":"Bottled Lightning"}],"event_choices":[{"damage_healed":0.0,"max_hp_gain":0.0,"max_hp_loss":0.0,"gold_gain":0.0,"event_name":"Dead Adventurer","player_choice":"Searched \u00271\u0027 times","floor":7.0,"gold_loss":0.0,"damage_taken":0.0},{"damage_healed":0.0,"max_hp_gain":0.0,"max_hp_loss":0.0,"gold_gain":0.0,"event_name":"Vampires","player_choice":"Ignored","floor":21.0,"gold_loss":0.0,"damage_taken":0.0},{"damage_healed":0.0,"max_hp_gain":0.0,"max_hp_loss":0.0,"gold_gain":50.0,"event_name":"Golden Shrine","player_choice":"Pray","floor":22.0,"gold_loss":0.0,"damage_taken":0.0}],"is_beta":false,"boss_relics":[{"not_picked":["Fusion Hammer","Empty Cage"],"picked":"FrozenCore"}],"items_purged_floors":[29],"is_endless":false,"potions_floor_spawned":[1,5,10,11,14,19,24,27,30],"killed_by":"Centurion and Healer","ascension_level":19}