{"gold_per_floor":[117,117,35,54,70,70,81,81,106,119,119,144,182,194],"floor_reached":14,"playtime":461,"items_purged":[],"score":176,"play_id":"41ec2021-9d7a-4b28-b9ea-8333cc9c3df4","local_time":"20180913205656","is_ascension_mode":true,"campfire_choices":[{"data":"Defragment","floor":6.0,"key":"SMITH"},{"data":"Defragment","floor":8.0,"key":"SMITH"},{"floor":11.0,"key":"REST"}],"neow_cost":"CURSE","seed_source_timestamp":32040845626577,"circlet_count":0,"master_deck":["Strike_B","Strike_B","Strike_B","Strike_B","Defend_B","Defend_B","Defend_B","Defend_B","Zap","Dualcast","AscendersBane","Sweeping Beam","Defragment+1","White Noise","Defragment+1","Coolheaded","Turbo","Go for the Eyes"],"special_seed":0,"relics":["Cracked Core","WingedGreaves","Ancient Tea Set","MawBank","Bronze Scales"],"potions_floor_usage":[],"damage_taken":[{"damage":26.0,"enemies":"Jaw Worm","floor":1.0,"turns":4.0},{"damage":4.0,"enemies":"2 Louse","floor":4.0,"turns":3.0},{"damage":1.0,"enemies":"Cultist","floor":5.0,"turns":3.0},{"damage":20.0,"enemies":"Exordium Thugs","floor":7.0,"turns":5.0},{"damage":0.0,"enemies":"Blue Slaver","floor":10.0,"turns":4.0},{"damage":33.0,"enemies":"Gremlin Nob","floor":12.0,"turns":4.0},{"damage":6,"enemies":"2 Fungi Beasts","floor":14,"turns":1}],"seed_played":"1967062951926976923","potions_obtained":[{"floor":1.0,"key":"LiquidBronze"},{"floor":7.0,"key":"FocusPotion"}],"is_trial":false,"path_per_floor":["M","?","$","M","M","R","M","R","T","M","R","E","T"],"character_chosen":"DEFECT","items_purchased":["Defragment"],"campfire_rested":1,"item_purchase_floors":[3],"current_hp_per_floor":[38,38,38,34,33,33,13,13,13,13,34,1,1,0],"gold":194,"neow_bonus":"ONE_RARE_RELIC","is_prod":false,"is_daily":false,"chose_seed":false,"campfire_upgraded":2,"win_rate":0,"timestamp":1536865016,"path_taken":["M","?","?","M","M","R","M","R","T","?","R","E","?","M"],"build_version":"2018-09-06","purchased_purges":0,"victory":false,"max_hp_per_floor":[71,71,71,71,71,71,71,71,71,71,71,71,71,71],"card_choices":[{"not_picked":["Scrape","Compile Driver"],"picked":"Sweeping Beam","floor":1.0},{"not_picked":["Chill","Auto Shields"],"picked":"White Noise","floor":4.0},{"not_picked":["Coolheaded","Redo"],"picked":"Defragment","floor":5.0},{"not_picked":["Beam Cell","Redo"],"picked":"Coolheaded","floor":7.0},{"not_picked":["Storm","Hello World"],"picked":"Turbo","floor":10.0},{"not_picked":["Redo","BootSequence"],"picked":"Go for the Eyes","floor":12.0}],"player_experience":980150,"relics_obtained":[{"floor":9.0,"key":"Ancient Tea Set"},{"floor":12.0,"key":"MawBank"},{"floor":13.0,"key":"Bronze Scales"}],"event_choices":[{"event_name":"Living Wall","player_choice":"Forget","floor":2.0,"damage_taken":0.0}],"is_beta":false,"boss_relics":[],"items_purged_floors":[],"is_endless":false,"potions_floor_spawned":[1,7],"killed_by":"2 Fungi Beasts","ascension_level":19}