{"gold_per_floor":[129,144,159,174,174,174,204,204,279,1,31,46,76,91,91,191,191,206,206,131,146,161,161,161,161,191,221,221,236,266,281,281,381,381,396,396,411,135,135,165,165,195,195,225,225,240,255,270,270,270],"floor_reached":51,"playtime":2743,"items_purged":[],"score":942,"play_id":"995c30d3-2dc9-4fd9-a511-0a12422baf77","local_time":"20180711214904","daily_mods":["Allstar","Elite Swarm","Night Terrors"],"is_ascension_mode":false,"campfire_choices":[{"data":"Hologram","floor":6,"key":"SMITH"},{"data":"Creative AI","floor":8,"key":"SMITH"},{"data":"Loop","floor":15,"key":"SMITH"},{"data":"Hello World","floor":23,"key":"SMITH"},{"data":"Streamline","floor":25,"key":"SMITH"},{"floor":28,"key":"REST"},{"floor":32,"key":"REST"},{"data":"Hologram","floor":41,"key":"SMITH"},{"data":"Buffer","floor":45,"key":"SMITH"},{"floor":49,"key":"REST"}],"neow_cost":"","seed_source_timestamp":216758723870036,"circlet_count":0,"master_deck":["Strike_B","Strike_B","Strike_B","Strike_B","Defend_B","Defend_B","Defend_B","Zap","Dualcast","Master of Strategy","PanicButton","Chrysalis","Dramatic Entrance","Magnetism","Sweeping Beam","Hologram+1","Hello World+1","Creative AI+1","Cold Snap","Leap","Echo Form","Gash","Creative AI","Loop+1","Amplify","Streamline+1","Necronomicurse","Electrodynamics","Coolheaded+1","Echo Form","Chill+1","Meteor Strike","Hologram+1","Thunder Strike","Defragment+1","Hologram+1","Reboot+1","Conserve Battery+1","Writhe","Seek+1","Buffer+1","All For One+1","Leap+1","Defragment","Doom and Gloom+1"],"special_seed":17724,"relics":["Cracked Core","Ice Cream","Cables","Lee\u0027s Waffle","Dodecahedron","Letter Opener","Snecko Eye","Necronomicon","Tiny Chest","Pear","Thread and Needle","Calling Bell","Bag of Marbles","Toxic Egg 2","Unceasing Top","Pen Nib","Kunai","Molten Egg 2","Question Card","Du-Vu Doll"],"potions_floor_usage":[14,16,16,24,24],"damage_taken":[{"damage":0,"enemies":"Cultist","floor":1,"turns":4},{"damage":0,"enemies":"Small Slimes","floor":2,"turns":3},{"damage":2,"enemies":"2 Louse","floor":3,"turns":2},{"damage":9,"enemies":"Blue Slaver","floor":4,"turns":5},{"damage":16,"enemies":"Gremlin Nob","floor":7,"turns":4},{"damage":0,"enemies":"Lagavulin","floor":11,"turns":9},{"damage":3,"enemies":"2 Fungi Beasts","floor":12,"turns":3},{"damage":12,"enemies":"Gremlin Nob","floor":13,"turns":5},{"damage":10,"enemies":"Large Slime","floor":14,"turns":4},{"damage":38,"enemies":"Hexaghost","floor":16,"turns":9},{"damage":12,"enemies":"3 Byrds","floor":18,"turns":6},{"damage":12,"enemies":"Spheric Guardian","floor":21,"turns":5},{"damage":7,"enemies":"Centurion and Healer","floor":22,"turns":4},{"damage":0,"enemies":"Slavers","floor":24,"turns":1},{"damage":17,"enemies":"Book of Stabbing","floor":27,"turns":6},{"damage":20,"enemies":"Slaver and Parasite","floor":29,"turns":4},{"damage":29,"enemies":"Slavers","floor":30,"turns":6},{"damage":7,"enemies":"Snake Plant","floor":31,"turns":3},{"damage":0,"enemies":"Collector","floor":33,"turns":8},{"damage":10,"enemies":"Orb Walker","floor":35,"turns":5},{"damage":0,"enemies":"Flame Bruiser 1 Orb","floor":37,"turns":1},{"damage":19,"enemies":"Nemesis","floor":40,"turns":9},{"damage":21,"enemies":"2 Orb Walkers","floor":42,"turns":6},{"damage":0,"enemies":"Nemesis","floor":44,"turns":5},{"damage":0,"enemies":"3 Darklings","floor":46,"turns":4},{"damage":0,"enemies":"4 Shapes","floor":47,"turns":2},{"damage":1,"enemies":"Spire Growth","floor":48,"turns":4},{"damage":71,"enemies":"Time Eater","floor":50,"turns":11}],"seed_played":"-4311942942209726919","potions_obtained":[{"floor":2,"key":"Swift Potion"},{"floor":11,"key":"AttackPotion"},{"floor":12,"key":"Block Potion"},{"floor":14,"key":"SkillPotion"},{"floor":16,"key":"SmokeBomb"},{"floor":18,"key":"Fire Potion"},{"floor":29,"key":"FearPotion"},{"floor":37,"key":"FairyPotion"}],"is_trial":false,"path_per_floor":["M","M","M","M","?","R","E","R","T","$","E","M","E","M","R","B",null,"M","?","?","M","M","R","E","R","T","E","R","M","E","M","R","B",null,"M","?","M","$","?","E","R","E","T","E","R","M","M","M","R","B"],"character_chosen":"DEFECT","items_purchased":["Cold Snap","Leap","Lee\u0027s Waffle","Pen Nib","Reboot+1","Conserve Battery+1"],"campfire_rested":3,"item_purchase_floors":[10,10,10,38,38,38],"current_hp_per_floor":[75,75,73,64,69,69,53,53,53,87,87,84,72,62,62,24,87,75,59,59,47,40,40,40,40,40,33,92,72,43,36,87,87,87,77,77,77,77,84,65,65,44,44,44,44,44,44,43,79,8],"gold":270,"neow_bonus":"","is_prod":false,"is_daily":true,"chose_seed":false,"campfire_upgraded":7,"win_rate":0,"timestamp":1531370944,"path_taken":["M","?","M","M","?","R","E","R","T","$","E","M","E","M","R","BOSS","M","?","?","M","M","R","E","R","T","E","R","M","E","M","R","BOSS","M","?","M","$","?","E","R","E","T","E","R","M","?","M","R","BOSS"],"build_version":"2018-07-10","purchased_purges":0,"victory":true,"max_hp_per_floor":[75,75,75,75,80,80,80,80,80,87,87,87,87,87,87,87,87,87,87,87,87,87,87,87,87,87,97,92,92,92,92,87,87,87,87,84,84,84,84,84,84,84,84,84,84,84,84,84,79,79],"card_choices":[{"not_picked":["Go for the Eyes","Steam"],"picked":"Sweeping Beam","floor":1},{"not_picked":["Stack","Rebound"],"picked":"Hologram","floor":2},{"not_picked":["Rebound","Multi-Cast","Turbo"],"picked":"SKIP","floor":3},{"not_picked":["Beam Cell","Compile Driver"],"picked":"Hello World","floor":4},{"not_picked":["Core Surge","Reboot"],"picked":"Creative AI","floor":7},{"not_picked":["Seek","Machine Learning"],"picked":"Echo Form","floor":11},{"not_picked":["Rip and Tear","Sweeping Beam"],"picked":"Gash","floor":12},{"not_picked":["Hyperbeam","Fission"],"picked":"Creative AI","floor":13},{"not_picked":["Stack","Steam"],"picked":"Loop","floor":14},{"not_picked":["Creative AI","Fission"],"picked":"Amplify","floor":16},{"not_picked":["Sweeping Beam+1","Beam Cell"],"picked":"Streamline","floor":18},{"not_picked":["Fusion+1","Stack"],"picked":"Electrodynamics","floor":21},{"not_picked":["Ball Lightning+1","Turbo+1"],"picked":"Coolheaded+1","floor":22},{"not_picked":["Amplify","Reboot"],"picked":"Echo Form","floor":27},{"not_picked":["Gash","Compile Driver"],"picked":"Chill+1","floor":29},{"not_picked":["Creative AI","Biased Cognition"],"picked":"Meteor Strike","floor":30},{"not_picked":["Compile Driver","Turbo+1"],"picked":"Hologram","floor":31},{"not_picked":["Core Surge","Electrodynamics"],"picked":"Thunder Strike","floor":33},{"not_picked":["Ball Lightning","Loop"],"picked":"Defragment+1","floor":35},{"not_picked":["Gash+1","Hello World"],"picked":"Hologram+1","floor":37},{"not_picked":["Core Surge","Multi-Cast+1"],"picked":"Seek+1","floor":40},{"not_picked":["Thunder Strike","Multi-Cast+1"],"picked":"Buffer","floor":42},{"not_picked":["Fission+1","Creative AI","Reboot+1"],"picked":"All For One+1","floor":44},{"not_picked":["Stack+1","Compile Driver+1","Steam+1"],"picked":"Leap+1","floor":46},{"not_picked":["Static Discharge","Compile Driver+1","Ball Lightning+1"],"picked":"Defragment","floor":47},{"not_picked":["Rip and Tear+1","Steam+1","Sweeping Beam+1"],"picked":"Doom and Gloom+1","floor":48}],"player_experience":597262,"relics_obtained":[{"floor":7,"key":"Ice Cream"},{"floor":9,"key":"Cables"},{"floor":11,"key":"Dodecahedron"},{"floor":13,"key":"Letter Opener"},{"floor":19,"key":"Necronomicon"},{"floor":26,"key":"Tiny Chest"},{"floor":27,"key":"Pear"},{"floor":30,"key":"Thread and Needle"},{"floor":34,"key":"Bag of Marbles"},{"floor":34,"key":"Toxic Egg 2"},{"floor":34,"key":"Unceasing Top"},{"floor":40,"key":"Kunai"},{"floor":42,"key":"Molten Egg 2"},{"floor":43,"key":"Question Card"},{"floor":44,"key":"Du-Vu Doll"}],"event_choices":[{"event_name":"Big Fish","player_choice":"Donut","floor":5,"damage_taken":0},{"event_name":"Cursed Tome","player_choice":"Obtained Book","floor":19,"damage_taken":0},{"event_name":"Beggar","player_choice":"Gave Gold","floor":20,"damage_taken":0},{"event_name":"Fountain of Cleansing","player_choice":"Removed Curse","floor":36,"damage_taken":0},{"event_name":"Winding Halls","player_choice":"Writhe","floor":39,"damage_taken":0}],"boss_relics":[{"not_picked":["Empty Cage","Sozu"],"picked":"Snecko Eye"},{"not_picked":["Lizard Tail","Tiny House"],"picked":"Calling Bell"}],"items_purged_floors":[],"is_endless":false,"potions_floor_spawned":[2,11,12,14,16,18,21,24,29,37,40,46],"ascension_level":0}