{"gold_per_floor":[109,128,278,177,187,213,213,213,259,273,273,273,273,307,307,380,380,395,310,400,413,413,413],"floor_reached":23,"playtime":634,"items_purged":["Doubt"],"score":394,"play_id":"3dae78c9-1477-4732-93c9-f1de393122bc","local_time":"20181225222631","is_ascension_mode":true,"campfire_choices":[{"data":"Uppercut","floor":8,"key":"SMITH"},{"data":"Intimidate","floor":11,"key":"SMITH"},{"data":"Bash","floor":13,"key":"SMITH"},{"data":"Inflame","floor":15,"key":"SMITH"}],"neow_cost":"NONE","seed_source_timestamp":32198459796231,"circlet_count":0,"master_deck":["AscendersBane","Strike_R","Strike_R+1","Strike_R","Strike_R","Defend_R","Defend_R+1","Defend_R+1","Defend_R","Bash+1","Anger","Cleave+1","Uppercut+1","Thunderclap","Intimidate+1","Inflame+1","Limit Break","Evolve+1","Sword Boomerang"],"special_seed":0,"relics":["Burning Blood","Whetstone","Bag of Marbles","Lantern","Question Card","War Paint","Runic Pyramid","Matryoshka","SsserpentHead"],"potions_floor_usage":[6,21],"damage_taken":[{"damage":2,"enemies":"Cultist","floor":1,"turns":4},{"damage":6,"enemies":"Jaw Worm","floor":2,"turns":7},{"damage":4,"enemies":"2 Louse","floor":5,"turns":3},{"damage":22,"enemies":"3 Sentries","floor":6,"turns":6},{"damage":8,"enemies":"Red Slaver","floor":10,"turns":3},{"damage":6,"enemies":"Gremlin Nob","floor":14,"turns":3},{"damage":19,"enemies":"Slime Boss","floor":16,"turns":7},{"damage":22,"enemies":"Spheric Guardian","floor":18,"turns":4},{"damage":11,"enemies":"3 Byrds","floor":21,"turns":5},{"damage":33,"enemies":"Gremlin Leader","floor":23,"turns":2}],"seed_played":"-2961446332098019594","potions_obtained":[{"floor":2,"key":"SteroidPotion"},{"floor":10,"key":"SpeedPotion"},{"floor":14,"key":"Block Potion"}],"is_trial":false,"path_per_floor":["M","M","?","$","M","E","?","R","T","M","R","?","R","E","R","B",null,"M","?","?","M","?","E"],"character_chosen":"IRONCLAD","items_purchased":["Cleave"],"campfire_rested":0,"item_purchase_floors":[4],"current_hp_per_floor":[72,72,72,72,74,58,58,58,58,56,56,56,56,56,56,43,67,51,51,37,32,32,0],"gold":413,"neow_bonus":"REMOVE_CARD","is_prod":false,"is_daily":false,"chose_seed":false,"campfire_upgraded":4,"win_rate":0,"timestamp":1545744391,"path_taken":["M","M","?","$","M","E","?","R","T","?","R","?","R","E","R","BOSS","M","?","?","?","?","E"],"build_version":"2018-12-20","purchased_purges":1,"victory":false,"max_hp_per_floor":[75,75,75,75,75,75,75,75,75,75,75,75,75,75,75,75,75,75,75,75,75,75,75],"card_choices":[{"not_picked":["Body Slam","Clash"],"picked":"Rage","floor":1},{"not_picked":["Dual Wield","Pommel Strike"],"picked":"Anger","floor":2},{"not_picked":["Headbutt","Twin Strike"],"picked":"Uppercut","floor":5},{"not_picked":["Headbutt","Barricade"],"picked":"Thunderclap","floor":6},{"not_picked":["Sword Boomerang","Flame Barrier"],"picked":"Intimidate","floor":10},{"not_picked":["Intimidate","Searing Blow","Fiend Fire"],"picked":"Inflame","floor":14},{"not_picked":["Berserk","Dark Embrace","Offering"],"picked":"Limit Break","floor":16},{"not_picked":["Disarm","Warcry+1","Iron Wave"],"picked":"Evolve+1","floor":18},{"not_picked":["Shrug It Off","Pummel","Rampage"],"picked":"Sword Boomerang","floor":21}],"player_experience":850162,"relics_obtained":[{"floor":6,"key":"Whetstone"},{"floor":9,"key":"Lantern"},{"floor":12,"key":"Question Card"},{"floor":14,"key":"War Paint"}],"event_choices":[{"damage_healed":0,"gold_gain":150,"player_choice":"AGREE","damage_taken":0,"max_hp_gain":0,"max_hp_loss":0,"event_name":"Liars Game","floor":3,"gold_loss":0,"cards_obtained":["Doubt"]},{"cards_removed":["Rage"],"damage_healed":0,"gold_gain":0,"player_choice":"Gave Card","damage_taken":0,"relics_obtained":["Bag of Marbles"],"max_hp_gain":0,"max_hp_loss":0,"event_name":"WeMeetAgain","floor":7,"gold_loss":0},{"damage_healed":0,"gold_gain":0,"player_choice":"Relic","damage_taken":0,"max_hp_gain":0,"max_hp_loss":0,"event_name":"Wheel of Change","floor":12,"gold_loss":0},{"damage_healed":0,"gold_gain":0,"player_choice":"Obtained Relic","damage_taken":0,"relics_obtained":["Matryoshka"],"max_hp_gain":0,"max_hp_loss":0,"event_name":"Addict","floor":19,"gold_loss":85},{"damage_healed":0,"gold_gain":90,"player_choice":"GOLD ","damage_taken":14,"max_hp_gain":0,"max_hp_loss":0,"event_name":"Knowing Skull","floor":20,"potions_obtained":[],"gold_loss":0,"cards_obtained":[]},{"damage_healed":0,"gold_gain":0,"player_choice":"Trade","damage_taken":0,"relics_obtained":["SsserpentHead"],"max_hp_gain":0,"max_hp_loss":0,"event_name":"FaceTrader","floor":22,"gold_loss":0}],"is_beta":false,"boss_relics":[{"not_picked":["Orrery","Astrolabe"],"picked":"Runic Pyramid"}],"items_purged_floors":[4],"is_endless":false,"potions_floor_spawned":[2,10,14,16,18],"killed_by":"Gremlin Leader","ascension_level":20}