{"path_per_floor":["M","?","M","M","M","?","E","R","T","R","M","$","?","E","R","B",null,"M","?","M","T","M","E","?","$","T","$","R","M","R","M","R","B",null,"M","$","?","?","M","R","E","?","T","M","?","M","?","?","R","B"],"character_chosen":"THE_SILENT","items_purchased":["Oddly Smooth Stone","Deflect","Leg Sweep","Dodge and Roll","Footwork"],"gold_per_floor":[119,76,91,107,124,124,157,157,157,157,173,9,9,38,38,140,140,158,158,139,139,152,180,180,130,153,10,10,23,23,38,38,135,135,153,40,94,94,109,109,140,140,140,151,151,170,0,0,0,0],"floor_reached":51,"campfire_rested":1,"playtime":2602,"current_hp_per_floor":[68,68,66,66,61,61,50,50,50,50,50,50,50,49,49,42,70,68,52,54,54,44,45,45,45,45,45,45,47,47,48,69,39,70,65,65,53,70,70,70,58,58,72,72,72,74,74,64,64,84],"items_purged":["Strike_G","Strike_G","Strike_G"],"gold":0,"score":753,"play_id":"ead8825b-a898-4e11-8d83-0782aa7400aa","local_time":"20180416221233","is_prod":false,"is_daily":false,"chose_seed":false,"is_ascension_mode":false,"campfire_upgraded":7,"timestamp":1523909553,"path_taken":["M","?","M","M","M","?","E","R","T","R","M","$","?","E","R","BOSS","M","?","M","?","M","E","?","$","T","$","R","M","R","M","R","BOSS","M","$","?","?","M","R","E","?","T","M","?","M","?","?","R","BOSS"],"build_version":"2018-04-12","seed_source_timestamp":0,"purchased_purges":3,"victory":true,"master_deck":["Defend_G","Defend_G","Defend_G","Defend_G","Defend_G","Strike_G","Strike_G","Survivor","Neutralize+1","Bouncing Flask+1","Deflect","Dash+1","Quick Slash","Backflip+1","Poisoned Stab","Deflect","Well Laid Plans","Envenom","Backstab","PiercingWail+1","Leg Sweep+1","Dodge and Roll","Deadly Poison+1","Poisoned Stab+1","Bullet Time","Footwork+1","Leg Sweep","Deadly Poison","Backflip+1","Apotheosis+1","Enlightenment","Flash of Steel"],"max_hp_per_floor":[70,70,70,70,70,70,70,70,70,70,70,70,70,70,70,70,70,70,70,70,70,70,70,70,70,70,70,70,70,70,70,70,70,70,70,70,70,70,70,70,70,70,84,84,84,84,84,84,84,84],"relics":["Ring of the Snake","Juzu Bracelet","Blood Vial","The Courier","Oddly Smooth Stone","Smiling Mask","Sozu","Enchiridion","Pantograph","The Specimen","Omamori","Cursed Key","Du-Vu Doll","Letter Opener","Mango","Red Mask"],"card_choices":[{"not_picked":["Poisoned Stab","Well Laid Plans"],"picked":"Bouncing Flask","floor":1.0},{"not_picked":["Acrobatics","Concentrate"],"picked":"Deflect","floor":3.0},{"not_picked":["Setup","Slice"],"picked":"Dash","floor":4.0},{"not_picked":["Dagger Throw","Eviscerate"],"picked":"Quick Slash","floor":5.0},{"not_picked":["Blade Dance","Crippling Poison"],"picked":"Backflip","floor":7.0},{"not_picked":["Masterful Stab","Endless Agony"],"picked":"Poisoned Stab","floor":11.0},{"not_picked":["Die Die Die","Storm of Steel"],"picked":"Well Laid Plans","floor":14.0},{"not_picked":["Unload","Tactician"],"picked":"Envenom","floor":16.0},{"not_picked":["Infinite Blades","Acrobatics"],"picked":"Backstab","floor":18.0},{"not_picked":["Skewer","Flechettes"],"picked":"PiercingWail","floor":22.0},{"not_picked":["Escape Plan","Acrobatics"],"picked":"Bane","floor":23.0},{"not_picked":["Deflect","Heel Hook"],"picked":"Deadly Poison","floor":29.0},{"not_picked":["Dodge and Roll","Underhanded Strike"],"picked":"Poisoned Stab","floor":31.0},{"not_picked":["A Thousand Cuts","Storm of Steel"],"picked":"Bullet Time","floor":33.0},{"not_picked":["Dodge and Roll","Endless Agony"],"picked":"Leg Sweep","floor":37},{"not_picked":["Dagger Throw","Masterful Stab"],"picked":"Deadly Poison","floor":41},{"not_picked":["Outmaneuver","Dagger Throw"],"picked":"Backflip","floor":46},{"not_picked":["Panacea","Swift Strike"],"picked":"Apotheosis","floor":48},{"not_picked":["Blind","Madness"],"picked":"Enlightenment","floor":48},{"not_picked":["Dark Shackles","Trip"],"picked":"Flash of Steel","floor":48}],"player_experience":447003,"potions_floor_usage":[50],"damage_taken":[{"damage":2.0,"enemies":"2 Louse","floor":1.0,"turns":3.0},{"damage":2.0,"enemies":"Small Slimes","floor":3.0,"turns":3.0},{"damage":0.0,"enemies":"Cultist","floor":4.0,"turns":4.0},{"damage":5.0,"enemies":"Red Slaver","floor":5.0,"turns":6.0},{"damage":11.0,"enemies":"Gremlin Nob","floor":7.0,"turns":4.0},{"damage":2.0,"enemies":"Looter","floor":11.0,"turns":3.0},{"damage":3.0,"enemies":"3 Sentries","floor":14.0,"turns":10.0},{"damage":9.0,"enemies":"The Guardian","floor":16.0,"turns":9.0},{"damage":2.0,"enemies":"Shell Parasite","floor":18.0,"turns":5.0},{"damage":0.0,"enemies":"2 Thieves","floor":20.0,"turns":4.0},{"damage":12.0,"enemies":"3 Cultists","floor":22.0,"turns":6.0},{"damage":16.0,"enemies":"Slavers","floor":23.0,"turns":6.0},{"damage":0.0,"enemies":"Snake Plant","floor":29.0,"turns":4.0},{"damage":1.0,"enemies":"Chosen and Byrds","floor":31.0,"turns":5.0},{"damage":31.0,"enemies":"Automaton","floor":33.0,"turns":10.0},{"damage":5,"enemies":"Orb Walker","floor":35,"turns":4},{"damage":14,"enemies":"Sphère mystérieuse","floor":37,"turns":6},{"damage":0,"enemies":"3 Shapes","floor":39,"turns":5},{"damage":12,"enemies":"Giant Head","floor":41,"turns":11},{"damage":2,"enemies":"Maw","floor":44,"turns":7},{"damage":0,"enemies":"4 Shapes","floor":46,"turns":6},{"damage":0,"enemies":"Donu and Deca","floor":50,"turns":10}],"event_choices":[{"event_name":"World of Goop","player_choice":"Left","floor":2.0,"damage_taken":0.0},{"event_name":"Upgrade Shrine","player_choice":"Upgraded","floor":6.0,"damage_taken":0.0},{"event_name":"The Lab","player_choice":"Got Potions","floor":13.0,"damage_taken":0.0},{"event_name":"Cursed Tome","player_choice":"Obtained Book","floor":19.0,"damage_taken":0.0},{"event_name":"The Woman in Blue","player_choice":"Bought 0 Potions","floor":24.0,"damage_taken":0.0},{"event_name":"Mysterious Sphere","player_choice":"Fight","floor":37,"damage_taken":0},{"event_name":"Winding Halls","player_choice":"Writhe","floor":38,"damage_taken":0},{"event_name":"SecretPortal","player_choice":"Rejected Portal.","floor":42,"damage_taken":0},{"event_name":"Tomb of Lord Red Mask","player_choice":"Paid","floor":47,"damage_taken":0},{"event_name":"SensoryStone","player_choice":"Memory 3","floor":48,"damage_taken":0}],"boss_relics":[{"not_picked":["White Beast Statue","Philosopher\u0027s Stone"],"picked":"Cursed Key"}],"potions_floor_spawned":[3,5,14,20,29,33,41,44,46],"seed_played":"-7797298210324247236","ascension_level":0,"is_trial":false}