{"gold_per_floor":[114,125,50,50,120,120,136,111,111,122,155,205,205,223,223,298,298,315,365,382,126,126],"floor_reached":22,"playtime":724,"items_purged":["Strike_B","Defend_B"],"score":363,"play_id":"48a1febb-083b-448c-887b-0e2263f1e32e","local_time":"20190109035333","is_ascension_mode":true,"campfire_choices":[{"data":"Zap","floor":6.0,"key":"SMITH"},{"data":"Creative AI","floor":13.0,"key":"SMITH"},{"floor":15.0,"key":"REST"}],"neow_cost":"NONE","seed_source_timestamp":0,"circlet_count":0,"master_deck":["AscendersBane","Strike_B","Strike_B+1","Defend_B","Defend_B","Defend_B","Zap+1","Dualcast","Ball Lightning","Stack+1","Rebound","Creative AI+1","Steam","Self Repair","Hologram","Fission","Conserve Battery","Barrage+1","Echo Form"],"special_seed":0,"relics":["Cracked Core","SsserpentHead","Bottled Lightning","Mercury Hourglass","Inserter"],"potions_floor_usage":[18,22],"damage_taken":[{"damage":0.0,"enemies":"Cultist","floor":1.0,"turns":4.0},{"damage":0.0,"enemies":"Small Slimes","floor":2.0,"turns":2.0},{"damage":0.0,"enemies":"2 Louse","floor":5.0,"turns":3.0},{"damage":1.0,"enemies":"2 Fungi Beasts","floor":7.0,"turns":2.0},{"damage":0.0,"enemies":"3 Louse","floor":10.0,"turns":2.0},{"damage":32.0,"enemies":"Gremlin Nob","floor":11.0,"turns":4.0},{"damage":10.0,"enemies":"Blue Slaver","floor":14.0,"turns":3.0},{"damage":27.0,"enemies":"The Guardian","floor":16.0,"turns":11.0},{"damage":19,"enemies":"3 Byrds","floor":18,"turns":3},{"damage":27,"enemies":"Shell Parasite","floor":20,"turns":9},{"damage":41,"enemies":"Snake Plant","floor":22,"turns":4}],"seed_played":"1358277796134740097","potions_obtained":[{"floor":2.0,"key":"LiquidBronze"},{"floor":5.0,"key":"Explosive Potion"},{"floor":11.0,"key":"GamblersBrew"},{"floor":16.0,"key":"Poison Potion"},{"floor":20,"key":"LiquidBronze"}],"is_trial":false,"path_per_floor":["M","M","$","?","M","R","M","?","T","M","E","?","R","M","R","B",null,"M","?","M","$","M"],"character_chosen":"DEFECT","items_purchased":["Echo Form"],"campfire_rested":1,"item_purchase_floors":[21],"current_hp_per_floor":[71,71,71,71,71,71,70,70,70,70,38,15,15,12,35,15,62,43,59,39,39,0],"gold":126,"neow_bonus":"TEN_PERCENT_HP_BONUS","is_prod":false,"is_daily":false,"chose_seed":false,"campfire_upgraded":2,"win_rate":0,"timestamp":1546973613,"path_taken":["M","M","?","?","?","R","M","?","T","M","E","?","R","M","R","BOSS","M","?","M","$","M"],"build_version":"2019-01-03v4","purchased_purges":2,"victory":false,"max_hp_per_floor":[78,78,78,78,78,78,78,78,78,78,78,78,78,78,78,78,78,78,78,78,78,78],"card_choices":[{"not_picked":["Beam Cell","Coolheaded"],"picked":"Ball Lightning","floor":1.0},{"not_picked":["Coolheaded","Turbo"],"picked":"Stack","floor":2.0},{"not_picked":["Reprogram","Hello World"],"picked":"Rebound","floor":5.0},{"not_picked":["Streamline","Steam"],"picked":"Creative AI","floor":7.0},{"not_picked":["Steam Power","Go for the Eyes"],"picked":"Steam","floor":10.0},{"not_picked":["Gash","Fusion"],"picked":"Self Repair","floor":11.0},{"not_picked":["Double Energy","Gash"],"picked":"Hologram","floor":14.0},{"not_picked":["Multi-Cast","All For One"],"picked":"Fission","floor":16.0},{"not_picked":["Chill+1","Streamline"],"picked":"Conserve Battery","floor":18},{"not_picked":["Conserve Battery","Skim"],"picked":"Barrage+1","floor":20}],"player_experience":1027297,"relics_obtained":[{"floor":9.0,"key":"Bottled Lightning"},{"floor":11.0,"key":"Mercury Hourglass"}],"event_choices":[{"damage_healed":0.0,"max_hp_gain":0.0,"max_hp_loss":0.0,"gold_gain":0.0,"event_name":"FaceTrader","player_choice":"Trade","floor":4.0,"gold_loss":0.0,"damage_taken":0.0,"relics_obtained":["SsserpentHead"]},{"cards_removed":["Strike_B"],"damage_healed":0.0,"max_hp_gain":0.0,"max_hp_loss":0.0,"gold_gain":0.0,"event_name":"The Cleric","player_choice":"Card Removal","floor":8.0,"gold_loss":75.0,"damage_taken":0.0},{"damage_healed":0.0,"max_hp_gain":0.0,"max_hp_loss":0.0,"gold_gain":0.0,"event_name":"Shining Light","player_choice":"Entered Light","floor":12.0,"gold_loss":0.0,"damage_taken":23.0,"cards_upgraded":["Stack","Strike_B"]},{"damage_healed":16,"gold_gain":0,"player_choice":"Heal","damage_taken":0,"max_hp_gain":0,"max_hp_loss":0,"event_name":"The Library","floor":19,"gold_loss":0}],"is_beta":false,"boss_relics":[{"not_picked":["Cursed Key","Velvet Choker"],"picked":"Inserter"}],"items_purged_floors":[3,21],"is_endless":false,"potions_floor_spawned":[2,5,11,16,20],"killed_by":"Snake Plant","ascension_level":19}