{"path_per_floor":["M","M","$","M","T","R","?","R","T","M","M","R","M","M","R","B",null,"M","$","?","?","M","R","M","R","T","M","?","R","M","M","R"],"character_chosen":"IRONCLAD","items_purchased":["Seeing Red","Orichalcum","Pommel Strike"],"gold_per_floor":[118,129,55,66,90,90,116,116,116,131,141,141,151,166,166,269,269,286,77,77,2,19,19,39,39,62,72,72,72,85,99,99],"floor_reached":33,"campfire_rested":5,"playtime":3100,"current_hp_per_floor":[80,80,80,80,80,80,51,51,51,33,30,54,58,56,80,50,80,45,45,45,45,42,42,25,49,49,33,17,41,12,8,32],"items_purged":[],"gold":99,"score":241,"play_id":"a4b1f61f-dc4a-48ea-91c7-3156bf004d3f","local_time":"20180304100934","is_prod":false,"is_daily":false,"is_ascension_mode":false,"campfire_upgraded":3,"timestamp":1520154574,"path_taken":["M","M","$","?","?","R","?","R","T","?","M","R","?","M","R","BOSS","M","$","?","?","M","R","M","R","T","M","?","R","M","M","R","BOSS"],"build_version":"2018-03-01-PROD1","purchased_purges":0,"victory":false,"master_deck":["Strike_R+1","Strike_R+1","Strike_R+1","Strike_R+1","Defend_R+1","Defend_R+1","Defend_R+1","Defend_R+1","Bash+1","Dropkick","Thunderclap","Seeing Red+1","Dropkick+1","Shrug It Off","Warcry","Pommel Strike","Rampage","Pommel Strike","Impervious","Armaments","Pommel Strike","Armaments+1","Anger+1","Anger","Necronomicurse","Shrug It Off","Flex"],"max_hp_per_floor":[80,80,80,80,80,80,80,80,80,80,80,80,80,80,80,80,80,80,80,80,80,80,80,80,80,80,80,80,80,80,80,80],"relics":["Burning Blood","Pen Nib","Odd Mushroom","Calipers","Lizard Tail","Orichalcum","Anchor","Necronomicon"],"card_choices":[{"not_picked":["Reckless Charge","Thunderclap"],"picked":"Dropkick"},{"not_picked":["Rampage","Sword Boomerang"],"picked":"Thunderclap"},{"not_picked":["Clash","Iron Wave"],"picked":"Dropkick"},{"not_picked":["Warcry","Anger"],"picked":"Shrug It Off"},{"not_picked":["Burning Pact","Iron Wave"],"picked":"Warcry"},{"not_picked":["Bludgeon","Searing Blow"],"picked":"Pommel Strike"},{"not_picked":["Clothesline","Perfected Strike"],"picked":"Rampage"},{"not_picked":["Perfected Strike","Blood for Blood"],"picked":"Pommel Strike"},{"not_picked":["Feed","Fiend Fire"],"picked":"Impervious"},{"not_picked":["Iron Wave","Entrench"],"picked":"Armaments"},{"not_picked":["Entrench","Battle Trance"],"picked":"Armaments"},{"not_picked":["Second Wind","Clash"],"picked":"Anger"},{"not_picked":["True Grit","Clothesline"],"picked":"Anger"},{"not_picked":["Cleave","Barricade"],"picked":"Shrug It Off"},{"not_picked":["Iron Wave","Burning Pact"],"picked":"Flex"}],"player_experience":1802,"potions_floor_usage":[31,33,33],"damage_taken":[{"damage":1.0,"enemies":"Cultist","floor":1.0,"turns":3.0},{"damage":6.0,"enemies":"Jaw Worm","floor":2.0,"turns":2.0},{"damage":0.0,"enemies":"Small Slimes","floor":4.0,"turns":3.0},{"damage":35.0,"enemies":"The Mushroom Lair","floor":7.0,"turns":5.0},{"damage":24.0,"enemies":"Exordium Thugs","floor":10.0,"turns":7.0},{"damage":9.0,"enemies":"Gremlin Gang","floor":11.0,"turns":5.0},{"damage":2.0,"enemies":"3 Louse","floor":13.0,"turns":2.0},{"damage":8.0,"enemies":"Blue Slaver","floor":14.0,"turns":4.0},{"damage":36.0,"enemies":"Hexaghost","floor":16.0,"turns":9.0},{"damage":41.0,"enemies":"Spheric Guardian","floor":18.0,"turns":6.0},{"damage":9.0,"enemies":"Shell Parasite","floor":22.0,"turns":6.0},{"damage":23.0,"enemies":"Snake Plant","floor":24.0,"turns":5.0},{"damage":22.0,"enemies":"Centurion and Healer","floor":27.0,"turns":9.0},{"damage":35.0,"enemies":"Cultist and Chosen","floor":30.0,"turns":8.0},{"damage":10,"enemies":"3 Cultists","floor":31,"turns":6},{"damage":93,"enemies":"Champ","floor":33,"turns":14}],"event_choices":[{"event_name":"Mushrooms","player_choice":"Fought Mushrooms","floor":7.0,"damage_taken":0.0},{"event_name":"Back to Basics","player_choice":"Simplicity","floor":20.0,"damage_taken":0.0},{"event_name":"Beggar","player_choice":"Gave Gold","floor":21.0,"damage_taken":0.0},{"event_name":"Cursed Tome","player_choice":"Obtained Book","floor":28.0,"damage_taken":0.0}],"boss_relics":[],"potions_floor_spawned":[1,2,10,16,27,30,31],"seed_played":"3378716319142240061","killed_by":"Champ","ascension_level":0,"is_trial":false}