{"gold_per_floor":[110,121,141,159,179,179,179,179,179,179,214,1,20,20,20,120,120,135,135,135,60,79,79],"floor_reached":23,"playtime":1362,"items_purged":["Parasite"],"score":191,"play_id":"4eedcec4-fe5d-4ea1-82bb-57257e8801a7","local_time":"20181015171111","is_ascension_mode":false,"campfire_choices":[{"data":"Rainbow","floor":6,"key":"SMITH"},{"data":"Aggregate","floor":10,"key":"SMITH"},{"floor":15,"key":"REST"}],"neow_cost":"CURSE","seed_source_timestamp":343453761805206,"circlet_count":0,"master_deck":["Strike_B","Strike_B","Strike_B","Defend_B","Defend_B","Defend_B","Defend_B","Zap","Dualcast","Clumsy","Capacitor","Aggregate+1","Ball Lightning","Rainbow+1","Compile Driver","Capacitor","Apotheosis","Storm","Zap","Echo Form","Heatsinks","Writhe","Sweeping Beam+1"],"relics":["Cracked Core","Gambling Chip","Sundial","Kunai","Inserter","Gremlin Horn"],"potions_floor_usage":[3,5,16,22,22,22],"damage_taken":[{"damage":1,"enemies":"Cultist","floor":1,"turns":3},{"damage":3,"enemies":"2 Louse","floor":2,"turns":3},{"damage":0,"enemies":"Small Slimes","floor":3,"turns":3},{"damage":0,"enemies":"Exordium Wildlife","floor":4,"turns":4},{"damage":8,"enemies":"Looter","floor":5,"turns":3},{"damage":24,"enemies":"Gremlin Nob","floor":11,"turns":4},{"damage":8,"enemies":"2 Fungi Beasts","floor":13,"turns":4},{"damage":42,"enemies":"Hexaghost","floor":16,"turns":8},{"damage":17,"enemies":"Chosen","floor":18,"turns":5},{"damage":45,"enemies":"3 Byrds","floor":22,"turns":5},{"damage":8,"enemies":"Centurion and Healer","floor":23,"turns":2}],"seed_played":"-2105003564636326246","potions_obtained":[{"floor":1,"key":"SkillPotion"},{"floor":4,"key":"PowerPotion"},{"floor":11,"key":"GamblersBrew"},{"floor":18,"key":"EntropicBrew"},{"floor":22,"key":"LiquidBronze"}],"is_trial":false,"path_per_floor":["M","M","M","M","M","R","?","?","T","R","E","$","M","?","R","B",null,"M","?","?","$","M"],"character_chosen":"DEFECT","items_purchased":["Apotheosis"],"campfire_rested":1,"item_purchase_floors":[12],"current_hp_per_floor":[74,71,71,71,63,63,75,68,68,68,44,44,36,36,58,16,75,58,58,44,44,13,5],"gold":79,"neow_bonus":"ONE_RARE_RELIC","is_prod":false,"is_daily":false,"chose_seed":false,"campfire_upgraded":2,"win_rate":0.0,"timestamp":1539576671,"path_taken":["M","M","?","M","M","R","?","?","T","R","E","$","?","?","R","BOSS","M","?","?","$","M","M"],"build_version":"2018-10-11","purchased_purges":1,"victory":false,"max_hp_per_floor":[75,75,75,75,75,75,75,75,75,75,75,75,75,75,75,75,75,75,75,80,77,77,77],"card_choices":[{"not_picked":["Ball Lightning","Streamline"],"picked":"Capacitor","floor":1},{"not_picked":["Hologram","Leap"],"picked":"Aggregate","floor":2},{"not_picked":["Go for the Eyes","Loop"],"picked":"Ball Lightning","floor":3},{"not_picked":["Beam Cell","Gash"],"picked":"Rainbow","floor":4},{"not_picked":["Redo","Hologram"],"picked":"Compile Driver","floor":5},{"not_picked":["Go for the Eyes","Leap"],"picked":"Capacitor","floor":11},{"not_picked":["Conserve Battery","Compile Driver"],"picked":"Storm","floor":13},{"not_picked":["Seek","Amplify"],"picked":"Echo Form","floor":16},{"not_picked":["Lockon","Sweeping Beam"],"picked":"Heatsinks","floor":18},{"not_picked":["Heatsinks","Hologram"],"picked":"Sweeping Beam+1","floor":22}],"player_experience":59818,"relics_obtained":[{"floor":9,"key":"Sundial"},{"floor":11,"key":"Kunai"}],"event_choices":[{"event_name":"Mushrooms","player_choice":"Healed and dodged fight","floor":7,"damage_taken":0},{"event_name":"Golden Wing","player_choice":"Card Removal","floor":8,"damage_taken":0},{"event_name":"Match and Keep!","player_choice":"1 cards matched","floor":14,"damage_taken":0},{"event_name":"The Mausoleum","player_choice":"Yes","floor":19,"damage_taken":0},{"event_name":"Forgotten Altar","player_choice":"Shed Blood","floor":20,"damage_taken":0}],"is_beta":false,"boss_relics":[{"not_picked":["Ectoplasm","Philosopher\u0027s Stone"],"picked":"Inserter"}],"items_purged_floors":[21],"is_endless":false,"potions_floor_spawned":[1,4,11,18,22],"killed_by":"Centurion and Healer","ascension_level":0}