{"gold_per_floor":[111,111,10,20,20,55,55,55,55,89,108,108,108,33,33,122,122,146,46,65,65,88,121,47,88,88,88,88,109,143,168,168,261,261,279,279,292,417,442,475,475,508,508,572,45,63,76,76,76,76,76],"floor_reached":52,"playtime":4211,"items_purged":["Injury","Strike_G","Strike_G","Strike_G"],"score":2087,"play_id":"9296d84f-3cba-4dcc-b0ce-ce8d1e9b3aa6","local_time":"20181110202837","is_ascension_mode":true,"campfire_choices":[{"data":"Dagger Spray","floor":8.0,"key":"SMITH"},{"data":"Dodge and Roll","floor":15.0,"key":"SMITH"},{"data":"A Thousand Cuts","floor":27.0,"key":"SMITH"},{"floor":32.0,"key":"REST"},{"data":"Cloak And Dagger","floor":41,"key":"SMITH"},{"data":"After Image","floor":49,"key":"SMITH"}],"neow_cost":"NONE","seed_source_timestamp":11482724599514,"circlet_count":0,"master_deck":["AscendersBane","Defend_G","Defend_G","Defend_G","Defend_G","Defend_G+1","Strike_G","Strike_G","Survivor","Neutralize+1","Footwork+1","Dagger Spray+1","Calculated Gamble","Dagger Spray","Dodge and Roll+1","Dash","Deflect","After Image+1","Backstab","A Thousand Cuts+1","PiercingWail","Cloak And Dagger+1","Escape Plan","Finisher","Doppelganger","Dodge and Roll","Magnetism+1","Dark Shackles","Dramatic Entrance","Blade Dance","Deflect","Infinite Blades+1","Crippling Poison+1","Footwork+1","Infinite Blades+1","Caltrops+1"],"special_seed":0,"relics":["Ring of the Snake","NeowsBlessing","Golden Idol","Happy Flower","Mercury Hourglass","Meat on the Bone","Pantograph","White Beast Statue","MutagenicStrength","Smiling Mask","Nunchaku","Mango","Kunai","Frozen Egg 2","Coffee Dripper","Calipers","Ice Cream","Bottled Flame","Dodecahedron","Dead Branch","Vajra","DollysMirror"],"potions_floor_usage":[39,39,40,44,46],"damage_taken":[{"damage":0.0,"enemies":"Small Slimes","floor":1.0,"turns":1.0},{"damage":0.0,"enemies":"2 Louse","floor":4.0,"turns":1.0},{"damage":0.0,"enemies":"3 Sentries","floor":6.0,"turns":1.0},{"damage":15.0,"enemies":"Lagavulin","floor":10.0,"turns":8.0},{"damage":0.0,"enemies":"Jaw Worm","floor":11.0,"turns":2.0},{"damage":9.0,"enemies":"The Guardian","floor":16.0,"turns":11.0},{"damage":5.0,"enemies":"Spheric Guardian","floor":18.0,"turns":8.0},{"damage":6.0,"enemies":"Chosen","floor":20.0,"turns":7.0},{"damage":2.0,"enemies":"3 Cultists","floor":22.0,"turns":5.0},{"damage":43.0,"enemies":"Book of Stabbing","floor":23.0,"turns":6.0},{"damage":0.0,"enemies":"Slavers","floor":25.0,"turns":3.0},{"damage":0.0,"enemies":"Snake Plant","floor":29.0,"turns":5.0},{"damage":44.0,"enemies":"Book of Stabbing","floor":30.0,"turns":6.0},{"damage":3.0,"enemies":"Snecko","floor":31.0,"turns":6.0},{"damage":30.0,"enemies":"Collector","floor":33.0,"turns":12.0},{"damage":8.0,"enemies":"Orb Walker","floor":35.0,"turns":5.0},{"damage":0.0,"enemies":"3 Shapes","floor":37.0,"turns":7.0},{"damage":0.0,"enemies":"Mind Bloom Boss Battle","floor":38.0,"turns":4.0},{"damage":62,"enemies":"Transient","floor":39,"turns":6},{"damage":19,"enemies":"Reptomancer","floor":40,"turns":7},{"damage":16,"enemies":"Nemesis","floor":42,"turns":8},{"damage":0,"enemies":"Giant Head","floor":44,"turns":8},{"damage":8,"enemies":"Jaw Worm Horde","floor":46,"turns":3},{"damage":0,"enemies":"Spire Growth","floor":47,"turns":2},{"damage":19,"enemies":"Donu and Deca","floor":50,"turns":7},{"damage":19,"enemies":"Time Eater","floor":51,"turns":13}],"seed_played":"-1556697676923705127","potions_obtained":[{"floor":6.0,"key":"PowerPotion"},{"floor":11.0,"key":"PowerPotion"},{"floor":18.0,"key":"AttackPotion"},{"floor":20.0,"key":"PowerPotion"},{"floor":22.0,"key":"EssenceOfSteel"},{"floor":23.0,"key":"PowerPotion"},{"floor":25.0,"key":"SpeedPotion"},{"floor":29.0,"key":"LiquidBronze"},{"floor":30.0,"key":"Poison Potion"},{"floor":31.0,"key":"PowerPotion"},{"floor":33.0,"key":"Energy Potion"},{"floor":35.0,"key":"SpeedPotion"},{"floor":39,"key":"FearPotion"},{"floor":40,"key":"SpeedPotion"},{"floor":42,"key":"Swift Potion"},{"floor":44,"key":"Regen Potion"},{"floor":46,"key":"GamblersBrew"},{"floor":47,"key":"Fire Potion"}],"is_trial":false,"path_per_floor":["M","?","$","M","?","E","?","R","T","E","M","?","?","$","R","B",null,"M","$","M","?","M","E","$","E","T","R","T","M","E","E","M","R","B",null,"M","?","M","?","M","E","R","E","T","E","$","M","M","?","R","B","B",null],"character_chosen":"THE_SILENT","items_purchased":["Dagger Spray","Calculated Gamble","PiercingWail","Vajra","Footwork+1","DollysMirror"],"campfire_rested":1,"item_purchase_floors":[3,3,24,45,45,45],"current_hp_per_floor":[59,39,39,39,39,39,39,39,39,24,36,18,18,18,18,34,58,53,53,47,47,45,14,14,26,40,40,40,52,20,29,53,48,72,64,54,54,79,29,22,22,18,18,30,30,43,43,43,43,49,55],"gold":76,"neow_bonus":"THREE_ENEMY_KILL","is_prod":false,"is_daily":false,"chose_seed":false,"campfire_upgraded":5,"win_rate":0,"timestamp":1541878117,"path_taken":["M","?","$","M","?","E","?","R","T","E","M","?","?","$","R","BOSS","M","$","M","?","M","E","$","E","T","R","?","M","E","M","R","BOSS","M","?","M","?","M","E","R","E","T","E","?","M","?","?","R","BOSS","BOSS"],"build_version":"2018-11-08","purchased_purges":4,"victory":true,"max_hp_per_floor":[66,66,66,66,66,66,66,66,66,66,66,66,66,66,66,66,66,66,66,66,66,66,66,66,66,80,80,80,80,80,80,80,80,80,80,80,80,80,80,80,80,80,80,80,80,80,80,80,80,80,80],"card_choices":[{"not_picked":["Dagger Spray","Prepared"],"picked":"Footwork","floor":1.0},{"not_picked":["Calculated Gamble","Slice"],"picked":"Dagger Spray","floor":4.0},{"not_picked":["Tactician","Dagger Throw"],"picked":"Dodge and Roll","floor":6.0},{"not_picked":["Bullet Time","Night Terror"],"picked":"Dash","floor":10.0},{"not_picked":["Blade Dance","Dagger Spray"],"picked":"Deflect","floor":11.0},{"not_picked":["Storm of Steel","Venomology"],"picked":"After Image","floor":16.0},{"not_picked":["Flying Knee","Calculated Gamble"],"picked":"Backstab","floor":18.0},{"not_picked":["Dagger Spray","Blur"],"picked":"Poisoned Stab","floor":20.0},{"not_picked":["Bane","Dagger Throw","Flechettes+1"],"picked":"SKIP","floor":22.0},{"not_picked":["Caltrops","Sucker Punch"],"picked":"A Thousand Cuts","floor":23.0},{"not_picked":["Flechettes","Prepared"],"picked":"Cloak And Dagger","floor":25.0},{"not_picked":["PiercingWail","Dash"],"picked":"Escape Plan","floor":29.0},{"not_picked":["Bouncing Flask","Choke","PiercingWail"],"picked":"SKIP","floor":30.0},{"not_picked":["Bouncing Flask","Venomology"],"picked":"Finisher","floor":31.0},{"not_picked":["Grand Finale","Burst"],"picked":"Doppelganger","floor":33.0},{"not_picked":["Acrobatics+1","Leg Sweep"],"picked":"Dodge and Roll","floor":35.0},{"not_picked":["Forethought","Dark Shackles"],"picked":"Magnetism+1","floor":36.0},{"not_picked":["Mind Blast","Deep Breath"],"picked":"Dark Shackles","floor":36.0},{"not_picked":["Discovery","Jack Of All Trades"],"picked":"Dramatic Entrance","floor":36.0},{"not_picked":["Acrobatics","Outmaneuver+1"],"picked":"Blade Dance","floor":37.0},{"not_picked":["Flechettes","Slice"],"picked":"Deflect","floor":38.0},{"not_picked":["All Out Attack+1","Bouncing Flask"],"picked":"Infinite Blades+1","floor":39},{"not_picked":["Dagger Throw","PiercingWail","Outmaneuver"],"picked":"SKIP","floor":40},{"not_picked":["Quick Slash","Underhanded Strike+1","All Out Attack+1"],"picked":"SKIP","floor":42},{"not_picked":["Setup+1","Distraction"],"picked":"Crippling Poison+1","floor":44},{"not_picked":["Slice","All Out Attack","Bouncing Flask+1"],"picked":"SKIP","floor":46},{"not_picked":["PiercingWail","Slice"],"picked":"Caltrops+1","floor":47}],"player_experience":1776008,"relics_obtained":[{"floor":6.0,"key":"Happy Flower"},{"floor":9.0,"key":"Mercury Hourglass"},{"floor":10.0,"key":"Meat on the Bone"},{"floor":23.0,"key":"Smiling Mask"},{"floor":25.0,"key":"Nunchaku"},{"floor":26.0,"key":"Mango"},{"floor":28.0,"key":"Kunai"},{"floor":30.0,"key":"Frozen Egg 2"},{"floor":38.0,"key":"Calipers"},{"floor":40,"key":"Ice Cream"},{"floor":42,"key":"Bottled Flame"},{"floor":43,"key":"Dodecahedron"},{"floor":44,"key":"Dead Branch"}],"event_choices":[{"damage_healed":0.0,"max_hp_gain":0.0,"max_hp_loss":0.0,"gold_gain":0.0,"event_name":"Shining Light","player_choice":"Entered Light","floor":2.0,"gold_loss":0.0,"damage_taken":20.0,"cards_upgraded":["Neutralize","Defend_G"]},{"damage_healed":0.0,"max_hp_gain":0.0,"max_hp_loss":0.0,"gold_gain":0.0,"event_name":"Golden Idol","player_choice":"Take Wound","floor":5.0,"gold_loss":0.0,"damage_taken":0.0,"relics_obtained":["Golden Idol"],"cards_obtained":["Injury"]},{"damage_healed":0.0,"max_hp_gain":0.0,"max_hp_loss":0.0,"gold_gain":0.0,"event_name":"Living Wall","player_choice":"Grow","floor":7.0,"gold_loss":0.0,"damage_taken":0.0,"cards_upgraded":["Footwork"]},{"damage_healed":0.0,"max_hp_gain":0.0,"max_hp_loss":0.0,"gold_gain":0.0,"event_name":"Scrap Ooze","player_choice":"Success","floor":12.0,"gold_loss":0.0,"damage_taken":18.0,"relics_obtained":["Pantograph"]},{"damage_healed":0.0,"max_hp_gain":0.0,"max_hp_loss":0.0,"gold_gain":0.0,"event_name":"Liars Game","player_choice":"Ignored","floor":13.0,"gold_loss":0.0,"damage_taken":0.0},{"damage_healed":0.0,"max_hp_gain":0.0,"max_hp_loss":0.0,"gold_gain":0.0,"event_name":"Drug Dealer","player_choice":"Inject Mutagens","floor":21.0,"gold_loss":0.0,"damage_taken":0.0,"relics_obtained":["MutagenicStrength"]},{"damage_healed":0.0,"max_hp_gain":0.0,"max_hp_loss":0.0,"gold_gain":0.0,"event_name":"SensoryStone","player_choice":"Memory 3","floor":36.0,"gold_loss":0.0,"damage_taken":10.0},{"damage_healed":0.0,"max_hp_gain":0.0,"max_hp_loss":0.0,"gold_gain":0.0,"event_name":"MindBloom","player_choice":"Fight","floor":38.0,"gold_loss":0.0,"damage_taken":0.0},{"cards_removed":["Poisoned Stab"],"damage_healed":0,"gold_gain":0,"player_choice":"Removed Attack","damage_taken":0,"max_hp_gain":0,"max_hp_loss":0,"event_name":"Falling","floor":48,"gold_loss":0}],"is_beta":false,"boss_relics":[{"not_picked":["Calling Bell","Busted Crown"],"picked":"White Beast Statue"},{"not_picked":["Astrolabe","Tiny House"],"picked":"Coffee Dripper"}],"items_purged_floors":[14,19,24,45],"is_endless":false,"potions_floor_spawned":[6,11,18,20,22,23,25,29,30,31,33,35,37,38,39,40,42,44,46,47],"ascension_level":20}