{"path_per_floor":["M","M","M","$","?","R","E","R","T","E","?","R","M","?","R","B",null,"M","M","M","M","M","E","$","M","T","?","R","?","R","M","R","B",null,"M","?","M","?","M","R","E","R","T","M","M","M","E","T","R","B"],"character_chosen":"IRONCLAD","items_purchased":[],"gold_per_floor":[114,131,141,66,66,66,101,101,101,133,133,133,146,146,146,243,243,213,213,213,213,213,213,213,213,213,213,213,213,213,213,213,213,213,213,213,213,0,0,0,0,0,0,0,0,0,0,0,0,0],"floor_reached":51,"campfire_rested":1,"playtime":1917,"current_hp_per_floor":[80,80,80,80,80,80,54,54,54,36,29,29,37,37,37,45,80,66,74,80,78,82,60,60,58,58,58,58,58,58,56,56,22,91,82,82,78,78,80,80,76,76,76,52,51,58,41,41,70,27],"items_purged":["Defend_R"],"gold":0,"score":689,"play_id":"a4e8be5b-3b76-4b1a-abf8-10b36cf35def","is_prod":false,"is_daily":false,"is_ascension_mode":false,"campfire_upgraded":9,"path_taken":["M","M","M","$","?","R","E","R","T","E","?","R","M","?","R","BOSS","M","?","M","M","?","E","?","M","T","?","R","?","R","?","R","BOSS","M","?","M","?","M","R","E","R","T","?","?","?","E","?","R","BOSS"],"build_version":"2018-02-15-PROD1","purchased_purges":2,"victory":true,"master_deck":["Strike_R","Strike_R+1","Strike_R","Strike_R","Bash","Flex+1","Flex+1","Rage+1","Uppercut+1","Whirlwind+1","Rampage+1","Feed+1","Clash+1","Double Tap+1","Flex+1"],"max_hp_per_floor":[80,80,80,80,80,80,80,80,80,80,80,80,80,80,80,80,80,80,80,80,80,83,83,83,83,83,83,83,83,83,86,86,86,91,91,91,91,91,91,91,94,94,94,94,94,94,98,98,98,98],"relics":["Burning Blood","Blood Vial","Torii","Mercury Hourglass","Ectoplasm","Toolbox","Red Skull","Omamori","Tiny House","Red Mask","Shuriken","Tiny Chest","Vajra","Ginger"],"card_choices":[{"not_picked":["Hemokinesis","Battle Trance"],"picked":"Flex"},{"not_picked":["Exhume","True Grit"],"picked":"Flex"},{"not_picked":["Intimidate","Sword Boomerang"],"picked":"Rage"},{"not_picked":["Burning Pact","Armaments"],"picked":"Uppercut"},{"not_picked":["Warcry","Disarm"],"picked":"Whirlwind"},{"not_picked":["Fiend Fire","Reaper"],"picked":"Feed"},{"not_picked":["Shockwave","Feel No Pain"],"picked":"Clash"},{"not_picked":["Brutality","Exhume"],"picked":"Double Tap"},{"not_picked":["Bloodletting","Combust"],"picked":"Flex"}],"player_experience":98173,"potions_floor_usage":[10,16,21,23,33,33,41,44,50,50,50],"damage_taken":[{"damage":1,"enemies":"Cultist","floor":1,"turns":4},{"damage":5,"enemies":"Small Slimes","floor":2,"turns":3},{"damage":6,"enemies":"2 Louse","floor":3,"turns":2},{"damage":32,"enemies":"Gremlin Nob","floor":7,"turns":4},{"damage":26,"enemies":"Lagavulin","floor":10,"turns":6},{"damage":0,"enemies":"Lots of Slimes","floor":13,"turns":3},{"damage":0,"enemies":"Slime Boss","floor":16,"turns":6},{"damage":20,"enemies":"2 Thieves","floor":18,"turns":2},{"damage":0,"enemies":"Chosen","floor":19,"turns":2},{"damage":0,"enemies":"3 Cultists","floor":20,"turns":2},{"damage":8,"enemies":"Snake Plant","floor":21,"turns":2},{"damage":7,"enemies":"Cultist and Chosen","floor":22,"turns":3},{"damage":29,"enemies":"Slavers","floor":23,"turns":4},{"damage":10,"enemies":"Slaver and Parasite","floor":25,"turns":4},{"damage":13,"enemies":"Chosen and Byrds","floor":31,"turns":3},{"damage":42,"enemies":"Automaton","floor":33,"turns":6},{"damage":15,"enemies":"Orb Walker","floor":35,"turns":2},{"damage":12,"enemies":"3 Shapes","floor":37,"turns":1},{"damage":6,"enemies":"Sphere and 2 Shapes","floor":39,"turns":1},{"damage":15,"enemies":"Nemesis","floor":41,"turns":3},{"damage":44,"enemies":"Maw","floor":44,"turns":6},{"damage":9,"enemies":"4 Shapes","floor":45,"turns":1},{"damage":1,"enemies":"3 Darklings","floor":46,"turns":2},{"damage":29,"enemies":"2 Orb Walkers","floor":47,"turns":3},{"damage":51,"enemies":"Time Eater","floor":50,"turns":6}],"event_choices":[{"event_name":"Purifier","player_choice":"One Purge","floor":5,"damage_taken":0},{"event_name":"Golden Wing","player_choice":"Card Removal","floor":11,"damage_taken":0},{"event_name":"Transmorgrifier","player_choice":"Transform","floor":14,"damage_taken":0},{"event_name":"The Mausoleum","player_choice":"Yes","floor":27,"damage_taken":0},{"event_name":"Beggar","player_choice":"Ignored","floor":29,"damage_taken":0},{"event_name":"Tomb of Lord Red Mask","player_choice":"Paid","floor":38,"damage_taken":0}],"boss_relics":[{"not_picked":["Philosopher\u0027s Stone","Calling Bell"],"picked":"Ectoplasm"},{"not_picked":["Runic Cube","Runic Pyramid"],"picked":"Tiny House"}],"potions_floor_spawned":[1,10,13,21,25,31,33,37,41,44,45],"seed_played":"-646378237967750216","ascension_level":0,"is_trial":false}