{"gold_per_floor":[118,193,212,212,227,260,260,290,290,306,318,318,318],"floor_reached":13,"playtime":428,"items_purged":[],"score":181,"play_id":"e6be658d-156b-48de-9306-d44718957cc9","local_time":"20181213013447","is_ascension_mode":true,"campfire_choices":[{"data":"Sunder","floor":7.0,"key":"SMITH"},{"data":"Self Repair","floor":12,"key":"SMITH"}],"neow_cost":"NONE","seed_source_timestamp":0,"circlet_count":0,"master_deck":["AscendersBane","Strike_B","Strike_B","Strike_B","Strike_B","Defend_B","Defend_B","Defend_B","Defend_B","Zap","Dualcast","Sunder+1","Go for the Eyes","Redo","Steam","Stack","Beam Cell","Self Repair+1"],"special_seed":0,"relics":["Cracked Core","Vajra","Ornamental Fan","Bronze Scales"],"potions_floor_usage":[13],"damage_taken":[{"damage":3.0,"enemies":"2 Louse","floor":1.0,"turns":3.0},{"damage":7.0,"enemies":"Jaw Worm","floor":3.0,"turns":3.0},{"damage":0.0,"enemies":"Cultist","floor":5.0,"turns":3.0},{"damage":25.0,"enemies":"Lagavulin","floor":6.0,"turns":6.0},{"damage":22,"enemies":"3 Sentries","floor":8,"turns":6},{"damage":1,"enemies":"Large Slime","floor":10,"turns":5},{"damage":1,"enemies":"2 Fungi Beasts","floor":11,"turns":3},{"damage":11,"enemies":"Gremlin Gang","floor":13,"turns":2}],"seed_played":"-2390378983672726710","potions_obtained":[{"floor":1.0,"key":"FearPotion"},{"floor":6.0,"key":"Weak Potion"},{"floor":11,"key":"Strength Potion"}],"is_trial":false,"path_per_floor":["M","?","M","?","M","E","R","E","T","M","M","R","M"],"character_chosen":"DEFECT","items_purchased":[],"campfire_rested":0,"item_purchase_floors":[],"current_hp_per_floor":[68,57,50,55,55,30,30,8,8,7,6,6,0],"gold":318,"neow_bonus":"TEN_PERCENT_HP_BONUS","is_prod":false,"is_daily":false,"chose_seed":false,"campfire_upgraded":2,"win_rate":0,"timestamp":1544632487,"path_taken":["M","?","M","?","M","E","R","E","T","M","M","R","?"],"build_version":"2018-12-06","purchased_purges":0,"victory":false,"max_hp_per_floor":[78,78,78,83,83,83,83,83,83,83,83,83,83],"card_choices":[{"not_picked":["Conserve Battery","Steam"],"picked":"Sunder","floor":1.0},{"not_picked":["Cold Snap","Compile Driver"],"picked":"Go for the Eyes","floor":3.0},{"not_picked":["Darkness","Turbo"],"picked":"Redo","floor":5.0},{"not_picked":["Hologram","Chaos"],"picked":"Steam","floor":6.0},{"not_picked":["Tempest","Coolheaded"],"picked":"Stack","floor":8},{"not_picked":["Go for the Eyes","Compile Driver"],"picked":"Beam Cell","floor":10},{"not_picked":["Compile Driver","Stack"],"picked":"Self Repair","floor":11}],"player_experience":985308,"relics_obtained":[{"floor":6.0,"key":"Vajra"},{"floor":8,"key":"Ornamental Fan"},{"floor":9,"key":"Bronze Scales"}],"event_choices":[{"damage_healed":0.0,"max_hp_gain":0.0,"max_hp_loss":0.0,"gold_gain":75.0,"event_name":"World of Goop","player_choice":"Gather Gold","floor":2.0,"gold_loss":0.0,"damage_taken":11.0},{"damage_healed":0.0,"max_hp_gain":5.0,"max_hp_loss":0.0,"gold_gain":0.0,"event_name":"Big Fish","player_choice":"Donut","floor":4.0,"gold_loss":0.0,"damage_taken":0.0}],"is_beta":false,"boss_relics":[],"items_purged_floors":[],"is_endless":false,"potions_floor_spawned":[1,6,11],"killed_by":"Gremlin Gang","ascension_level":18}