{"gold_per_floor":[110,124,140,39,39,39,52,52,52,81,6,6,25,52,52,130,130,149,75,88,100,100,100,120,120,171,71,71,71,104,124,124,124],"floor_reached":33,"playtime":1216,"items_purged":["Perfected Strike","Writhe"],"score":481,"play_id":"0ed4596d-f6e7-4337-b263-25612a71dbcc","local_time":"20180712195209","is_ascension_mode":true,"campfire_choices":[{"data":"True Grit","floor":6,"key":"SMITH"},{"data":"True Grit","floor":8,"key":"SMITH"},{"data":"Clothesline","floor":12,"key":"SMITH"},{"data":"Disarm","floor":15,"key":"SMITH"},{"data":"Disarm","floor":23,"key":"SMITH"},{"floor":32,"key":"REST"}],"neow_cost":"NONE","seed_source_timestamp":239135538999347,"circlet_count":0,"master_deck":["Bash","AscendersBane","Shrug It Off","Clash+1","Clothesline+1","Headbutt","Thunderclap","Shrug It Off","True Grit+1","True Grit+1","Infernal Blade","Metallicize","Disarm+1","Offering","Dropkick+1","Shockwave+1","Double Tap+1","Disarm+1","Dropkick","Shrug It Off","Disarm","Evolve+1","Flame Barrier","Body Slam+1"],"relics":["Pandora\u0027s Box","Self Forming Clay","Anchor","Regal Pillow","Astrolabe","Prayer Wheel","Vajra","Strawberry","Frozen Egg 2"],"potions_floor_usage":[10,24,33,33],"damage_taken":[{"damage":9,"enemies":"Jaw Worm","floor":1,"turns":2},{"damage":0,"enemies":"2 Louse","floor":2,"turns":2},{"damage":0,"enemies":"Small Slimes","floor":3,"turns":2},{"damage":2,"enemies":"Looter","floor":7,"turns":3},{"damage":9,"enemies":"Gremlin Nob","floor":10,"turns":4},{"damage":0,"enemies":"Blue Slaver","floor":13,"turns":1},{"damage":6,"enemies":"Lagavulin","floor":14,"turns":5},{"damage":12,"enemies":"Hexaghost","floor":16,"turns":10},{"damage":7,"enemies":"Shell Parasite","floor":18,"turns":5},{"damage":6,"enemies":"Spheric Guardian","floor":20,"turns":3},{"damage":4,"enemies":"Cultist and Chosen","floor":21,"turns":7},{"damage":9,"enemies":"Sentry and Sphere","floor":24,"turns":7},{"damage":7,"enemies":"Book of Stabbing","floor":30,"turns":6},{"damage":4,"enemies":"3 Cultists","floor":31,"turns":5},{"damage":77,"enemies":"Champ","floor":33,"turns":12}],"seed_played":"1884362196468688008","potions_obtained":[{"floor":1,"key":"BloodPotion"},{"floor":7,"key":"GamblersBrew"},{"floor":10,"key":"EssenceOfSteel"},{"floor":24,"key":"LiquidBronze"}],"is_trial":false,"path_per_floor":["M","M","M","$","?","R","M","R","T","E","?","R","M","E","R","B",null,"M","$","M","M","?","R","M","?","T","$","T","$","E","M","R"],"character_chosen":"IRONCLAD","items_purchased":["True Grit","Dropkick"],"campfire_rested":1,"item_purchase_floors":[4,19],"current_hp_per_floor":[59,59,59,59,36,36,34,34,34,32,32,32,32,26,26,14,60,53,53,47,43,43,43,34,34,34,34,41,41,34,30,69,0],"gold":124,"neow_bonus":"BOSS_RELIC","is_prod":false,"is_daily":false,"chose_seed":false,"campfire_upgraded":5,"win_rate":0,"timestamp":1531450329,"path_taken":["M","M","M","$","?","R","M","R","T","E","?","R","M","E","R","BOSS","M","$","M","?","?","R","M","?","T","$","?","$","E","M","R","BOSS"],"build_version":"2018-07-12","purchased_purges":2,"victory":false,"max_hp_per_floor":[75,75,75,75,75,75,75,75,75,75,75,75,75,75,75,75,75,75,75,75,75,75,75,75,75,75,75,82,82,82,82,82,82],"card_choices":[{"not_picked":["Twin Strike","Cleave"],"picked":"Thunderclap","floor":2},{"not_picked":["Armaments","Feel No Pain"],"picked":"Shrug It Off","floor":3},{"not_picked":["Feel No Pain","Corruption"],"picked":"True Grit","floor":7},{"not_picked":["Cleave","Berserk"],"picked":"Infernal Blade","floor":10},{"not_picked":["Rupture","Second Wind"],"picked":"Metallicize","floor":13},{"not_picked":["Warcry","True Grit"],"picked":"Disarm","floor":14},{"not_picked":["Fiend Fire","Limit Break"],"picked":"Offering","floor":16},{"not_picked":["Flex","True Grit"],"picked":"Disarm","floor":18},{"not_picked":["Whirlwind","Combust"],"picked":"Shrug It Off","floor":20},{"not_picked":["Wild Strike","Armaments+1"],"picked":"Disarm","floor":21},{"not_picked":["Clothesline","Rampage"],"picked":"Evolve","floor":30},{"not_picked":["Blood for Blood","Battle Trance"],"picked":"Flame Barrier","floor":31},{"not_picked":["Twin Strike","Warcry"],"picked":"Body Slam+1","floor":31}],"player_experience":613191,"relics_obtained":[{"floor":9,"key":"Self Forming Clay"},{"floor":10,"key":"Anchor"},{"floor":14,"key":"Regal Pillow"},{"floor":26,"key":"Vajra"},{"floor":28,"key":"Strawberry"},{"floor":30,"key":"Frozen Egg 2"}],"event_choices":[{"event_name":"Shining Light","player_choice":"Entered Light","floor":5,"damage_taken":0},{"event_name":"The Cleric","player_choice":"Card Removal","floor":11,"damage_taken":0},{"event_name":"Vampires","player_choice":"Ignored","floor":22,"damage_taken":0},{"event_name":"The Mausoleum","player_choice":"Yes","floor":25,"damage_taken":0}],"boss_relics":[{"not_picked":["Philosopher\u0027s Stone","Runic Pyramid"],"picked":"Astrolabe"}],"items_purged_floors":[4,27],"is_endless":false,"potions_floor_spawned":[1,7,10,13,14,24],"killed_by":"Champ","ascension_level":15}