{"gold_per_floor":[113,131,131,131,142,142,203,219,246,246,246,246,275,287,287,358,358,377,377,391,72,82,82,113,113,113,140,140,166,166,9,9,9],"floor_reached":33,"playtime":708,"items_purged":[],"score":553,"play_id":"95338ce2-ac86-496b-b546-203f1e5ed012","local_time":"20180714161135","is_ascension_mode":true,"campfire_choices":[{"data":"Perfected Strike","floor":6.0,"key":"SMITH"},{"data":"Perfected Strike","floor":10.0,"key":"SMITH"},{"data":"Ghostly Armor","floor":12.0,"key":"SMITH"},{"data":"Immolate","floor":15,"key":"SMITH"},{"data":"Immolate","floor":23,"key":"SMITH"},{"data":"Metallicize","floor":30,"key":"SMITH"},{"floor":32,"key":"REST"}],"neow_cost":"","seed_source_timestamp":314307421860084,"circlet_count":0,"master_deck":["Strike_R+1","Strike_R","Strike_R","Strike_R","Strike_R","Defend_R","Defend_R","Defend_R","Defend_R","Bash","AscendersBane","True Grit+1","Ghostly Armor+1","Perfected Strike+1","Perfected Strike+1","Twin Strike","Immolate+1","Thunderclap","Immolate+1","Headbutt","Metallicize+1","Disarm","True Grit","Twin Strike+1","Dual Wield","Inflame+1","Metallicize","Limit Break"],"special_seed":0,"relics":["Burning Blood","Tiny Chest","Boot","Orichalcum","Sozu","ClockworkSouvenir","Strawberry","Bottled Flame","Torii","Omamori"],"potions_floor_usage":[33],"damage_taken":[{"damage":9.0,"enemies":"Jaw Worm","floor":1.0,"turns":4.0},{"damage":9.0,"enemies":"Small Slimes","floor":2.0,"turns":4.0},{"damage":0.0,"enemies":"Cultist","floor":5.0,"turns":4.0},{"damage":16.0,"enemies":"3 Sentries","floor":7.0,"turns":11.0},{"damage":7.0,"enemies":"Looter","floor":8.0,"turns":3.0},{"damage":0.0,"enemies":"Lagavulin","floor":13.0,"turns":3.0},{"damage":4,"enemies":"Blue Slaver","floor":14,"turns":3},{"damage":43,"enemies":"The Guardian","floor":16,"turns":8},{"damage":1,"enemies":"2 Thieves","floor":18,"turns":3},{"damage":12,"enemies":"3 Byrds","floor":20,"turns":3},{"damage":3,"enemies":"Cultist and Chosen","floor":22,"turns":4},{"damage":21,"enemies":"Gremlin Leader","floor":24,"turns":4},{"damage":14,"enemies":"Slavers","floor":27,"turns":3},{"damage":39,"enemies":"Champ","floor":33,"turns":8}],"seed_played":"-4311172567936432071","potions_obtained":[{"floor":2.0,"key":"SteroidPotion"},{"floor":5.0,"key":"Swift Potion"},{"floor":7.0,"key":"EntropicBrew"},{"floor":13,"key":"Ancient Potion"}],"is_trial":false,"path_per_floor":["M","M","?","?","M","R","E","M","T","R","?","R","E","M","R","B",null,"M","?","M","$","M","R","E","?","T","E","?","T","R","$","R"],"character_chosen":"IRONCLAD","items_purchased":["Disarm","True Grit","ClockworkSouvenir","Limit Break"],"campfire_rested":1,"item_purchase_floors":[21,21,21,31],"current_hp_per_floor":[65,62,67,43,49,49,39,38,38,38,38,38,44,46,46,9,62,67,67,61,61,64,64,56,56,56,48,48,48,48,48,74,35],"gold":9,"neow_bonus":"","is_prod":false,"is_daily":false,"chose_seed":false,"campfire_upgraded":6,"win_rate":0,"timestamp":1531609895,"path_taken":["M","M","?","?","M","R","E","M","T","R","?","R","E","M","R","BOSS","M","?","M","$","M","R","E","?","T","E","?","?","R","$","R","BOSS"],"build_version":"2018-07-13","purchased_purges":0,"victory":false,"max_hp_per_floor":[75,75,80,80,80,80,80,80,80,80,80,80,80,80,80,80,80,80,80,80,80,80,80,87,87,87,87,87,87,87,87,87,87],"card_choices":[{"not_picked":["Feel No Pain","Evolve"],"picked":"True Grit","floor":1.0},{"not_picked":["Clothesline","Thunderclap"],"picked":"Ghostly Armor","floor":2.0},{"not_picked":["Iron Wave","Twin Strike"],"picked":"Perfected Strike","floor":5.0},{"not_picked":["Shrug It Off","Intimidate"],"picked":"Perfected Strike","floor":7.0},{"not_picked":["Iron Wave","Heavy Blade"],"picked":"Twin Strike","floor":8.0},{"not_picked":["Wild Strike","Clothesline"],"picked":"Immolate","floor":13},{"not_picked":["Pommel Strike","Sever Soul"],"picked":"Thunderclap","floor":14},{"not_picked":["Barricade","Bludgeon"],"picked":"Immolate","floor":16},{"not_picked":["Rupture","Blood for Blood"],"picked":"Headbutt","floor":18},{"not_picked":["Dual Wield","Burning Pact"],"picked":"Metallicize","floor":20},{"not_picked":["Sword Boomerang","Searing Blow"],"picked":"Twin Strike+1","floor":22},{"not_picked":["Anger+1","True Grit"],"picked":"Dual Wield","floor":24},{"not_picked":["Thunderclap+1","Heavy Blade"],"picked":"Inflame+1","floor":27}],"player_experience":643271,"relics_obtained":[{"floor":7.0,"key":"Tiny Chest"},{"floor":9.0,"key":"Boot"},{"floor":13,"key":"Orichalcum"},{"floor":24,"key":"Strawberry"},{"floor":26,"key":"Bottled Flame"},{"floor":27,"key":"Torii"},{"floor":29,"key":"Omamori"}],"event_choices":[{"event_name":"Big Fish","player_choice":"Donut","floor":3.0,"damage_taken":0.0},{"event_name":"Shining Light","player_choice":"Entered Light","floor":4.0,"damage_taken":0.0},{"event_name":"Liars Game","player_choice":"disagreed","floor":11.0,"damage_taken":0.0},{"event_name":"Drug Dealer","player_choice":"Ignored","floor":19,"damage_taken":0},{"event_name":"Vampires","player_choice":"Ignored","floor":25,"damage_taken":0},{"event_name":"The Library","player_choice":"Read","floor":28,"damage_taken":0}],"boss_relics":[{"not_picked":["Tiny House","Astrolabe"],"picked":"Sozu"}],"items_purged_floors":[],"is_endless":false,"potions_floor_spawned":[2,5,7,13,22,24],"killed_by":"Champ","ascension_level":15}