{"gold_per_floor":[116,128,138,70,20,20,53,3,3,17,17,31,51,63,63,166,166,180,1,16,31,48,48,48],"floor_reached":24,"playtime":2002,"items_purged":[],"score":202,"play_id":"5a69b6a1-63a2-42c7-8af7-d78d6c510f3b","local_time":"20181215233150","is_ascension_mode":false,"campfire_choices":[{"data":"Reflex","floor":6,"key":"SMITH"},{"floor":11,"key":"REST"},{"data":"Tactician","floor":15,"key":"SMITH"},{"floor":23,"key":"REST"}],"neow_cost":"NONE","seed_source_timestamp":624131318854968,"circlet_count":0,"master_deck":["Neutralize","Die Die Die","Tools of the Trade","Burst","Prepared","Prepared","Riddle With Holes","Masterful Stab","Tactician+1","Expertise","Noxious Fumes","Deadly Poison","Reflex+1","Choke","Reflex","Cloak And Dagger","After Image","Crippling Poison","Storm of Steel","All Out Attack","Finisher","Underhanded Strike+1","Concentrate","Dagger Throw"],"relics":["Pandora\u0027s Box","Meat on the Bone","Ancient Tea Set","Matryoshka","Empty Cage","Vajra"],"potions_floor_usage":[12,13,16,20,21],"damage_taken":[{"damage":3,"enemies":"2 Louse","floor":1,"turns":2},{"damage":6,"enemies":"Small Slimes","floor":2,"turns":2},{"damage":0,"enemies":"Cultist","floor":3,"turns":2},{"damage":42,"enemies":"Gremlin Nob","floor":7,"turns":4},{"damage":0,"enemies":"Gremlin Gang","floor":10,"turns":2},{"damage":0,"enemies":"Red Slaver","floor":12,"turns":1},{"damage":3,"enemies":"Exordium Wildlife","floor":13,"turns":3},{"damage":0,"enemies":"Exordium Thugs","floor":14,"turns":3},{"damage":27,"enemies":"The Guardian","floor":16,"turns":7},{"damage":13,"enemies":"Chosen","floor":18,"turns":5},{"damage":6,"enemies":"Shell Parasite","floor":20,"turns":4},{"damage":29,"enemies":"Centurion and Healer","floor":21,"turns":7},{"damage":14,"enemies":"3 Cultists","floor":22,"turns":4},{"damage":54,"enemies":"Gremlin Leader","floor":24,"turns":4}],"seed_played":"5032967359599216412","potions_obtained":[{"floor":10,"key":"SteroidPotion"},{"floor":12,"key":"SteroidPotion"},{"floor":13,"key":"AttackPotion"},{"floor":18,"key":"Block Potion"},{"floor":20,"key":"PowerPotion"}],"is_trial":false,"path_per_floor":["M","M","M","$","?","R","E","?","T","M","R","M","M","M","R","B",null,"M","$","M","M","M","R","E"],"character_chosen":"THE_SILENT","items_purchased":["Reflex","Vajra","Finisher"],"campfire_rested":2,"item_purchase_floors":[4,19,19],"current_hp_per_floor":[67,61,61,61,61,61,19,19,19,31,52,52,49,49,49,34,70,57,57,51,34,32,53,0],"gold":48,"neow_bonus":"BOSS_RELIC","is_prod":false,"is_daily":false,"chose_seed":false,"campfire_upgraded":2,"win_rate":0.0,"timestamp":1544869910,"path_taken":["M","M","M","$","?","R","E","?","T","M","R","?","M","M","R","BOSS","M","$","?","M","M","R","E"],"build_version":"2018-12-13","purchased_purges":0,"victory":false,"max_hp_per_floor":[70,70,70,70,70,70,70,70,70,70,70,70,70,70,70,70,70,70,70,70,70,70,70,70],"card_choices":[{"not_picked":["Backflip","Quick Slash"],"picked":"Deadly Poison","floor":1},{"not_picked":["Blade Dance","PiercingWail"],"picked":"Reflex","floor":2},{"not_picked":["Flying Knee","Predator"],"picked":"Choke","floor":3},{"not_picked":["Caltrops","Well Laid Plans"],"picked":"Cloak And Dagger","floor":7},{"not_picked":["Skewer","Prepared"],"picked":"Eviscerate","floor":10},{"not_picked":["Quick Slash","Flechettes"],"picked":"After Image","floor":12},{"not_picked":["Choke","Quick Slash"],"picked":"Crippling Poison","floor":13},{"not_picked":["Slice","Prepared"],"picked":"Crippling Poison","floor":14},{"not_picked":["Unload","Tools of the Trade"],"picked":"Storm of Steel","floor":16},{"not_picked":["Eviscerate","Slice"],"picked":"All Out Attack","floor":18},{"not_picked":["All Out Attack","Bane"],"picked":"Underhanded Strike+1","floor":20},{"not_picked":["Quick Slash","Dodge and Roll"],"picked":"Concentrate","floor":21},{"not_picked":["Quick Slash","Backstab+1"],"picked":"Dagger Throw","floor":22}],"player_experience":460603,"relics_obtained":[{"floor":7,"key":"Meat on the Bone"},{"floor":9,"key":"Matryoshka"}],"event_choices":[{"cards_removed":["Survivor"],"damage_healed":0,"gold_gain":0,"player_choice":"Card Removal","damage_taken":0,"max_hp_gain":0,"max_hp_loss":0,"event_name":"The Cleric","floor":5,"gold_loss":50},{"damage_healed":0,"gold_gain":0,"player_choice":"Paid Gold","damage_taken":0,"relics_obtained":["Ancient Tea Set"],"max_hp_gain":0,"max_hp_loss":0,"event_name":"WeMeetAgain","floor":8,"gold_loss":50}],"is_beta":false,"boss_relics":[{"not_picked":["Coffee Dripper","Velvet Choker"],"picked":"Empty Cage"}],"items_purged_floors":[],"is_endless":false,"potions_floor_spawned":[10,12,13,18,20],"killed_by":"Gremlin Leader","ascension_level":0}