{"gold_per_floor":[364,289,114,129,129,129,140,172,172,172,202,118,118,136,136,213,213,233,245,245,245,257,290,310,310,337,349,361,385,432,462,474,560,572,603,635,43,59,69,69,103,122,122,137,137,171,171,189,189,189],"floor_reached":50,"playtime":3181,"items_purged":["Writhe"],"score":1233,"play_id":"6389d593-6167-4566-b1fa-f30ebdaba143","local_time":"20180914181450","is_ascension_mode":true,"campfire_choices":[{"data":"Zap","floor":6.0,"key":"SMITH"},{"floor":10.0,"key":"REST"},{"data":"Defragment","floor":13.0,"key":"SMITH"},{"data":"Defragment","floor":15.0,"key":"SMITH"},{"data":"Conserve Battery","floor":25.0,"key":"SMITH"},{"floor":28.0,"key":"REST"},{"data":"Glacier","floor":32.0,"key":"SMITH"},{"data":"Force Field","floor":40.0,"key":"SMITH"},{"data":"Defragment","floor":47.0,"key":"SMITH"},{"floor":49.0,"key":"REST"}],"neow_cost":"CURSE","seed_source_timestamp":338914535505,"circlet_count":0,"master_deck":["Defend_B+1","Defend_B+1","Defend_B+1","Defend_B+1","Zap+1","Dualcast","AscendersBane","FTL","Core Surge","Ball Lightning","Sweeping Beam","Defragment+1","Conserve Battery+1","Defragment+1","Cold Snap","Electrodynamics","Sunder+1","Consume+1","Steam+1","Stack","Undo+1","All For One","Ball Lightning","Glacier+1","Echo Form","Chill+1","Darkness+1","Stack","Force Field+1","Coolheaded","Go for the Eyes+1","Defragment+1","Coolheaded+1"],"special_seed":0,"relics":["Cracked Core","Sundial","Boot","Mummified Hand","Meat on the Bone","Astrolabe","Kunai","Cables","MawBank","Thread and Needle","Mango","Philosopher\u0027s Stone","War Paint","Calipers","Blue Candle","DataDisk","PreservedInsect"],"potions_floor_usage":[50],"damage_taken":[{"damage":14.0,"enemies":"Jaw Worm","floor":1.0,"turns":4.0},{"damage":3.0,"enemies":"2 Louse","floor":4.0,"turns":2.0},{"damage":8.0,"enemies":"Small Slimes","floor":7.0,"turns":2.0},{"damage":10.0,"enemies":"Lagavulin","floor":8.0,"turns":5.0},{"damage":8.0,"enemies":"Gremlin Nob","floor":11.0,"turns":3.0},{"damage":8.0,"enemies":"Blue Slaver","floor":14.0,"turns":2.0},{"damage":9.0,"enemies":"The Guardian","floor":16.0,"turns":10.0},{"damage":0.0,"enemies":"Chosen","floor":18.0,"turns":3.0},{"damage":7.0,"enemies":"Spheric Guardian","floor":19.0,"turns":4.0},{"damage":22.0,"enemies":"Shelled Parasite and Fungi","floor":22.0,"turns":5.0},{"damage":34.0,"enemies":"Slavers","floor":23.0,"turns":2.0},{"damage":8.0,"enemies":"Centurion and Healer","floor":24.0,"turns":6.0},{"damage":2.0,"enemies":"Snecko","floor":29.0,"turns":4.0},{"damage":26.0,"enemies":"Book of Stabbing","floor":30.0,"turns":4.0},{"damage":9.0,"enemies":"Shelled Parasite and Fungi","floor":31.0,"turns":5.0},{"damage":28.0,"enemies":"Automaton","floor":33.0,"turns":10.0},{"damage":1.0,"enemies":"Orb Walker","floor":35.0,"turns":3.0},{"damage":21.0,"enemies":"3 Darklings","floor":36.0,"turns":5.0},{"damage":0.0,"enemies":"4 Shapes","floor":38.0,"turns":5.0},{"damage":9.0,"enemies":"Maw","floor":39.0,"turns":7.0},{"damage":0.0,"enemies":"Nemesis","floor":41.0,"turns":6.0},{"damage":1.0,"enemies":"Transient","floor":42.0,"turns":6.0},{"damage":0.0,"enemies":"Sphere and 2 Shapes","floor":44.0,"turns":4.0},{"damage":0.0,"enemies":"2 Orb Walkers","floor":46.0,"turns":3.0},{"damage":16.0,"enemies":"Spire Growth","floor":48.0,"turns":5.0},{"damage":69,"enemies":"Awakened One","floor":50,"turns":6}],"seed_played":"1516852219039756181","potions_obtained":[{"floor":1.0,"key":"SteroidPotion"},{"floor":7.0,"key":"Fire Potion"},{"floor":8.0,"key":"FearPotion"},{"floor":14.0,"key":"FocusPotion"},{"floor":22.0,"key":"SkillPotion"},{"floor":23.0,"key":"SneckoOil"},{"floor":30.0,"key":"Poison Potion"},{"floor":31.0,"key":"Fire Potion"},{"floor":39.0,"key":"SkillPotion"},{"floor":44.0,"key":"SpeedPotion"}],"is_trial":false,"path_per_floor":["M","?","$","M","?","R","M","E","T","R","E","$","R","M","R","B",null,"M","M","?","?","M","E","M","R","T","?","R","M","E","M","R","B",null,"M","M","$","M","M","R","E","M","T","M","?","E","R","M","R"],"character_chosen":"DEFECT","items_purchased":["Core Surge","Defragment","War Paint","Calipers"],"campfire_rested":3,"item_purchase_floors":[3,12,37,37],"current_hp_per_floor":[50,50,50,47,36,36,28,18,18,38,30,30,30,34,34,37,60,60,53,53,53,43,21,25,25,25,25,45,43,43,46,46,30,69,68,47,47,47,50,50,50,49,49,49,49,49,49,45,69,0],"gold":189,"neow_bonus":"TWO_FIFTY_GOLD","is_prod":false,"is_daily":false,"chose_seed":false,"campfire_upgraded":7,"win_rate":0,"timestamp":1536941690,"path_taken":["M","?","$","M","?","R","M","E","T","R","E","?","R","M","R","BOSS","M","M","?","?","M","E","?","R","T","?","R","?","E","M","R","BOSS","M","M","$","M","?","R","E","M","T","M","?","E","R","M","R","BOSS"],"build_version":"2018-09-06","purchased_purges":1,"victory":false,"max_hp_per_floor":[71,68,68,68,68,68,68,68,68,68,68,68,68,68,68,68,68,68,68,68,68,68,68,68,68,68,68,68,68,82,82,82,82,82,82,82,82,82,82,82,82,82,82,82,82,82,82,82,82,82],"card_choices":[{"not_picked":["Recycle","Streamline"],"picked":"FTL","floor":1.0},{"not_picked":["Force Field","Stack"],"picked":"Ball Lightning","floor":4.0},{"not_picked":["Turbo","Gash"],"picked":"Sweeping Beam","floor":7.0},{"not_picked":["Coolheaded","BootSequence"],"picked":"Defragment","floor":8.0},{"not_picked":["Hologram","Barrage"],"picked":"Conserve Battery","floor":11.0},{"not_picked":["Auto Shields","Leap"],"picked":"Cold Snap","floor":14.0},{"not_picked":["Hyperbeam","Rainbow"],"picked":"Electrodynamics","floor":16.0},{"not_picked":["Consume","Compile Driver"],"picked":"Stack","floor":18.0},{"not_picked":["Redo","Reinforced Body","Conserve Battery"],"picked":"SKIP","floor":19.0},{"not_picked":["Blizzard","Gash"],"picked":"Undo","floor":22.0},{"not_picked":["Chill","Recycle"],"picked":"All For One","floor":23.0},{"not_picked":["Sweeping Beam","Conserve Battery"],"picked":"Ball Lightning","floor":24.0},{"not_picked":["Steam","Rebound","Conserve Battery"],"picked":"SKIP","floor":29.0},{"not_picked":["Core Surge","Turbo"],"picked":"Glacier","floor":30.0},{"not_picked":["Ball Lightning","Steam Power","Sweeping Beam"],"picked":"SKIP","floor":31.0},{"not_picked":["Multi-Cast","Hyperbeam"],"picked":"Echo Form","floor":33.0},{"not_picked":["Cold Snap","Genetic Algorithm"],"picked":"Chill","floor":35.0},{"not_picked":["Chaos","FTL"],"picked":"Darkness+1","floor":36.0},{"not_picked":["Leap","Lockon"],"picked":"Stack","floor":38.0},{"not_picked":["Double Energy+1","Ball Lightning+1"],"picked":"Force Field","floor":39.0},{"not_picked":["Scrape+1","Ball Lightning+1","Conserve Battery"],"picked":"SKIP","floor":41.0},{"not_picked":["Turbo","Barrage"],"picked":"Coolheaded","floor":42.0},{"not_picked":["Leap","Reinforced Body"],"picked":"Go for the Eyes+1","floor":44.0},{"not_picked":["Thunder Strike","Amplify"],"picked":"Defragment","floor":46.0},{"not_picked":["Sweeping Beam","Hologram"],"picked":"Coolheaded+1","floor":48.0}],"player_experience":986214,"relics_obtained":[{"floor":8.0,"key":"Boot"},{"floor":9.0,"key":"Mummified Hand"},{"floor":11.0,"key":"Meat on the Bone"},{"floor":23.0,"key":"Cables"},{"floor":26.0,"key":"MawBank"},{"floor":30.0,"key":"Mango"},{"floor":41.0,"key":"Blue Candle"},{"floor":43.0,"key":"DataDisk"},{"floor":46.0,"key":"PreservedInsect"}],"event_choices":[{"event_name":"The Cleric","player_choice":"Card Removal","floor":2.0,"damage_taken":0.0},{"event_name":"Scrap Ooze","player_choice":"success","floor":5.0,"damage_taken":11.0},{"event_name":"The Mausoleum","player_choice":"Yes","floor":20.0,"damage_taken":0.0},{"event_name":"Back to Basics","player_choice":"Simplicity","floor":21.0,"damage_taken":0.0},{"event_name":"WeMeetAgain","player_choice":"Potion","floor":27.0,"damage_taken":0.0},{"event_name":"Falling","player_choice":"Removed Attack","floor":45.0,"damage_taken":0.0}],"is_beta":false,"boss_relics":[{"not_picked":["Velvet Choker","Tiny House"],"picked":"Astrolabe"},{"not_picked":["White Beast Statue","Busted Crown"],"picked":"Philosopher\u0027s Stone"}],"items_purged_floors":[37],"is_endless":false,"potions_floor_spawned":[1,7,8,14,22,23,30,31,39,41,44],"killed_by":"Awakened One","ascension_level":20}