{"gold_per_floor":[114,114,189,201,151,151,76,76,101,115,140,140,140,16,16,139,139,159,44,44,44,63,63,96,96,96,124,51,67,33,133,133,234,234,246,262,262,105,105,105,132,142,169,169,129,139,55,86,86,86,86,86,36,36],"floor_reached":54,"playtime":3040,"items_purged":["Strike_G","Strike_G"],"score":1213,"play_id":"9d834010-4313-47f1-9a28-1b0ed925c8e6","local_time":"20190127054459","is_ascension_mode":true,"campfire_choices":[{"data":"Neutralize","floor":6,"key":"SMITH"},{"data":"Bouncing Flask","floor":8,"key":"SMITH"},{"data":"Noxious Fumes","floor":13,"key":"SMITH"},{"data":"Dash","floor":15,"key":"SMITH"},{"floor":23,"key":"RECALL"},{"floor":25,"key":"REST"},{"floor":32,"key":"REST"},{"floor":40,"key":"REST"},{"floor":49,"key":"REST"},{"floor":52,"key":"REST"}],"neow_cost":"NONE","seed_source_timestamp":567811133111308,"circlet_count":0,"master_deck":["AscendersBane","Defend_G+1","Defend_G","Defend_G","Survivor","Neutralize+1","Dash+1","Endless Agony","Noxious Fumes+1","Bouncing Flask+1","Poisoned Stab","Riddle With Holes+1","Acrobatics","Glass Knife","Sucker Punch+1","Footwork","Leg Sweep","Bane+1","Calculated Gamble","Cloak And Dagger+1","Venomology","Cloak And Dagger","Footwork","Bane+1","Die Die Die","Dodge and Roll+1","Noxious Fumes+1","Endless Agony+1","Bouncing Flask+1","Madness","Madness","Cloak And Dagger","Purity","Envenom","PiercingWail"],"relics":["Ring of the Snake","Pen Nib","Meat on the Bone","Bloody Idol","Fusion Hammer","MutagenicStrength","Kunai","Dead Branch","Blood Vial","Pocketwatch","Ornamental Fan","Empty Cage","Bag of Preparation","Tingsha","Bottled Tornado"],"potions_floor_usage":[22,24,31,31,31,31,33,37,42,46,48,50,50,50],"damage_taken":[{"damage":0,"enemies":"2 Louse","floor":1,"turns":3},{"damage":0,"enemies":"Jaw Worm","floor":4,"turns":4},{"damage":0,"enemies":"Small Slimes","floor":10,"turns":3},{"damage":12,"enemies":"Gremlin Nob","floor":11,"turns":4},{"damage":28,"enemies":"Slime Boss","floor":16,"turns":7},{"damage":0,"enemies":"Chosen","floor":18,"turns":3},{"damage":0,"enemies":"3 Byrds","floor":22,"turns":4},{"damage":21,"enemies":"Slavers","floor":24,"turns":6},{"damage":27,"enemies":"Book of Stabbing","floor":27,"turns":5},{"damage":0,"enemies":"Centurion and Healer","floor":29,"turns":6},{"damage":0,"enemies":"Colosseum Slavers","floor":31,"turns":3},{"damage":0,"enemies":"Colosseum Nobs","floor":31,"turns":3},{"damage":45,"enemies":"Collector","floor":33,"turns":8},{"damage":0,"enemies":"Orb Walker","floor":35,"turns":2},{"damage":0,"enemies":"3 Darklings","floor":36,"turns":5},{"damage":0,"enemies":"4 Shapes","floor":37,"turns":1},{"damage":2,"enemies":"Nemesis","floor":41,"turns":7},{"damage":6,"enemies":"Spire Growth","floor":42,"turns":5},{"damage":0,"enemies":"3 Darklings","floor":46,"turns":1},{"damage":0,"enemies":"Reptomancer","floor":48,"turns":5},{"damage":11,"enemies":"Donu and Deca","floor":50,"turns":8},{"damage":67,"enemies":"Shield and Spear","floor":54,"turns":6}],"seed_played":"-1664406791314392689","potions_obtained":[{"floor":16,"key":"Block Potion"},{"floor":22,"key":"Explosive Potion"},{"floor":29,"key":"Ancient Potion"},{"floor":35,"key":"Weak Potion"},{"floor":46,"key":"SkillPotion"}],"is_trial":false,"path_per_floor":["M","?","?","M","?","R","$","R","T","M","E","?","R","$","R","B",null,"M","$","?","?","M","R","E","R","T","E","$","M","$","?","R","B",null,"M","M","M","$","?","R","E","M","T","?","?","M","$","E","R","B",null,"R","$","E"],"character_chosen":"THE_SILENT","items_purchased":["Acrobatics","Footwork","Leg Sweep","Venomology","Footwork","Bag of Preparation","Purity","PiercingWail"],"campfire_rested":5,"item_purchase_floors":[14,19,19,28,30,38,47,53],"current_hp_per_floor":[63,63,52,52,52,52,52,52,52,52,40,40,40,40,40,24,55,55,55,55,55,60,60,44,63,63,41,41,48,48,57,65,37,58,65,65,65,65,65,65,65,65,65,57,57,64,64,65,65,54,62,65,65,0],"gold":36,"neow_bonus":"TRANSFORM_CARD","is_prod":false,"is_daily":false,"chose_seed":false,"campfire_upgraded":4,"win_rate":0,"timestamp":1548564299,"path_taken":["M","?","?","M","?","R","$","R","T","M","E","?","R","?","R","BOSS","M","$","?","?","M","R","E","R","T","E","?","?","?","?","R","BOSS","M","M","M","$","?","R","E","?","T","?","?","?","$","E","R","BOSS","R","$","E"],"build_version":"2019-01-23","purchased_purges":2,"victory":false,"max_hp_per_floor":[70,70,70,70,70,70,70,70,70,70,70,65,65,65,65,65,65,65,65,65,65,65,65,65,65,65,65,65,65,65,65,65,65,65,65,65,65,65,65,65,65,65,65,65,65,65,65,65,65,65,65,65,65,65],"card_choices":[{"not_picked":["Slice","Outmaneuver"],"picked":"Endless Agony","floor":1},{"not_picked":["Backflip","Dodge and Roll"],"picked":"Bouncing Flask","floor":4},{"not_picked":["Quick Slash","Bane"],"picked":"Poisoned Stab","floor":10},{"not_picked":["Choke","Deflect"],"picked":"Riddle With Holes","floor":11},{"not_picked":["Grand Finale","Storm of Steel"],"picked":"Glass Knife","floor":16},{"not_picked":["Cloak And Dagger","Quick Slash"],"picked":"Sucker Punch+1","floor":18},{"not_picked":["Choke","Backflip"],"picked":"Bane+1","floor":22},{"not_picked":["Dodge and Roll","Phantasmal Killer"],"picked":"Calculated Gamble","floor":24},{"not_picked":["Flechettes","Prepared"],"picked":"Cloak And Dagger+1","floor":27},{"not_picked":["Prepared","Expertise"],"picked":"Cloak And Dagger","floor":29},{"not_picked":["Noxious Fumes","Dodge and Roll"],"picked":"Bane+1","floor":31},{"not_picked":["Phantasmal Killer","Bullet Time"],"picked":"Die Die Die","floor":33},{"not_picked":["Tactician","Flying Knee"],"picked":"Dodge and Roll+1","floor":35},{"not_picked":["Sucker Punch","Deflect","Crippling Poison"],"picked":"SKIP","floor":36},{"not_picked":["Blade Dance+1","Leg Sweep"],"picked":"Endless Agony+1","floor":41},{"not_picked":["Masterful Stab","Dash"],"picked":"Bouncing Flask+1","floor":42},{"not_picked":["Sucker Punch","Riddle With Holes"],"picked":"Cloak And Dagger","floor":46},{"not_picked":["All Out Attack+1","Tactician"],"picked":"Envenom","floor":48}],"player_experience":356579,"relics_obtained":[{"floor":9,"key":"Pen Nib"},{"floor":11,"key":"Meat on the Bone"},{"floor":24,"key":"Kunai"},{"floor":26,"key":"Dead Branch"},{"floor":27,"key":"Blood Vial"},{"floor":31,"key":"Pocketwatch"},{"floor":31,"key":"Ornamental Fan"},{"floor":41,"key":"Tingsha"},{"floor":48,"key":"Bottled Tornado"}],"event_choices":[{"damage_healed":0,"gold_gain":0,"cards_transformed":["Strike_G"],"player_choice":"Change","damage_taken":0,"max_hp_gain":0,"max_hp_loss":0,"event_name":"Living Wall","floor":2,"gold_loss":0,"cards_obtained":["Noxious Fumes"]},{"damage_healed":0,"gold_gain":75,"player_choice":"Gather Gold","damage_taken":11,"max_hp_gain":0,"max_hp_loss":0,"event_name":"World of Goop","floor":3,"gold_loss":0},{"cards_removed":["Strike_G"],"damage_healed":0,"gold_gain":0,"player_choice":"Card Removal","damage_taken":0,"max_hp_gain":0,"max_hp_loss":0,"event_name":"The Cleric","floor":5,"gold_loss":50},{"damage_healed":0,"gold_gain":0,"player_choice":"Lose Max HP","damage_taken":0,"relics_obtained":["Golden Idol"],"max_hp_gain":0,"max_hp_loss":5,"event_name":"Golden Idol","floor":12,"gold_loss":0},{"damage_healed":0,"gold_gain":0,"player_choice":"Gave Idol","damage_taken":0,"relics_obtained":["Bloody Idol"],"max_hp_gain":0,"max_hp_loss":0,"event_name":"Forgotten Altar","floor":20,"relics_lost":["Golden Idol"],"gold_loss":0},{"damage_healed":0,"gold_gain":0,"player_choice":"Inject Mutagens","damage_taken":0,"relics_obtained":["MutagenicStrength"],"max_hp_gain":0,"max_hp_loss":0,"event_name":"Drug Dealer","floor":21,"gold_loss":0},{"damage_healed":0,"gold_gain":0,"player_choice":"Fight","damage_taken":0,"max_hp_gain":0,"max_hp_loss":0,"event_name":"Colosseum","floor":31,"gold_loss":0},{"damage_healed":0,"gold_gain":0,"player_choice":"Fought Nobs","damage_taken":0,"max_hp_gain":0,"max_hp_loss":0,"event_name":"Colosseum","floor":31,"gold_loss":0},{"damage_healed":0,"gold_gain":0,"player_choice":"Copied","damage_taken":0,"max_hp_gain":0,"max_hp_loss":0,"event_name":"Duplicator","floor":39,"gold_loss":0,"cards_obtained":["Noxious Fumes"]},{"damage_healed":0,"gold_gain":0,"player_choice":"Embrace Madness","damage_taken":8,"max_hp_gain":0,"max_hp_loss":0,"event_name":"Winding Halls","floor":44,"gold_loss":0,"cards_obtained":["Madness","Madness"]},{"damage_healed":0,"gold_gain":0,"player_choice":"Upgraded Two","damage_taken":0,"max_hp_gain":0,"max_hp_loss":0,"event_name":"Designer","floor":45,"gold_loss":40,"cards_upgraded":["Defend_G","Riddle With Holes"]}],"is_beta":false,"boss_relics":[{"not_picked":["Busted Crown","White Beast Statue"],"picked":"Fusion Hammer"},{"not_picked":["Orrery","Eternal Feather"],"picked":"Empty Cage"}],"items_purged_floors":[7,14],"is_endless":false,"potions_floor_spawned":[16,22,29,31,35,41,42,46],"killed_by":"Shield and Spear","ascension_level":12}