{"gold_per_floor":[113,113,30,44,56,56,6,16,16,16,45,58,58,33,33,106,106,126,46,66,83,83,83,83,118,186,186,201,201,214,60,60,60],"floor_reached":33,"playtime":1164,"items_purged":["Normality"],"score":437,"play_id":"110fb010-1a7d-4875-b772-209109adc909","local_time":"20181007184032","is_ascension_mode":true,"campfire_choices":[{"data":"Rip and Tear","floor":6,"key":"SMITH"},{"data":"Go for the Eyes","floor":10,"key":"SMITH"},{"data":"Zap","floor":13,"key":"SMITH"},{"floor":15,"key":"REST"},{"floor":23,"key":"REST"},{"data":"Defragment","floor":24,"key":"SMITH"},{"floor":27,"key":"REST"},{"floor":32,"key":"REST"}],"neow_cost":"NONE","seed_source_timestamp":25803275933263,"circlet_count":0,"master_deck":["Strike_B","Strike_B","Strike_B","Defend_B","Defend_B","Defend_B","Defend_B","Zap+1","Dualcast","AscendersBane","Gash","Go for the Eyes+1","Melter","Rip and Tear+1","Cold Snap","Coolheaded","Cold Snap","Seek","Coolheaded","Buffer","Leap","FTL","Defragment+1","Gash","Gash+1","BootSequence+1","Decay","Coolheaded","Defragment"],"relics":["Cracked Core","Orichalcum","Bottled Flame","WingedGreaves","Cursed Key","PreservedInsect","Kunai"],"potions_floor_usage":[11,33,33],"damage_taken":[{"damage":7,"enemies":"Jaw Worm","floor":1,"turns":3},{"damage":0,"enemies":"Cultist","floor":4,"turns":3},{"damage":0,"enemies":"Small Slimes","floor":5,"turns":2},{"damage":0,"enemies":"Exordium Wildlife","floor":8,"turns":2},{"damage":12,"enemies":"Lagavulin","floor":11,"turns":4},{"damage":8,"enemies":"Red Slaver","floor":12,"turns":2},{"damage":31,"enemies":"Hexaghost","floor":16,"turns":13},{"damage":0,"enemies":"Spheric Guardian","floor":18,"turns":1},{"damage":7,"enemies":"Chosen","floor":20,"turns":5},{"damage":18,"enemies":"Shelled Parasite and Fungi","floor":21,"turns":6},{"damage":51,"enemies":"Slavers","floor":25,"turns":9},{"damage":7,"enemies":"Snake Plant","floor":28,"turns":6},{"damage":4,"enemies":"Snecko","floor":30,"turns":9},{"damage":63,"enemies":"Automaton","floor":33,"turns":14}],"seed_played":"1603464372701499855","potions_obtained":[{"floor":4,"key":"Poison Potion"},{"floor":5,"key":"Dexterity Potion"},{"floor":16,"key":"SpeedPotion"},{"floor":30,"key":"Regen Potion"}],"is_trial":false,"path_per_floor":["M","?","$","M","M","R","$","M","T","R","E","M","R","$","R","B",null,"M","$","M","M","?","R","R","E","T","R","M","?","M","$","R"],"character_chosen":"DEFECT","items_purchased":["Go for the Eyes","Melter","Coolheaded","Coolheaded","FTL","Defragment"],"campfire_rested":4,"item_purchase_floors":[3,3,7,14,19,31],"current_hp_per_floor":[61,61,61,61,61,61,61,61,61,61,49,41,41,41,63,32,64,64,64,57,39,39,61,61,10,10,32,25,25,21,21,43,0],"gold":60,"neow_bonus":"RANDOM_COMMON_RELIC","is_prod":false,"is_daily":false,"chose_seed":false,"campfire_upgraded":4,"win_rate":0,"timestamp":1538930432,"path_taken":["M","?","$","M","M","R","?","?","T","R","E","?","R","$","R","BOSS","M","$","M","M","?","R","R","E","T","R","?","?","M","$","R","BOSS"],"build_version":"2018-10-04v2","purchased_purges":1,"victory":false,"max_hp_per_floor":[75,75,75,75,75,75,75,75,75,75,75,75,75,75,75,75,75,75,75,75,75,75,75,75,75,75,75,75,75,75,75,75,75],"card_choices":[{"not_picked":["Barrage","Skim"],"picked":"Gash","floor":1},{"not_picked":["Doom and Gloom","Stack"],"picked":"Rip and Tear","floor":4},{"not_picked":["Sweeping Beam","Rip and Tear"],"picked":"Cold Snap","floor":5},{"not_picked":["White Noise","Sunder"],"picked":"Cold Snap","floor":8},{"not_picked":["Fusion","Go for the Eyes","Genetic Algorithm"],"picked":"SKIP","floor":11},{"not_picked":["Rebound","Loop"],"picked":"Seek","floor":12},{"not_picked":["Amplify","Fission"],"picked":"Buffer","floor":16},{"not_picked":["Double Energy","Sweeping Beam"],"picked":"Leap","floor":18},{"not_picked":["Steam","Stack+1"],"picked":"Defragment","floor":20},{"not_picked":["Leap+1","Rip and Tear"],"picked":"Gash","floor":21},{"not_picked":["Glacier","Skim"],"picked":"Gash+1","floor":25},{"not_picked":["Leap","Sweeping Beam"],"picked":"BootSequence+1","floor":28},{"not_picked":["Rebound","Doom and Gloom"],"picked":"Coolheaded","floor":30}],"player_experience":889408,"relics_obtained":[{"floor":9,"key":"Bottled Flame"},{"floor":11,"key":"WingedGreaves"},{"floor":25,"key":"PreservedInsect"},{"floor":26,"key":"Kunai"}],"event_choices":[{"event_name":"Bonfire Elementals","player_choice":"BASIC","floor":2,"damage_taken":0},{"event_name":"Vampires","player_choice":"Ignored","floor":22,"damage_taken":0},{"event_name":"Forgotten Altar","player_choice":"Smashed Altar","floor":29,"damage_taken":0}],"is_beta":false,"boss_relics":[{"not_picked":["Orrery","Velvet Choker"],"picked":"Cursed Key"}],"items_purged_floors":[31],"is_endless":false,"potions_floor_spawned":[4,5,8,16,20,25,30],"killed_by":"Automaton","ascension_level":13}