{"gold_per_floor":[113,63,82,97,97,97,8,8,8,8,19,39,54,71,71,175,175,194,220,220,235,246,246,278,278,303,320,67,82,82,82,82,82],"floor_reached":33,"playtime":2033,"items_purged":["Strike_G+1"],"score":284,"play_id":"f1089948-0dfe-4989-81b4-d094592a9ad0","local_time":"20181020125754","is_ascension_mode":false,"campfire_choices":[{"data":"Neutralize","floor":6,"key":"SMITH"},{"floor":8,"key":"REST"},{"data":"Madness","floor":10,"key":"SMITH"},{"floor":15,"key":"REST"},{"floor":23,"key":"REST"},{"floor":25,"key":"REST"},{"floor":30,"key":"REST"},{"floor":32,"key":"REST"}],"neow_cost":"NONE","seed_source_timestamp":759603240665108,"circlet_count":0,"master_deck":["Defend_G+1","Defend_G+1","Defend_G","Defend_G","Strike_G","Strike_G","Strike_G","Strike_G","Survivor","Neutralize+1","Terror","Escape Plan","Madness+1","Bouncing Flask","Poisoned Stab","Bouncing Flask","PiercingWail","Burst+1","Quick Slash","Sucker Punch+1","Phantasmal Killer","Catalyst","Bouncing Flask","HandOfGreed+1","Backflip","Slice"],"relics":["Ring of the Serpent","Paper Crane","War Paint","Letter Opener","Dream Catcher","Happy Flower"],"potions_floor_usage":[12,12,12,14,16,16,22,27,29,33],"damage_taken":[{"damage":5,"enemies":"Small Slimes","floor":1,"turns":4},{"damage":1,"enemies":"Cultist","floor":3,"turns":3},{"damage":5,"enemies":"Jaw Worm","floor":4,"turns":3},{"damage":7,"enemies":"Blue Slaver","floor":11,"turns":3},{"damage":4,"enemies":"Exordium Thugs","floor":12,"turns":4},{"damage":6,"enemies":"Exordium Wildlife","floor":13,"turns":3},{"damage":5,"enemies":"Red Slaver","floor":14,"turns":2},{"damage":57,"enemies":"Slime Boss","floor":16,"turns":12},{"damage":14,"enemies":"3 Byrds","floor":18,"turns":6},{"damage":6,"enemies":"Chosen","floor":21,"turns":4},{"damage":20,"enemies":"Centurion and Healer","floor":22,"turns":6},{"damage":21,"enemies":"Book of Stabbing","floor":24,"turns":5},{"damage":33,"enemies":"Cultist and Chosen","floor":27,"turns":6},{"damage":14,"enemies":"Snake Plant","floor":29,"turns":3},{"damage":59,"enemies":"Collector","floor":33,"turns":6}],"seed_played":"-8104302886903943880","potions_obtained":[{"floor":0,"key":"Weak Potion"},{"floor":0,"key":"LiquidBronze"},{"floor":0,"key":"EntropicBrew"},{"floor":13,"key":"AttackPotion"},{"floor":18,"key":"PowerPotion"},{"floor":22,"key":"Explosive Potion"},{"floor":24,"key":"Ancient Potion"},{"floor":27,"key":"EssenceOfSteel"}],"is_trial":false,"path_per_floor":["M","?","M","M","?","R","$","R","T","R","M","M","M","M","R","B",null,"M","T","?","M","M","R","E","R","T","M","$","M","R","?","R"],"character_chosen":"THE_SILENT","items_purchased":["Madness","HandOfGreed"],"campfire_rested":6,"item_purchase_floors":[7,28],"current_hp_per_floor":[65,65,64,59,45,45,45,66,66,66,59,55,49,44,65,8,70,56,56,56,50,30,51,30,51,51,18,18,4,25,25,46,0],"gold":82,"neow_bonus":"THREE_SMALL_POTIONS","is_prod":false,"is_daily":false,"chose_seed":false,"campfire_upgraded":2,"win_rate":0.0,"timestamp":1539993474,"path_taken":["M","?","?","M","?","R","?","R","T","R","M","M","M","M","R","BOSS","M","?","?","M","M","R","E","R","T","M","$","M","R","?","R","BOSS"],"build_version":"2018-10-18","purchased_purges":1,"victory":false,"max_hp_per_floor":[70,70,70,70,70,70,70,70,70,70,70,70,70,70,70,70,70,70,70,70,70,70,70,70,70,70,70,70,70,70,70,70,70],"card_choices":[{"not_picked":["Acrobatics","Flying Knee"],"picked":"Terror","floor":1},{"not_picked":["Deflect","Backflip"],"picked":"Escape Plan","floor":3},{"not_picked":["Predator","Footwork","Cloak And Dagger"],"picked":"SKIP","floor":4},{"not_picked":["Quick Slash","Dagger Spray"],"picked":"Bouncing Flask","floor":11},{"not_picked":["Backflip","Backstab"],"picked":"Poisoned Stab","floor":12},{"not_picked":["Riddle With Holes","Catalyst"],"picked":"Bouncing Flask","floor":13},{"not_picked":["Outmaneuver","Venomology"],"picked":"PiercingWail","floor":14},{"not_picked":["Doppelganger","Phantasmal Killer"],"picked":"Burst","floor":16},{"not_picked":["Blade Dance","Underhanded Strike+1"],"picked":"Quick Slash","floor":18},{"not_picked":["Dodge and Roll","Cloak And Dagger"],"picked":"Sucker Punch+1","floor":21},{"not_picked":["Riddle With Holes","Skewer"],"picked":"Phantasmal Killer","floor":22},{"not_picked":["Masterful Stab","Accuracy"],"picked":"Catalyst","floor":24},{"not_picked":["Deadly Poison","Bane"],"picked":"Bouncing Flask","floor":27},{"not_picked":["Well Laid Plans+1","Blade Dance"],"picked":"Backflip","floor":29},{"not_picked":["Flying Knee","Underhanded Strike"],"picked":"Slice","floor":30}],"player_experience":115463,"relics_obtained":[{"floor":9,"key":"Paper Crane"},{"floor":19,"key":"War Paint"},{"floor":24,"key":"Dream Catcher"},{"floor":26,"key":"Happy Flower"}],"event_choices":[{"cards_removed":["Defend_G"],"damage_healed":0,"gold_gain":0,"player_choice":"Card Removal","damage_taken":0,"max_hp_gain":0,"max_hp_loss":0,"event_name":"The Cleric","floor":2,"gold_loss":50},{"damage_healed":0,"gold_gain":0,"player_choice":"Entered Light","damage_taken":14,"max_hp_gain":0,"max_hp_loss":0,"event_name":"Shining Light","floor":5,"gold_loss":0,"cards_upgraded":["Strike_G","Defend_G"]},{"damage_healed":0,"gold_gain":0,"player_choice":"Opened","damage_taken":0,"relics_obtained":["Letter Opener"],"max_hp_gain":0,"max_hp_loss":0,"event_name":"The Mausoleum","floor":20,"gold_loss":0},{"damage_healed":0,"gold_gain":0,"player_choice":"Upgraded","damage_taken":0,"max_hp_gain":0,"max_hp_loss":0,"event_name":"Upgrade Shrine","floor":31,"gold_loss":0,"cards_upgraded":["HandOfGreed"]}],"is_beta":false,"boss_relics":[{"not_picked":["Coffee Dripper","Ectoplasm"],"picked":"Ring of the Serpent"}],"items_purged_floors":[28],"is_endless":false,"potions_floor_spawned":[3,4,11,13,18,22,24,27],"killed_by":"Collector","ascension_level":0}