{"gold_per_floor":[114,114,114,138,138,138,152,175,202,241,259,279,314,335,335,429,429,443,468,468,468,481,481,520,520,520,520,533,140,160,160],"floor_reached":31,"playtime":4086,"items_purged":["Pain"],"score":525,"play_id":"478d6374-3bcd-4963-a418-2a0de4b7263f","local_time":"20190107214017","is_ascension_mode":true,"campfire_choices":[{"data":"Zap","floor":6,"key":"SMITH"},{"data":"Sunder","floor":15,"key":"SMITH"},{"data":"Loop","floor":23,"key":"SMITH"},{"data":"Steam","floor":27,"key":"SMITH"}],"neow_cost":"PERCENT_DAMAGE","seed_source_timestamp":433424961892200,"circlet_count":0,"master_deck":["AscendersBane","Strike_B","Strike_B","Strike_B","Defend_B+1","Defend_B","Defend_B","Defend_B+1","Zap+1","Dualcast","Rebound","Sweeping Beam","Sunder+1","Rip and Tear","Undo","Steam+1","Electrodynamics","Loop+1","Conserve Battery+1","Steam","Go for the Eyes+1","Fission"],"relics":["Cracked Core","Turnip","War Paint","Golden Idol","Happy Flower","PreservedInsect","Mummified Hand","Inserter","Orichalcum","WarpedTongs","Prayer Wheel","Ice Cream"],"potions_floor_usage":[10,10,19,24,31],"damage_taken":[{"damage":5,"enemies":"Small Slimes","floor":1,"turns":3},{"damage":0,"enemies":"Cultist","floor":4,"turns":3},{"damage":1,"enemies":"2 Louse","floor":7,"turns":2},{"damage":5,"enemies":"Large Slime","floor":8,"turns":4},{"damage":10,"enemies":"Gremlin Nob","floor":10,"turns":3},{"damage":8,"enemies":"3 Louse","floor":11,"turns":3},{"damage":6,"enemies":"Exordium Thugs","floor":12,"turns":3},{"damage":2,"enemies":"3 Sentries","floor":13,"turns":4},{"damage":0,"enemies":"Lots of Slimes","floor":14,"turns":3},{"damage":17,"enemies":"Slime Boss","floor":16,"turns":10},{"damage":1,"enemies":"Spheric Guardian","floor":18,"turns":5},{"damage":8,"enemies":"3 Byrds","floor":19,"turns":5},{"damage":6,"enemies":"Snake Plant","floor":22,"turns":4},{"damage":35,"enemies":"Slavers","floor":24,"turns":5},{"damage":19,"enemies":"Centurion and Healer","floor":28,"turns":5},{"damage":9,"enemies":"Sentry and Sphere","floor":30,"turns":4},{"damage":10,"enemies":"Snake Plant","floor":31,"turns":2}],"seed_played":"-2298964178439220941","potions_obtained":[{"floor":1,"key":"PowerPotion"},{"floor":7,"key":"Swift Potion"},{"floor":11,"key":"Energy Potion"},{"floor":12,"key":"SneckoOil"},{"floor":18,"key":"Regen Potion"},{"floor":22,"key":"SmokeBomb"},{"floor":28,"key":"PowerPotion"},{"floor":30,"key":"Energy Potion"}],"is_trial":false,"path_per_floor":["M","?","?","M","?","R","M","M","T","E","M","M","E","M","R","B",null,"M","M","?","?","M","R","E","?","T","R","M","$","M","M"],"character_chosen":"DEFECT","items_purchased":["Ice Cream"],"campfire_rested":0,"item_purchase_floors":[29],"current_hp_per_floor":[41,30,6,6,71,71,70,65,65,55,47,41,39,39,39,22,59,58,50,64,64,58,58,37,37,37,37,18,18,9,0],"gold":160,"neow_bonus":"ONE_RARE_RELIC","is_prod":false,"is_daily":false,"chose_seed":false,"campfire_upgraded":4,"win_rate":0,"timestamp":1546864817,"path_taken":["M","?","?","M","?","R","M","M","T","E","?","M","E","M","R","BOSS","M","M","?","?","M","R","E","?","T","R","?","$","M","M"],"build_version":"2019-01-03v4","purchased_purges":1,"victory":false,"max_hp_per_floor":[71,71,71,71,71,71,71,71,71,71,71,71,71,71,71,71,71,71,71,71,71,71,71,71,71,71,71,71,71,71,71],"card_choices":[{"not_picked":["Conserve Battery","Reprogram"],"picked":"Melter","floor":1},{"not_picked":["Compile Driver","Darkness"],"picked":"Rebound","floor":4},{"not_picked":["Beam Cell","Redo"],"picked":"Sweeping Beam","floor":7},{"not_picked":["Thunder Strike","Redo"],"picked":"Sunder","floor":8},{"not_picked":["Leap","Recycle"],"picked":"Rip and Tear","floor":10},{"not_picked":["Go for the Eyes","Turbo","Capacitor"],"picked":"SKIP","floor":11},{"not_picked":["Reprogram","Barrage"],"picked":"Undo","floor":12},{"not_picked":["Blizzard","Cold Snap","Go for the Eyes"],"picked":"SKIP","floor":13},{"not_picked":["Sweeping Beam","Barrage"],"picked":"Steam","floor":14},{"not_picked":["Fission","Core Surge"],"picked":"Electrodynamics","floor":16},{"not_picked":["Force Field","Streamline+1"],"picked":"Loop","floor":18},{"not_picked":["Turbo","Steam"],"picked":"Conserve Battery+1","floor":19},{"not_picked":["Gash","Cold Snap","Barrage"],"picked":"SKIP","floor":22},{"not_picked":["Lockon","Barrage"],"picked":"Steam","floor":24},{"not_picked":["Reinforced Body","Capacitor"],"picked":"Go for the Eyes+1","floor":28},{"not_picked":["White Noise","Chill+1"],"picked":"Fission","floor":28},{"not_picked":["Beam Cell","Cold Snap","Hologram"],"picked":"SKIP","floor":30},{"not_picked":["Compile Driver","Cold Snap","Streamline"],"picked":"SKIP","floor":30}],"player_experience":1018642,"relics_obtained":[{"floor":9,"key":"Happy Flower"},{"floor":10,"key":"PreservedInsect"},{"floor":13,"key":"Mummified Hand"},{"floor":24,"key":"Orichalcum"},{"floor":26,"key":"Prayer Wheel"}],"event_choices":[{"damage_healed":0,"gold_gain":0,"player_choice":"Success","damage_taken":11,"relics_obtained":["War Paint"],"max_hp_gain":0,"max_hp_loss":0,"event_name":"Scrap Ooze","floor":2,"gold_loss":0},{"damage_healed":0,"gold_gain":0,"player_choice":"Take Damage","damage_taken":24,"relics_obtained":["Golden Idol"],"max_hp_gain":0,"max_hp_loss":0,"event_name":"Golden Idol","floor":3,"gold_loss":0},{"cards_removed":["Melter"],"damage_healed":65,"gold_gain":0,"player_choice":"Offered Uncommon","damage_taken":0,"max_hp_gain":0,"max_hp_loss":0,"event_name":"Bonfire Elementals","floor":5,"gold_loss":0},{"damage_healed":14,"gold_gain":0,"player_choice":"Heal","damage_taken":0,"max_hp_gain":0,"max_hp_loss":0,"event_name":"The Library","floor":20,"gold_loss":0},{"cards_removed":["Strike_B"],"damage_healed":0,"gold_gain":0,"player_choice":"Elegance","damage_taken":0,"max_hp_gain":0,"max_hp_loss":0,"event_name":"Back to Basics","floor":21,"gold_loss":0},{"damage_healed":0,"gold_gain":0,"player_choice":"Rummage","damage_taken":0,"relics_obtained":["WarpedTongs"],"max_hp_gain":0,"max_hp_loss":0,"event_name":"Accursed Blacksmith","floor":25,"gold_loss":0,"cards_obtained":["Pain"]}],"is_beta":false,"boss_relics":[{"not_picked":["Black Star","Tiny House"],"picked":"Inserter"}],"items_purged_floors":[29],"is_endless":false,"potions_floor_spawned":[1,7,11,12,18,22,28,30],"killed_by":"Snake Plant","ascension_level":19}