{"gold_per_floor":[116,116,25,40,54,82,100,100,174,201,29,29,29,29,29,106,106,106,0,0,0,0,0,0,0],"floor_reached":25,"playtime":1322,"items_purged":["Strike_G"],"score":454,"play_id":"86206034-3c90-4138-872d-db2ee4b21c7f","local_time":"20181017085940","is_ascension_mode":true,"campfire_choices":[{"floor":8.0,"key":"REST"},{"floor":12.0,"key":"REST"},{"data":"Footwork","floor":15.0,"key":"SMITH"},{"data":"A Thousand Cuts","floor":23.0,"key":"SMITH"}],"neow_cost":"NONE","seed_source_timestamp":392183304604,"circlet_count":0,"master_deck":["Defend_G","Defend_G","Defend_G","Defend_G","Defend_G","Strike_G","Strike_G","Strike_G","Strike_G","Survivor","Neutralize","AscendersBane","Adrenaline","Quick Slash","Sucker Punch","Footwork+1","Infinite Blades","Cloak And Dagger","Backstab","Noxious Fumes+1","A Thousand Cuts+1","Backflip","Deadly Poison","Envenom","Noxious Fumes"],"special_seed":0,"relics":["Ring of the Snake","Unceasing Top","The Courier","Snake Skull","Bag of Preparation","Ectoplasm","Strawberry"],"potions_floor_usage":[24],"damage_taken":[{"damage":0.0,"enemies":"2 Louse","floor":1.0,"turns":4.0},{"damage":0.0,"enemies":"Small Slimes","floor":4.0,"turns":4.0},{"damage":0.0,"enemies":"Cultist","floor":5.0,"turns":3.0},{"damage":36.0,"enemies":"3 Sentries","floor":6.0,"turns":14.0},{"damage":6.0,"enemies":"Exordium Thugs","floor":7.0,"turns":6.0},{"damage":32.0,"enemies":"Gremlin Nob","floor":10.0,"turns":5.0},{"damage":10.0,"enemies":"The Guardian","floor":16.0,"turns":11.0},{"damage":15.0,"enemies":"3 Byrds","floor":18.0,"turns":5.0},{"damage":26.0,"enemies":"Chosen","floor":20.0,"turns":5.0},{"damage":23.0,"enemies":"Colosseum Slavers","floor":22.0,"turns":4.0},{"damage":42,"enemies":"Slavers","floor":24,"turns":4},{"damage":8,"enemies":"Shelled Parasite and Fungi","floor":25,"turns":2}],"seed_played":"3109707696000169259","potions_obtained":[{"floor":5.0,"key":"Energy Potion"},{"floor":10.0,"key":"GhostInAJar"},{"floor":24,"key":"LiquidBronze"}],"is_trial":false,"path_per_floor":["M","?","$","M","M","E","M","R","T","E","$","R","$","?","R","B",null,"M","$","M","?","?","R","E"],"character_chosen":"THE_SILENT","items_purchased":["Dash","Noxious Fumes","Bag of Preparation","Deadly Poison"],"campfire_rested":2,"item_purchase_floors":[3,11,11,19],"current_hp_per_floor":[59,59,59,59,59,23,17,36,36,4,4,23,23,23,23,13,53,38,38,12,66,43,43,8,0],"gold":0,"neow_bonus":"ONE_RANDOM_RARE_CARD","is_prod":false,"is_daily":false,"chose_seed":false,"campfire_upgraded":2,"win_rate":0,"timestamp":1539759580,"path_taken":["M","?","?","M","M","E","M","R","T","E","$","R","$","?","R","BOSS","M","$","M","?","?","R","E","M"],"build_version":"2018-10-11","purchased_purges":1,"victory":false,"max_hp_per_floor":[66,66,66,66,66,66,66,66,66,66,66,66,66,66,66,66,66,66,66,66,66,66,66,73,73],"card_choices":[{"not_picked":["Prepared","Outmaneuver"],"picked":"Quick Slash","floor":1.0},{"not_picked":["Backflip","Dagger Spray"],"picked":"Sucker Punch","floor":4.0},{"not_picked":["Escape Plan","Sucker Punch"],"picked":"Footwork","floor":5.0},{"not_picked":["Outmaneuver","Endless Agony"],"picked":"Infinite Blades","floor":6.0},{"not_picked":["Bullet Time","PiercingWail"],"picked":"Cloak And Dagger","floor":7.0},{"not_picked":["Prepared","Wraith Form v2"],"picked":"Backstab","floor":10.0},{"not_picked":["Night Terror","Burst"],"picked":"A Thousand Cuts","floor":16.0},{"not_picked":["Sucker Punch","Acrobatics"],"picked":"Backflip","floor":18.0},{"not_picked":["Quick Slash","Reflex"],"picked":"Envenom","floor":20.0},{"not_picked":["Heel Hook+1","Deflect"],"picked":"Noxious Fumes","floor":24}],"player_experience":1501807,"relics_obtained":[{"floor":6.0,"key":"Unceasing Top"},{"floor":9.0,"key":"The Courier"},{"floor":10.0,"key":"Snake Skull"},{"floor":24,"key":"Strawberry"}],"event_choices":[{"event_name":"The Cleric","player_choice":"Leave","floor":2.0,"damage_taken":0.0},{"event_name":"Living Wall","player_choice":"Grow","floor":14.0,"damage_taken":0.0},{"event_name":"Bonfire Elementals","player_choice":"UNCOMMON","floor":21.0,"damage_taken":0.0},{"event_name":"Colosseum","player_choice":"Fight","floor":22.0,"damage_taken":0.0},{"event_name":"Colosseum","player_choice":"Fled From Nobs","floor":22.0,"damage_taken":0.0}],"is_beta":false,"boss_relics":[{"not_picked":["Busted Crown","Lizard Tail"],"picked":"Ectoplasm"}],"items_purged_floors":[19],"is_endless":false,"potions_floor_spawned":[5,10,24],"killed_by":"Shelled Parasite and Fungi","ascension_level":20}