{"gold_per_floor":[111,141,141,141,154,154,329,112,138,157,157,171,171,71,71,173,173,184,99,99,112,124,124,124,49,49,49,66,77,77,107,107,207,207,217,230,107,107,107,122,122,142,142,17,17,31,31,43,43,43,43,43,43,43],"floor_reached":54,"playtime":4910,"items_purged":["Doubt","Strike_B","Defend_B"],"score":620,"play_id":"421bcc2d-01a6-412e-b528-02186eb0aa51","local_time":"20190102134428","is_ascension_mode":false,"campfire_choices":[{"floor":6.0,"key":"REST"},{"data":"Defragment","floor":13.0,"key":"SMITH"},{"data":"Streamline","floor":15.0,"key":"SMITH"},{"data":"Zap","floor":23.0,"key":"SMITH"},{"data":"Genetic Algorithm","floor":27.0,"key":"SMITH"},{"floor":30.0,"key":"REST"},{"floor":32.0,"key":"REST"},{"floor":41.0,"key":"RECALL"},{"data":"Chaos","floor":45.0,"key":"SMITH"},{"data":"Go for the Eyes","floor":47.0,"key":"SMITH"},{"floor":49.0,"key":"REST"},{"data":"Dark Shackles","floor":52.0,"key":"SMITH"}],"neow_cost":"NONE","seed_source_timestamp":0,"circlet_count":0,"master_deck":["Strike_B","Strike_B","Defend_B+1","Defend_B","Defend_B+1","Zap+1","Dualcast","Glacier+1","Leap","Defragment+1","Redo","Force Field","Streamline+1","Seek","Go for the Eyes+1","Cold Snap","Ball Lightning","Genetic Algorithm+1","Reboot","Chaos+1","Biased Cognition","Dark Shackles+1","Leap"],"special_seed":0,"relics":["Cracked Core","Tiny Chest","Pocketwatch","White Beast Statue","War Paint","Thread and Needle","Blue Candle","Mummified Hand","Blood Vial","Lizard Tail","Bag of Preparation"],"potions_floor_usage":[],"damage_taken":[{"damage":6.0,"enemies":"Jaw Worm","floor":1.0,"turns":4.0},{"damage":0.0,"enemies":"2 Louse","floor":5.0,"turns":3.0},{"damage":6.0,"enemies":"Cultist","floor":10.0,"turns":4.0},{"damage":0.0,"enemies":"2 Fungi Beasts","floor":12.0,"turns":4.0},{"damage":7.0,"enemies":"The Guardian","floor":16.0,"turns":11.0},{"damage":7.0,"enemies":"Shell Parasite","floor":18.0,"turns":6.0},{"damage":18.0,"enemies":"3 Byrds","floor":21.0,"turns":6.0},{"damage":3.0,"enemies":"Snake Plant","floor":22.0,"turns":6.0},{"damage":11.0,"enemies":"Chosen and Byrds","floor":28.0,"turns":6.0},{"damage":10.0,"enemies":"Shelled Parasite and Fungi","floor":29.0,"turns":9.0},{"damage":12.0,"enemies":"Book of Stabbing","floor":31.0,"turns":7.0},{"damage":89.0,"enemies":"Automaton","floor":33.0,"turns":14.0},{"damage":10.0,"enemies":"3 Darklings","floor":35.0,"turns":6.0},{"damage":4.0,"enemies":"Orb Walker","floor":36.0,"turns":5.0},{"damage":7.0,"enemies":"3 Darklings","floor":40.0,"turns":7.0},{"damage":7.0,"enemies":"Spire Growth","floor":42.0,"turns":6.0},{"damage":5.0,"enemies":"Transient","floor":46.0,"turns":5.0},{"damage":12.0,"enemies":"4 Shapes","floor":48.0,"turns":6.0},{"damage":45.0,"enemies":"Time Eater","floor":50.0,"turns":13.0},{"damage":128,"enemies":"Shield and Spear","floor":54,"turns":11}],"seed_played":"-5645849258584142940","potions_obtained":[{"floor":10.0,"key":"SpeedPotion"},{"floor":16.0,"key":"FairyPotion"},{"floor":18.0,"key":"Block Potion"},{"floor":21.0,"key":"Block Potion"},{"floor":31.0,"key":"SkillPotion"},{"floor":33.0,"key":"Block Potion"},{"floor":35.0,"key":"Block Potion"},{"floor":36.0,"key":"LiquidBronze"},{"floor":40.0,"key":"FearPotion"},{"floor":42.0,"key":"Explosive Potion"},{"floor":46.0,"key":"Weak Potion"}],"is_trial":false,"path_per_floor":["M","?","?","T","M","R","?","$","T","M","?","M","R","$","R","B",null,"M","?","T","M","M","R","T","$","T","R","M","M","R","E","R","B",null,"M","M","$","?","?","M","R","M","T","$","R","M","R","M","R","B",null,"R","$","E"],"character_chosen":"DEFECT","items_purchased":["Defragment","Fruit Juice","Genetic Algorithm","Dark Shackles","Leap"],"campfire_rested":4,"item_purchase_floors":[8,8,25,37,37],"current_hp_per_floor":[69,44,29,29,29,51,51,56,56,50,50,50,50,50,50,43,80,73,73,73,55,52,52,52,52,52,52,41,31,55,43,67,8,80,70,68,68,68,68,63,63,58,58,58,58,55,55,45,67,24,76,76,76,0],"gold":43,"neow_bonus":"ONE_RANDOM_RARE_CARD","is_prod":false,"is_daily":false,"chose_seed":false,"campfire_upgraded":7,"win_rate":0,"timestamp":1546433068,"path_taken":["M","?","?","?","?","R","?","$","T","M","?","M","R","$","R","BOSS","M","?","?","M","M","R","?","?","T","R","M","M","R","E","R","BOSS","M","M","?","?","?","M","R","M","T","$","R","?","R","M","R","BOSS","R","$","E"],"build_version":"2018-12-20","purchased_purges":3,"victory":false,"max_hp_per_floor":[75,75,75,75,75,75,75,80,80,80,80,80,80,80,80,80,80,80,80,80,80,80,80,80,80,80,80,80,80,80,80,80,80,80,80,80,80,76,76,76,76,76,76,76,76,76,76,76,76,76,76,76,76,76],"card_choices":[{"not_picked":["Redo","Ball Lightning"],"picked":"Glacier","floor":1.0},{"not_picked":["Reprogram","Turbo"],"picked":"Leap","floor":5.0},{"not_picked":["Melter","Undo"],"picked":"Redo","floor":10.0},{"not_picked":["Compile Driver","Steam"],"picked":"Streamline","floor":12.0},{"not_picked":["Buffer","Multi-Cast"],"picked":"Seek","floor":16.0},{"not_picked":["Steam","Streamline"],"picked":"Go for the Eyes","floor":18.0},{"not_picked":["Rebound","Steam"],"picked":"Cold Snap","floor":21.0},{"not_picked":["Redo","Cold Snap"],"picked":"Ball Lightning","floor":22.0},{"not_picked":["Rip and Tear","Turbo"],"picked":"Reboot","floor":28.0},{"not_picked":["Rip and Tear","Steam"],"picked":"Chaos","floor":29.0},{"not_picked":["Streamline","Cold Snap","Undo"],"picked":"SKIP","floor":31.0},{"not_picked":["All For One","Amplify"],"picked":"Biased Cognition","floor":33.0},{"not_picked":["Sweeping Beam","Rebound","Barrage"],"picked":"SKIP","floor":35.0},{"not_picked":["Reprogram","Chaos+1","Genetic Algorithm+1"],"picked":"SKIP","floor":36.0},{"not_picked":["Sweeping Beam","Gash+1","Hello World"],"picked":"SKIP","floor":40.0},{"not_picked":["Hologram+1","Blizzard+1","Turbo+1"],"picked":"SKIP","floor":42.0},{"not_picked":["Sweeping Beam","Auto Shields","Rebound"],"picked":"SKIP","floor":46.0},{"not_picked":["Hello World","Barrage+1","Streamline"],"picked":"SKIP","floor":48.0}],"player_experience":341742,"relics_obtained":[{"floor":4.0,"key":"Pocketwatch"},{"floor":20.0,"key":"Thread and Needle"},{"floor":24.0,"key":"Blue Candle"},{"floor":26.0,"key":"Mummified Hand"},{"floor":31.0,"key":"Blood Vial"},{"floor":43.0,"key":"Bag of Preparation"}],"event_choices":[{"damage_healed":0.0,"max_hp_gain":0.0,"max_hp_loss":0.0,"gold_gain":0.0,"event_name":"Scrap Ooze","player_choice":"Success","floor":2.0,"gold_loss":0.0,"damage_taken":25.0,"relics_obtained":["Tiny Chest"]},{"damage_healed":0.0,"max_hp_gain":0.0,"max_hp_loss":0.0,"gold_gain":0.0,"event_name":"Shining Light","player_choice":"Entered Light","floor":3.0,"gold_loss":0.0,"damage_taken":15.0,"cards_upgraded":["Glacier","Strike_B"]},{"damage_healed":0.0,"max_hp_gain":0.0,"max_hp_loss":0.0,"gold_gain":175.0,"event_name":"Liars Game","player_choice":"AGREE","floor":7.0,"gold_loss":0.0,"damage_taken":0.0,"cards_obtained":["Doubt"]},{"damage_healed":0.0,"max_hp_gain":0.0,"max_hp_loss":0.0,"gold_gain":0.0,"cards_transformed":["Meteor Strike"],"event_name":"Living Wall","player_choice":"Change","floor":11.0,"gold_loss":0.0,"damage_taken":0.0,"cards_obtained":["Force Field"]},{"damage_healed":0.0,"max_hp_gain":0.0,"max_hp_loss":0.0,"gold_gain":0.0,"event_name":"Addict","player_choice":"Obtained Relic","floor":19.0,"gold_loss":85.0,"damage_taken":0.0,"relics_obtained":["War Paint"]},{"damage_healed":0.0,"max_hp_gain":0.0,"max_hp_loss":4.0,"gold_gain":0.0,"event_name":"Winding Halls","player_choice":"Max HP","floor":38.0,"gold_loss":0.0,"damage_taken":0.0},{"cards_removed":["Strike_B"],"damage_healed":0.0,"max_hp_gain":0.0,"max_hp_loss":0.0,"gold_gain":0.0,"event_name":"Falling","player_choice":"Removed Attack","floor":39.0,"gold_loss":0.0,"damage_taken":0.0}],"is_beta":false,"boss_relics":[{"not_picked":["Runic Pyramid","Fusion Hammer"],"picked":"White Beast Statue"},{"not_picked":["Runic Dome","Black Star"],"picked":"Lizard Tail"}],"items_purged_floors":[8,14,44],"is_endless":false,"potions_floor_spawned":[10,16,18,21,22,28,29,31,33,35,36,40,42,46,48],"killed_by":"Shield and Spear","ascension_level":0}