{"path_per_floor":["M","?","M","?","M","M","E","M","T","E","R","$","M","T","R","B",null,"M","$","?","?","M","E","R","E","T","R","$","M","?","M","R"],"character_chosen":"THE_SILENT","items_purchased":["Bandage Up","Thread and Needle","Bag of Marbles","Bag of Preparation"],"gold_per_floor":[114,114,128,303,320,334,369,379,434,459,459,53,73,73,73,169,169,189,38,38,38,57,91,91,121,192,192,47,66,66,77,77],"floor_reached":33,"campfire_rested":0,"playtime":2643,"current_hp_per_floor":[70,70,70,70,70,69,31,23,23,7,7,7,11,11,11,15,70,63,63,49,49,49,31,31,35,35,35,35,43,43,45,45],"items_purged":[],"gold":77,"score":371,"play_id":"56452f63-7d13-4658-94c5-5b0d7dde6491","local_time":"20180317230556","is_prod":false,"is_daily":false,"is_ascension_mode":false,"campfire_upgraded":2,"timestamp":1521324356,"path_taken":["M","?","M","?","M","M","E","?","T","E","R","$","M","?","R","BOSS","M","$","?","?","?","E","R","E","T","R","?","M","?","M","R","BOSS"],"build_version":"2018-03-15v3","purchased_purges":0,"victory":false,"master_deck":["Defend_G","Defend_G","Defend_G","Defend_G","Defend_G","Survivor","Neutralize","Quick Slash","Storm of Steel+1","Poisoned Stab","Outmaneuver","Finisher","Endless Agony","Sucker Punch","Bandage Up","Calculated Gamble+1","Burst+1","Cloak And Dagger+1","Bite","Bite+1","Bite+1","Bite","Bite","Prepared","Outmaneuver+1","Prepared","Endless Agony+1","Dagger Throw+1"],"max_hp_per_floor":[70,70,70,70,70,70,70,70,70,70,70,70,70,70,70,70,70,70,70,49,49,49,49,49,49,49,49,49,49,49,49,49],"relics":["Ring of the Snake","Orichalcum","Bronze Scales","Girya","Thread and Needle","Tingsha","Black Star","Bag of Marbles","Lantern","Snake Skull","Whetstone","War Paint","Mercury Hourglass","Bag of Preparation"],"card_choices":[{"not_picked":["Deflect","Reflex"],"picked":"Quick Slash"},{"not_picked":["Quick Slash","Poisoned Stab"],"picked":"Storm of Steel"},{"not_picked":["Deadly Poison","Bouncing Flask"],"picked":"Poisoned Stab"},{"not_picked":["Poisoned Stab","Deadly Poison"],"picked":"Outmaneuver"},{"not_picked":["Sucker Punch","Predator"],"picked":"Finisher"},{"not_picked":["Deflect","Deadly Poison"],"picked":"Endless Agony"},{"not_picked":["Bane","Acrobatics"],"picked":"Sucker Punch"},{"not_picked":["Dagger Throw","Outmaneuver"],"picked":"Calculated Gamble"},{"not_picked":["Storm of Steel","Phantasmal Killer"],"picked":"Burst"},{"not_picked":["Masterful Stab","Dodge and Roll"],"picked":"Cloak And Dagger"},{"not_picked":["Quick Slash","Deflect"],"picked":"Prepared"},{"not_picked":["Deflect","Reflex"],"picked":"Outmaneuver"},{"not_picked":["Deadly Poison","Quick Slash"],"picked":"Prepared"},{"not_picked":["Dagger Spray","Slice"],"picked":"Endless Agony"},{"not_picked":["Expertise","Dodge and Roll"],"picked":"Dagger Throw"}],"player_experience":92617,"potions_floor_usage":[7,10,16,33,33,33],"damage_taken":[{"damage":0,"enemies":"Cultist","floor":1,"turns":3},{"damage":0,"enemies":"Jaw Worm","floor":3,"turns":5},{"damage":0,"enemies":"Small Slimes","floor":5,"turns":3},{"damage":1,"enemies":"2 Fungi Beasts","floor":6,"turns":4},{"damage":53,"enemies":"Lagavulin","floor":7,"turns":9},{"damage":8,"enemies":"Blue Slaver","floor":8,"turns":3},{"damage":16,"enemies":"Gremlin Nob","floor":10,"turns":3},{"damage":0,"enemies":"3 Louse","floor":13,"turns":3},{"damage":0,"enemies":"Hexaghost","floor":16,"turns":5},{"damage":7,"enemies":"Shell Parasite","floor":18,"turns":3},{"damage":0,"enemies":"2 Thieves","floor":22,"turns":3},{"damage":29,"enemies":"Book of Stabbing","floor":23,"turns":5},{"damage":8,"enemies":"Slavers","floor":25,"turns":4},{"damage":0,"enemies":"Snake Plant","floor":29,"turns":1},{"damage":0,"enemies":"3 Cultists","floor":31,"turns":2},{"damage":82,"enemies":"Collector","floor":33,"turns":7}],"event_choices":[{"event_name":"Golden Wing","player_choice":"Ignored","floor":2,"damage_taken":0},{"event_name":"Liars Game","player_choice":"agreed","floor":4,"damage_taken":0},{"event_name":"Vampires","player_choice":"Became a vampire","floor":20,"damage_taken":0},{"event_name":"Wheel of Change","player_choice":"Card Removal","floor":21,"damage_taken":0},{"event_name":"Addict","player_choice":"Ignored","floor":30,"damage_taken":0}],"boss_relics":[{"not_picked":["Sozu","Eternal Feather"],"picked":"Black Star"}],"potions_floor_spawned":[3,7,8,13,16,22,23,25],"seed_played":"-5821070694977799139","killed_by":"Collector","ascension_level":0,"is_trial":false}