{"gold_per_floor":[116,134,134,39,49,83,83,43,43,76,76,91,91,111,111,111],"floor_reached":16,"playtime":392,"items_purged":[],"score":193,"play_id":"b910f9a9-0248-467f-a50e-939b0ce48b94","local_time":"20180716224900","is_ascension_mode":true,"campfire_choices":[{"data":"Sunder","floor":7,"key":"SMITH"},{"data":"Beam Cell","floor":11,"key":"SMITH"},{"data":"Streamline","floor":13,"key":"SMITH"},{"floor":15,"key":"REST"}],"neow_cost":"NONE","seed_source_timestamp":387861595169033,"circlet_count":0,"master_deck":["Strike_B","Strike_B","Strike_B","Strike_B","Defend_B","Defend_B","Defend_B","Defend_B","Zap","Dualcast","AscendersBane","Self Repair","Stack","Leap","Cold Snap","Sunder+1","Beam Cell+1","White Noise","Ball Lightning","Streamline+1","Coolheaded"],"relics":["Velvet Choker","Question Card","Bag of Preparation","Oddly Smooth Stone","Bronze Scales"],"potions_floor_usage":[],"damage_taken":[{"damage":1,"enemies":"Cultist","floor":1,"turns":4},{"damage":10,"enemies":"2 Louse","floor":2,"turns":2},{"damage":0,"enemies":"Small Slimes","floor":5,"turns":3},{"damage":15,"enemies":"3 Sentries","floor":6,"turns":10},{"damage":19,"enemies":"Gremlin Nob","floor":10,"turns":4},{"damage":1,"enemies":"Looter","floor":12,"turns":2},{"damage":11,"enemies":"Lots of Slimes","floor":14,"turns":3},{"damage":26,"enemies":"The Guardian","floor":16,"turns":6}],"seed_played":"3274294182622744381","potions_obtained":[{"floor":1,"key":"SneckoOil"},{"floor":6,"key":"LiquidBronze"}],"is_trial":false,"path_per_floor":["M","M","?","$","M","E","R","$","T","E","R","M","R","M","R"],"character_chosen":"DEFECT","items_purchased":["Leap","Cold Snap","White Noise"],"campfire_rested":1,"item_purchase_floors":[4,4,8],"current_hp_per_floor":[63,60,49,49,56,48,48,48,48,36,36,35,35,24,45,19],"gold":111,"neow_bonus":"BOSS_RELIC","is_prod":false,"is_daily":false,"chose_seed":false,"campfire_upgraded":3,"win_rate":0,"timestamp":1531806540,"path_taken":["M","?","?","$","?","E","R","?","T","E","R","M","R","M","R","BOSS"],"build_version":"2018-07-13","purchased_purges":0,"victory":false,"max_hp_per_floor":[71,71,71,71,71,71,71,71,71,71,71,71,71,71,71,71],"card_choices":[{"not_picked":["Rebound","Consume"],"picked":"Self Repair","floor":1},{"not_picked":["Compile Driver","Gash"],"picked":"Stack","floor":2},{"not_picked":["Fusion","Redo","Force Field"],"picked":"Sunder","floor":5},{"not_picked":["Blizzard","Self Repair","Hologram"],"picked":"Beam Cell","floor":6},{"not_picked":["Multi-Cast","Sweeping Beam","Beam Cell"],"picked":"Ball Lightning","floor":10},{"not_picked":["Sweeping Beam","Darkness","Aggregate"],"picked":"Streamline","floor":12},{"not_picked":["Sweeping Beam","Stack","Storm"],"picked":"Coolheaded","floor":14}],"player_experience":675396,"relics_obtained":[{"floor":6,"key":"Bag of Preparation"},{"floor":9,"key":"Oddly Smooth Stone"},{"floor":10,"key":"Bronze Scales"}],"event_choices":[{"event_name":"Scrap Ooze","player_choice":"success","floor":3,"damage_taken":11}],"boss_relics":[],"items_purged_floors":[],"is_endless":false,"potions_floor_spawned":[1,6,10,12,14],"killed_by":"The Guardian","ascension_level":15}