{"gold_per_floor":[115,127,145,161,177,209,221,268,303,315,29,29,43,43,43,119,119,131,102,116,41,41,41,53,53,101,101,129,129,29,42,42,117,117,129,178,178,0,0,0,20,20,20,20,20,33,33,48,48,48],"floor_reached":50,"playtime":2269,"items_purged":["Strike_B","Strike_B"],"score":801,"play_id":"3857ae01-c800-4a2e-b80a-6a39c7e00874","local_time":"20181008003811","is_ascension_mode":true,"campfire_choices":[{"data":"Defragment","floor":7.0,"key":"SMITH"},{"data":"Sunder","floor":10.0,"key":"SMITH"},{"data":"Zap","floor":12.0,"key":"SMITH"},{"data":"Barrage","floor":15.0,"key":"SMITH"},{"data":"Defragment","floor":23,"key":"SMITH"},{"data":"Redo","floor":25,"key":"SMITH"},{"floor":29,"key":"REST"},{"floor":32,"key":"REST"},{"data":"Mayhem","floor":40,"key":"SMITH"},{"data":"Rainbow","floor":45,"key":"SMITH"},{"floor":47,"key":"REST"},{"floor":49,"key":"REST"}],"neow_cost":"NONE","seed_source_timestamp":46079288711505,"circlet_count":0,"master_deck":["Strike_B","Defend_B","Defend_B","Defend_B","Defend_B","Zap+1","Dualcast","AscendersBane","Sunder+1","Defragment+1","Chill","Go for the Eyes","Leap","Barrage+1","Glacier","Coolheaded","Melter","Redo+1","Buffer+1","Core Surge","Steam","FTL","Defragment+1","Go for the Eyes","Rainbow+1","Scrape","Chaos","Seek","Darkness","BootSequence","Mayhem+1","Lockon","Barrage","Defragment","Leap+1","Beam Cell+1","White Noise+1"],"special_seed":0,"relics":["Cracked Core","MawBank","Pear","Dream Catcher","Oddly Smooth Stone","Nuclear Battery","MutagenicStrength","Juzu Bracelet","Pen Nib","Velvet Choker","Peace Pipe","Toxic Egg 2","Pantograph"],"potions_floor_usage":[31,46,50,50],"damage_taken":[{"damage":1.0,"enemies":"Cultist","floor":1.0,"turns":3.0},{"damage":0.0,"enemies":"2 Louse","floor":2.0,"turns":1.0},{"damage":0.0,"enemies":"Small Slimes","floor":3.0,"turns":3.0},{"damage":7.0,"enemies":"Looter","floor":4.0,"turns":4.0},{"damage":0.0,"enemies":"3 Louse","floor":5.0,"turns":2.0},{"damage":10.0,"enemies":"Lagavulin","floor":6.0,"turns":7.0},{"damage":5.0,"enemies":"3 Sentries","floor":8.0,"turns":6.0},{"damage":3.0,"enemies":"Exordium Wildlife","floor":13.0,"turns":5.0},{"damage":7,"enemies":"Slime Boss","floor":16,"turns":11},{"damage":0,"enemies":"Spheric Guardian","floor":18,"turns":3},{"damage":6,"enemies":"2 Thieves","floor":19,"turns":5},{"damage":18,"enemies":"3 Cultists","floor":20,"turns":8},{"damage":0,"enemies":"Shelled Parasite and Fungi","floor":24,"turns":7},{"damage":43,"enemies":"Gremlin Leader","floor":28,"turns":10},{"damage":0,"enemies":"Cultist and Chosen","floor":31,"turns":6},{"damage":48,"enemies":"Automaton","floor":33,"turns":13},{"damage":7,"enemies":"3 Darklings","floor":35,"turns":6},{"damage":5,"enemies":"Mysterious Sphere","floor":36,"turns":7},{"damage":8,"enemies":"3 Shapes","floor":41,"turns":5},{"damage":32,"enemies":"Reptomancer","floor":46,"turns":6},{"damage":1,"enemies":"Spire Growth","floor":48,"turns":5},{"damage":93,"enemies":"Time Eater","floor":50,"turns":11}],"seed_played":"2620038618471636092","potions_obtained":[{"floor":2.0,"key":"Explosive Potion"},{"floor":4.0,"key":"Fire Potion"},{"floor":5.0,"key":"AttackPotion"},{"floor":6.0,"key":"Regen Potion"},{"floor":18,"key":"Dexterity Potion"},{"floor":33,"key":"EssenceOfSteel"},{"floor":48,"key":"Poison Potion"}],"is_trial":false,"path_per_floor":["M","M","M","M","M","E","R","E","T","R","$","R","M","?","R","B",null,"M","M","M","$","?","R","M","R","T","?","E","R","$","M","R","B",null,"M","?","?","$","T","R","M","$","T","$","R","M","R","M","R"],"character_chosen":"DEFECT","items_purchased":["Oddly Smooth Stone","Melter","Redo","Defragment","Lockon","Barrage","Defragment"],"campfire_rested":4,"item_purchase_floors":[11,11,11,21,38,38,38],"current_hp_per_floor":[67,67,67,60,60,50,50,55,55,55,55,55,52,52,52,45,75,75,69,51,51,51,51,51,51,51,51,8,33,33,47,72,24,70,63,58,58,58,58,58,50,50,50,50,50,18,43,42,67,0],"gold":48,"neow_bonus":"TRANSFORM_CARD","is_prod":false,"is_daily":false,"chose_seed":false,"campfire_upgraded":8,"win_rate":0,"timestamp":1538951891,"path_taken":["M","M","M","?","M","E","R","E","T","R","$","R","M","?","R","BOSS","M","M","M","$","?","R","M","R","T","?","E","R","$","M","R","BOSS","M","?","?","?","?","R","M","$","T","$","R","M","R","M","R","BOSS"],"build_version":"2018-10-04v2","purchased_purges":2,"victory":false,"max_hp_per_floor":[75,75,75,75,75,75,75,85,85,85,85,85,85,85,85,85,85,85,85,85,85,85,85,85,85,85,85,85,85,85,85,85,85,85,85,85,85,85,85,85,85,85,85,85,85,85,85,85,85,85],"card_choices":[{"not_picked":["Cold Snap","Beam Cell"],"picked":"Defragment","floor":1.0},{"not_picked":["Tempest","Streamline"],"picked":"Chill","floor":2.0},{"not_picked":["Recycle","Streamline"],"picked":"Go for the Eyes","floor":3.0},{"not_picked":["Barrage","Hello World"],"picked":"Leap","floor":4.0},{"not_picked":["Sweeping Beam","Compile Driver"],"picked":"Barrage","floor":5.0},{"not_picked":["Streamline","Stack"],"picked":"Glacier","floor":6.0},{"not_picked":["Conserve Battery","Heatsinks"],"picked":"Coolheaded","floor":8.0},{"not_picked":["Compile Driver","Coolheaded"],"picked":"Buffer","floor":13.0},{"not_picked":["Amplify","Multi-Cast"],"picked":"Core Surge","floor":16},{"not_picked":["Rebound","Doom and Gloom"],"picked":"Steam","floor":18},{"not_picked":["Double Energy","Leap","Rebound"],"picked":"SKIP","floor":19},{"not_picked":["Recycle","Streamline"],"picked":"FTL","floor":20},{"not_picked":["Leap","Storm+1","Conserve Battery"],"picked":"SKIP","floor":24},{"not_picked":["Melter","Turbo"],"picked":"Go for the Eyes","floor":28},{"not_picked":["Sweeping Beam","Compile Driver"],"picked":"Rainbow","floor":29},{"not_picked":["Redo","White Noise"],"picked":"Scrape","floor":31},{"not_picked":["Streamline","Turbo"],"picked":"Chaos","floor":32},{"not_picked":["Multi-Cast","Rainbow"],"picked":"Seek","floor":33},{"not_picked":["Cold Snap","Leap"],"picked":"Darkness","floor":35},{"not_picked":["Stack","Chaos"],"picked":"BootSequence","floor":36},{"not_picked":["HandOfGreed","Good Instincts"],"picked":"Mayhem","floor":37},{"not_picked":["Heatsinks","Streamline"],"picked":"Leap+1","floor":41},{"not_picked":["Lockon","Go for the Eyes"],"picked":"Beam Cell+1","floor":46},{"not_picked":["Rebound+1","Compile Driver"],"picked":"White Noise+1","floor":48}],"player_experience":893474,"relics_obtained":[{"floor":6.0,"key":"MawBank"},{"floor":8.0,"key":"Pear"},{"floor":9.0,"key":"Dream Catcher"},{"floor":26,"key":"Juzu Bracelet"},{"floor":28,"key":"Pen Nib"},{"floor":36,"key":"Peace Pipe"},{"floor":39,"key":"Toxic Egg 2"},{"floor":43,"key":"Pantograph"}],"event_choices":[{"event_name":"Accursed Blacksmith","player_choice":"Forge","floor":14.0,"damage_taken":0.0},{"event_name":"Drug Dealer","player_choice":"Inject Mutagens","floor":22,"damage_taken":0},{"event_name":"Match and Keep!","player_choice":"0 cards matched","floor":27,"damage_taken":0},{"event_name":"Mysterious Sphere","player_choice":"Fight","floor":36,"damage_taken":0},{"event_name":"SensoryStone","player_choice":"Memory 1","floor":37,"damage_taken":0}],"is_beta":false,"boss_relics":[{"not_picked":["Eternal Feather","Orrery"],"picked":"Nuclear Battery"},{"not_picked":["Black Star","Tiny House"],"picked":"Velvet Choker"}],"items_purged_floors":[11,30],"is_endless":false,"potions_floor_spawned":[2,4,5,6,18,20,24,28,33,36,41,48],"killed_by":"Time Eater","ascension_level":13}