{"gold_per_floor":[113,125,139,158,83,83,118,118,118,135,35,35,35,49,49,121,121,132,148,160,0,0],"floor_reached":22,"playtime":943,"items_purged":["Strike_R","Strike_R"],"score":426,"play_id":"ddc116aa-dc50-4604-99c5-5cd8cb411620","local_time":"20181216014907","is_ascension_mode":true,"campfire_choices":[{"data":"Armaments","floor":6.0,"key":"SMITH"},{"data":"Body Slam","floor":8.0,"key":"SMITH"},{"data":"Entrench","floor":12.0,"key":"SMITH"},{"data":"Shrug It Off","floor":15.0,"key":"SMITH"}],"neow_cost":"TEN_PERCENT_HP_LOSS","seed_source_timestamp":12167556618141,"circlet_count":0,"master_deck":["AscendersBane","Strike_R","Strike_R","Defend_R","Defend_R","Defend_R","Bash","Armaments+1","Twin Strike","Body Slam+1","Entrench+1","Second Wind","Shrug It Off+1","Barricade","Power Through","True Grit","Metallicize","Power Through","Entrench"],"special_seed":0,"relics":["Burning Blood","Nunchaku","StoneCalendar","Orrery"],"potions_floor_usage":[22,22],"damage_taken":[{"damage":7.0,"enemies":"Cultist","floor":1.0,"turns":4.0},{"damage":2.0,"enemies":"Jaw Worm","floor":2.0,"turns":5.0},{"damage":7.0,"enemies":"Small Slimes","floor":3.0,"turns":4.0},{"damage":6.0,"enemies":"Blue Slaver","floor":4.0,"turns":5.0},{"damage":44.0,"enemies":"Gremlin Nob","floor":7.0,"turns":5.0},{"damage":13.0,"enemies":"2 Fungi Beasts","floor":10.0,"turns":4.0},{"damage":7.0,"enemies":"Large Slime","floor":14.0,"turns":7.0},{"damage":15.0,"enemies":"The Guardian","floor":16.0,"turns":14.0},{"damage":31.0,"enemies":"3 Byrds","floor":18.0,"turns":7.0},{"damage":12.0,"enemies":"Chosen","floor":19.0,"turns":7.0},{"damage":14.0,"enemies":"Centurion and Healer","floor":20.0,"turns":9.0},{"damage":3,"enemies":"Snake Plant","floor":22,"turns":2}],"seed_played":"7617974018812653198","potions_obtained":[{"floor":1.0,"key":"Ancient Potion"},{"floor":4.0,"key":"LiquidBronze"},{"floor":7.0,"key":"PowerPotion"},{"floor":16.0,"key":"SneckoOil"},{"floor":18.0,"key":"AttackPotion"}],"is_trial":false,"path_per_floor":["M","M","M","M","$","R","E","R","T","M","$","R","?","M","R","B",null,"M","M","M","?","M"],"character_chosen":"IRONCLAD","items_purchased":[],"campfire_rested":0,"item_purchase_floors":[],"current_hp_per_floor":[67,68,67,67,67,67,29,29,29,22,22,22,22,21,21,12,54,29,23,15,15,12],"gold":0,"neow_bonus":"REMOVE_TWO","is_prod":false,"is_daily":false,"chose_seed":false,"campfire_upgraded":4,"win_rate":0,"timestamp":1544892547,"path_taken":["M","M","M","M","$","R","E","R","T","M","?","R","?","M","R","BOSS","M","M","M","?","M"],"build_version":"2018-12-13","purchased_purges":2,"victory":false,"max_hp_per_floor":[68,68,68,68,68,68,68,68,68,68,68,68,68,68,68,68,68,68,68,68,68,68],"card_choices":[{"not_picked":["Rage","Clash"],"picked":"Armaments","floor":1.0},{"not_picked":["Flex","True Grit"],"picked":"Twin Strike","floor":2.0},{"not_picked":["Sword Boomerang","Uppercut"],"picked":"Body Slam","floor":3.0},{"not_picked":["Body Slam","Headbutt"],"picked":"Entrench","floor":4.0},{"not_picked":["Rupture","Flex","Thunderclap"],"picked":"SKIP","floor":7.0},{"not_picked":["Immolate","Sword Boomerang"],"picked":"Second Wind","floor":10.0},{"not_picked":["Heavy Blade","Flex"],"picked":"Shrug It Off","floor":14.0},{"not_picked":["Fiend Fire","Brutality"],"picked":"Barricade","floor":16.0},{"not_picked":["Rampage","Flex"],"picked":"Power Through","floor":17.0},{"not_picked":["Uppercut","Body Slam"],"picked":"True Grit","floor":17.0},{"not_picked":["Whirlwind","Clothesline"],"picked":"Metallicize","floor":17.0},{"not_picked":["Rampage","True Grit"],"picked":"Power Through","floor":18.0},{"not_picked":["Cleave","Rupture","Blood for Blood"],"picked":"SKIP","floor":19.0},{"not_picked":["Entrench","Cleave","Thunderclap"],"picked":"SKIP","floor":20.0},{"not_picked":["Cleave","Thunderclap"],"picked":"Entrench","floor":20.0}],"player_experience":811924,"relics_obtained":[{"floor":7.0,"key":"Nunchaku"},{"floor":9.0,"key":"StoneCalendar"}],"event_choices":[{"damage_healed":0.0,"max_hp_gain":0.0,"max_hp_loss":0.0,"gold_gain":0.0,"event_name":"Lab","player_choice":"Got Potions","floor":13.0,"gold_loss":0.0,"damage_taken":0.0},{"damage_healed":0.0,"max_hp_gain":0.0,"max_hp_loss":0.0,"gold_gain":0.0,"event_name":"Masked Bandits","player_choice":"Paid Fearfully","floor":21.0,"gold_loss":160.0,"damage_taken":0.0}],"is_beta":false,"boss_relics":[{"not_picked":["Pandora\u0027s Box","Lizard Tail"],"picked":"Orrery"}],"items_purged_floors":[5,11],"is_endless":false,"potions_floor_spawned":[1,4,7,14,16,18],"killed_by":"Snake Plant","ascension_level":20}