{"path_per_floor":["M","?","$","?","?","R","E","M","T","R","M","R","M","M","R","B",null,"M","?","M","$"],"character_chosen":"IRONCLAD","items_purchased":["Shrug It Off","Blind"],"gold_per_floor":[109,109,34,0,0,0,40,63,63,63,79,79,100,116,116,247,247,266,266,280,28],"floor_reached":22,"campfire_rested":1,"playtime":838,"current_hp_per_floor":[80,80,80,80,80,80,67,66,66,66,69,69,59,41,65,52,80,75,75,43,43],"items_purged":["Injury","Strike_R"],"gold":28,"score":202,"play_id":"1f623f68-598d-47ab-aab6-76321890627e","local_time":"20180315095732","is_prod":false,"is_daily":false,"is_ascension_mode":true,"campfire_upgraded":2,"timestamp":1521104252,"path_taken":["M","?","$","?","?","R","E","?","T","R","M","R","M","M","R","BOSS","M","?","M","$","M"],"build_version":"2018-03-09","purchased_purges":2,"victory":false,"master_deck":["Strike_R","Strike_R","Defend_R","Defend_R","Defend_R","Defend_R","Bash","Offering","Shrug It Off+1","Demon Form+1","Hemokinesis","Heavy Blade","True Grit","Limit Break","Impervious+1","Hemokinesis+1","Bloodletting+1","Shrug It Off","Blind"],"max_hp_per_floor":[80,80,80,80,80,80,80,80,80,80,80,80,80,80,80,80,80,80,80,80,80],"relics":["Burning Blood","Golden Idol","Lantern","Omamori","Shovel","Frozen Egg 2","Astrolabe"],"card_choices":[{"not_picked":["Perfected Strike","Wild Strike"],"picked":"Shrug It Off"},{"not_picked":["Thunderclap","Evolve"],"picked":"Demon Form"},{"not_picked":["Flex","Headbutt"],"picked":"Hemokinesis"},{"not_picked":["Pummel","Hemokinesis"],"picked":"Heavy Blade"},{"not_picked":["Havoc","Clothesline"],"picked":"True Grit"},{"not_picked":["Double Tap","Brutality"],"picked":"Limit Break"},{"not_picked":["Feel No Pain","Burning Pact"],"picked":"Bloodletting"}],"player_experience":91179,"potions_floor_usage":[16,16,18],"damage_taken":[{"damage":6,"enemies":"Jaw Worm","floor":1,"turns":4},{"damage":19,"enemies":"Gremlin Nob","floor":7,"turns":5},{"damage":7,"enemies":"Small Slimes","floor":8,"turns":5},{"damage":3,"enemies":"2 Louse","floor":11,"turns":2},{"damage":16,"enemies":"Gremlin Gang","floor":13,"turns":6},{"damage":24,"enemies":"Lots of Slimes","floor":14,"turns":5},{"damage":19,"enemies":"Slime Boss","floor":16,"turns":4},{"damage":14,"enemies":"Shell Parasite","floor":18,"turns":4},{"damage":38,"enemies":"Chosen","floor":20,"turns":5},{"damage":54,"enemies":"Snecko","floor":22,"turns":7}],"event_choices":[{"event_name":"Golden Idol","player_choice":"Take Wound","floor":2,"damage_taken":0},{"event_name":"World of Goop","player_choice":"Left","floor":4,"damage_taken":0},{"event_name":"Accursed Blacksmith","player_choice":"Rummage","floor":5,"damage_taken":0},{"event_name":"Vampires","player_choice":"Ignored","floor":19,"damage_taken":0}],"boss_relics":[{"not_picked":["Calling Bell","Philosopher\u0027s Stone"],"picked":"Astrolabe"}],"potions_floor_spawned":[8,14,16],"seed_played":"-5524945828067779022","killed_by":"Snecko","ascension_level":2,"is_trial":false}