{"gold_per_floor":[118,193,207,223,223,223,251,251,277,289,302,318,333,353,353,353],"floor_reached":16,"playtime":2116,"items_purged":[],"score":106,"play_id":"e51ba198-63c0-4a02-b632-b2da257e8e51","local_time":"20190128190924","is_ascension_mode":false,"campfire_choices":[{"data":"Neutralize","floor":6,"key":"SMITH"},{"floor":8,"key":"REST"},{"floor":15,"key":"REST"}],"neow_cost":"PERCENT_DAMAGE","seed_source_timestamp":174011525791300,"circlet_count":0,"master_deck":["Defend_G","Defend_G","Defend_G","Defend_G","Defend_G","Strike_G","Strike_G","Strike_G","Strike_G","Survivor","Neutralize+1","PiercingWail","Backstab","Dagger Spray","PiercingWail","All Out Attack","Sucker Punch","Backflip","Dodge and Roll"],"relics":["Ring of the Snake","Dream Catcher","Pen Nib"],"potions_floor_usage":[7,7,14,16,16],"damage_taken":[{"damage":0,"enemies":"Jaw Worm","floor":1,"turns":7},{"damage":0,"enemies":"Small Slimes","floor":3,"turns":3},{"damage":0,"enemies":"Cultist","floor":4,"turns":5},{"damage":34,"enemies":"Lagavulin","floor":7,"turns":10},{"damage":0,"enemies":"3 Louse","floor":10,"turns":2},{"damage":3,"enemies":"Exordium Wildlife","floor":11,"turns":7},{"damage":0,"enemies":"Red Slaver","floor":12,"turns":2},{"damage":0,"enemies":"Large Slime","floor":13,"turns":6},{"damage":0,"enemies":"Lots of Slimes","floor":14,"turns":1},{"damage":68,"enemies":"Hexaghost","floor":16,"turns":16}],"seed_played":"1827509977102775545","potions_obtained":[{"floor":3,"key":"Swift Potion"},{"floor":4,"key":"Block Potion"},{"floor":10,"key":"Explosive Potion"},{"floor":11,"key":"Fire Potion"},{"floor":13,"key":"Explosive Potion"}],"is_trial":false,"path_per_floor":["M","?","M","M","?","R","E","R","T","M","M","M","M","M","R","B"],"character_chosen":"THE_SILENT","items_purchased":[],"campfire_rested":2,"item_purchase_floors":[],"current_hp_per_floor":[63,52,52,52,52,52,18,43,43,43,40,40,40,40,65,0],"gold":353,"neow_bonus":"TWENTY_PERCENT_HP_BONUS","is_prod":false,"is_daily":false,"chose_seed":false,"campfire_upgraded":1,"win_rate":0.0,"timestamp":1548720564,"path_taken":["M","?","M","M","?","R","E","R","T","M","M","M","M","?","R","BOSS"],"build_version":"2019-01-23","purchased_purges":0,"victory":false,"max_hp_per_floor":[84,84,84,84,84,84,84,84,84,84,84,84,84,84,84,84],"card_choices":[{"not_picked":["Dagger Throw","Well Laid Plans"],"picked":"PiercingWail","floor":1},{"not_picked":["Noxious Fumes","Deflect"],"picked":"Backstab","floor":3},{"not_picked":["Deadly Poison","Underhanded Strike"],"picked":"Dagger Spray","floor":4},{"not_picked":["Tools of the Trade","Underhanded Strike"],"picked":"PiercingWail","floor":7},{"not_picked":["PiercingWail","Calculated Gamble","Slice"],"picked":"SKIP","floor":10},{"not_picked":["Finisher","Deflect"],"picked":"All Out Attack","floor":11},{"not_picked":["Calculated Gamble","Dagger Spray"],"picked":"Sucker Punch","floor":12},{"not_picked":["Slice","Endless Agony"],"picked":"Backflip","floor":13},{"not_picked":["Dagger Spray","Accuracy","Eviscerate"],"picked":"SKIP","floor":14},{"not_picked":["Deadly Poison","Blade Dance"],"picked":"Dodge and Roll","floor":15}],"player_experience":143082,"relics_obtained":[{"floor":7,"key":"Dream Catcher"},{"floor":9,"key":"Pen Nib"}],"event_choices":[{"damage_healed":0,"gold_gain":75,"player_choice":"Gather Gold","damage_taken":11,"max_hp_gain":0,"max_hp_loss":0,"event_name":"World of Goop","floor":2,"gold_loss":0},{"cards_removed":["Strike_G"],"damage_healed":0,"gold_gain":0,"player_choice":"Offered Basic","damage_taken":0,"max_hp_gain":0,"max_hp_loss":0,"event_name":"Bonfire Elementals","floor":5,"gold_loss":0}],"is_beta":false,"boss_relics":[],"items_purged_floors":[],"is_endless":false,"potions_floor_spawned":[3,4,10,11,13],"killed_by":"Hexaghost","ascension_level":0}