{"gold_per_floor":[110,110,122,24,24,24,56,75,75,75,85,101,101,126,126,227,227,238,88,0,15,27,56,66,66,148,5,5,5,20,35,35,35],"floor_reached":33,"playtime":9444,"items_purged":["Strike_B","Strike_B"],"score":292,"play_id":"71139dc6-0a0c-4c92-96d5-94f13ea4a546","local_time":"20181023202020","is_ascension_mode":false,"campfire_choices":[{"data":"Zap","floor":6,"key":"SMITH"},{"data":"Rip and Tear","floor":10,"key":"SMITH"},{"data":"Hologram","floor":13,"key":"SMITH"},{"data":"Beam Cell","floor":15,"key":"SMITH"},{"floor":25,"key":"REST"},{"data":"Machine Learning","floor":29,"key":"SMITH"},{"data":"Dualcast","floor":32,"key":"SMITH"}],"neow_cost":"NONE","seed_source_timestamp":1037939340519094,"circlet_count":0,"master_deck":["Strike_B","Defend_B","Defend_B","Defend_B","Defend_B","Zap+1","Dualcast+1","Gash","Sweeping Beam","Rebound+1","Gash","Beam Cell+1","Rip and Tear+1","Hologram+1","Melter","Machine Learning+1","Go for the Eyes+1","Gash+1","Finesse","Rebound","Hologram+1","Hologram+1","Storm","Scrape"],"relics":["Cracked Core","NeowsBlessing","Singing Bowl","Ancient Tea Set","Orichalcum","Odd Mushroom","Eternal Feather","Toxic Egg 2","Letter Opener","Whetstone","Question Card"],"potions_floor_usage":[11,11,16,16,23,30,33,33],"damage_taken":[{"damage":0,"enemies":"Cultist","floor":1,"turns":1},{"damage":0,"enemies":"Small Slimes","floor":3,"turns":1},{"damage":0,"enemies":"Lagavulin","floor":7,"turns":1},{"damage":0,"enemies":"2 Louse","floor":8,"turns":2},{"damage":10,"enemies":"Exordium Wildlife","floor":11,"turns":3},{"damage":0,"enemies":"3 Louse","floor":12,"turns":2},{"damage":8,"enemies":"The Mushroom Lair","floor":14,"turns":3},{"damage":46,"enemies":"The Guardian","floor":16,"turns":6},{"damage":0,"enemies":"Spheric Guardian","floor":18,"turns":2},{"damage":0,"enemies":"3 Byrds","floor":21,"turns":4},{"damage":5,"enemies":"Cultist and Chosen","floor":22,"turns":4},{"damage":31,"enemies":"Book of Stabbing","floor":23,"turns":5},{"damage":17,"enemies":"Centurion and Healer","floor":24,"turns":5},{"damage":6,"enemies":"Shelled Parasite and Fungi","floor":30,"turns":3},{"damage":13,"enemies":"3 Cultists","floor":31,"turns":4},{"damage":80,"enemies":"Automaton","floor":33,"turns":6}],"seed_played":"-1694604112282244132","potions_obtained":[{"floor":1,"key":"PowerPotion"},{"floor":3,"key":"SneckoOil"},{"floor":7,"key":"Energy Potion"},{"floor":12,"key":"Energy Potion"},{"floor":21,"key":"Energy Potion"},{"floor":24,"key":"Explosive Potion"},{"floor":30,"key":"Dexterity Potion"},{"floor":31,"key":"GamblersBrew"}],"is_trial":false,"path_per_floor":["M","?","M","$","?","R","E","M","T","R","M","M","R","?","R","B",null,"M","$","$","M","M","E","M","R","T","$","T","R","M","M","R"],"character_chosen":"DEFECT","items_purchased":["Rebound","Gash","Finesse","Whetstone"],"campfire_rested":1,"item_purchase_floors":[4,19,20,27],"current_hp_per_floor":[75,68,68,68,68,68,68,68,68,68,58,60,60,52,52,6,77,77,77,77,79,74,43,26,61,61,61,61,73,67,54,66,0],"gold":35,"neow_bonus":"THREE_ENEMY_KILL","is_prod":false,"is_daily":false,"chose_seed":false,"campfire_upgraded":6,"win_rate":0.0,"timestamp":1540279220,"path_taken":["M","?","M","$","?","R","E","M","T","R","M","M","R","?","R","BOSS","M","?","$","M","M","E","M","R","T","$","?","R","?","M","R","BOSS"],"build_version":"2018-10-18","purchased_purges":2,"victory":false,"max_hp_per_floor":[75,75,75,75,75,75,75,75,75,75,75,77,77,77,77,77,77,77,77,77,79,79,79,79,79,79,79,79,79,79,79,79,79],"card_choices":[{"not_picked":["Reinforced Body","Beam Cell"],"picked":"Gash","floor":1},{"not_picked":["Compile Driver","Rebound"],"picked":"Sweeping Beam","floor":3},{"not_picked":["Streamline","Coolheaded"],"picked":"Beam Cell","floor":7},{"not_picked":["Reboot","Cold Snap"],"picked":"Rip and Tear","floor":8},{"not_picked":["Compile Driver","Redo"],"picked":"Hologram","floor":11},{"not_picked":["Defragment","Turbo","Compile Driver"],"picked":"Singing Bowl","floor":12},{"not_picked":["Barrage","Stack"],"picked":"Melter","floor":14},{"not_picked":["Fission","Creative AI"],"picked":"Machine Learning","floor":16},{"not_picked":["Doom and Gloom+1","Ball Lightning+1"],"picked":"Go for the Eyes+1","floor":18},{"not_picked":["Steam","Double Energy","Darkness+1"],"picked":"Singing Bowl","floor":21},{"not_picked":["Barrage","Hello World"],"picked":"Rebound","floor":22},{"not_picked":["Steam","Rebound"],"picked":"Hologram+1","floor":23},{"not_picked":["FTL+1","Melter"],"picked":"Hologram+1","floor":24},{"not_picked":["Turbo+1","Tempest+1","Fusion+1"],"picked":"Storm","floor":30},{"not_picked":["FTL+1","Blizzard","Rebound"],"picked":"Scrape","floor":31}],"player_experience":192953,"relics_obtained":[{"floor":7,"key":"Ancient Tea Set"},{"floor":9,"key":"Orichalcum"},{"floor":14,"key":"Odd Mushroom"},{"floor":23,"key":"Toxic Egg 2"},{"floor":26,"key":"Letter Opener"},{"floor":28,"key":"Question Card"}],"event_choices":[{"damage_healed":0,"gold_gain":0,"player_choice":"Success","damage_taken":7,"relics_obtained":["Singing Bowl"],"max_hp_gain":0,"max_hp_loss":0,"event_name":"Scrap Ooze","floor":2,"gold_loss":0},{"damage_healed":0,"gold_gain":0,"cards_transformed":["Strike_B"],"player_choice":"Change","damage_taken":0,"max_hp_gain":0,"max_hp_loss":0,"event_name":"Living Wall","floor":5,"gold_loss":0,"cards_obtained":["Gash"]},{"damage_healed":0,"gold_gain":0,"player_choice":"Fought Mushrooms","damage_taken":0,"max_hp_gain":0,"max_hp_loss":0,"event_name":"Mushrooms","floor":14,"gold_loss":0}],"is_beta":false,"boss_relics":[{"not_picked":["Cursed Key","Inserter"],"picked":"Eternal Feather"}],"items_purged_floors":[4,19],"is_endless":false,"potions_floor_spawned":[1,3,7,12,21,24,30,31],"killed_by":"Automaton","ascension_level":0}