{"gold_per_floor":[116,133,83,83,101,101,129,147,147,147,175,187,197,226,226,322,322,336,349,274,291,390,390,420,439,516,114,128,162,173,187,187,287,287,297,297,297,207,217,217,217,217,269,279,279,306,99,118,118,118],"floor_reached":51,"playtime":1754,"items_purged":["Strike_R","Clothesline+1","Flame Barrier+1"],"score":844,"play_id":"e37b8e4b-d837-4373-9cda-c6bb520fabdb","local_time":"20190128224045","is_ascension_mode":false,"campfire_choices":[{"data":"Clothesline","floor":6.0,"key":"SMITH"},{"data":"Rampage","floor":10.0,"key":"SMITH"},{"data":"True Grit","floor":15.0,"key":"SMITH"},{"data":"Offering","floor":23.0,"key":"SMITH"},{"data":"Evolve","floor":32.0,"key":"SMITH"},{"data":"Feel No Pain","floor":40.0,"key":"SMITH"},{"data":"Feel No Pain","floor":42.0,"key":"SMITH"},{"data":"Double Tap","floor":45.0,"key":"SMITH"},{"data":"Fiend Fire","floor":49.0,"key":"SMITH"}],"neow_cost":"NONE","seed_source_timestamp":5615721702196,"circlet_count":0,"master_deck":["Headbutt+1","Rampage+1","Double Tap+1","True Grit+1","Feed","Evolve+1","Fiend Fire+1","Offering+1","Pummel+1","Reaper+1","Seeing Red+1","Offering+1","Feel No Pain+1","Battle Trance+1","Feel No Pain+1","Shockwave+1","Finesse+1","Finesse+1","Warcry+1","Madness+1","Madness+1","Finesse+1"],"special_seed":0,"relics":["Burning Blood","PreservedInsect","Question Card","Meat on the Bone","Darkstone Periapt","Lantern","Astrolabe","Boot","Toxic Egg 2","Mango","Red Mask","Pandora\u0027s Box","Bronze Scales","Bag of Preparation"],"potions_floor_usage":[],"damage_taken":[{"damage":7.0,"enemies":"2 Louse","floor":1.0,"turns":3.0},{"damage":6.0,"enemies":"Cultist","floor":2.0,"turns":3.0},{"damage":5.0,"enemies":"Small Slimes","floor":5.0,"turns":3.0},{"damage":31.0,"enemies":"Lagavulin","floor":7.0,"turns":5.0},{"damage":0.0,"enemies":"Exordium Wildlife","floor":8.0,"turns":2.0},{"damage":4.0,"enemies":"Gremlin Nob","floor":11.0,"turns":3.0},{"damage":7.0,"enemies":"Blue Slaver","floor":12.0,"turns":3.0},{"damage":11.0,"enemies":"Looter","floor":13.0,"turns":5.0},{"damage":6.0,"enemies":"Lagavulin","floor":14.0,"turns":5.0},{"damage":6.0,"enemies":"Hexaghost","floor":16.0,"turns":7.0},{"damage":26.0,"enemies":"2 Thieves","floor":18.0,"turns":4.0},{"damage":6.0,"enemies":"3 Byrds","floor":19.0,"turns":3.0},{"damage":12.0,"enemies":"Centurion and Healer","floor":21.0,"turns":13.0},{"damage":42.0,"enemies":"Gremlin Leader","floor":24.0,"turns":6.0},{"damage":6.0,"enemies":"Snecko","floor":25.0,"turns":7.0},{"damage":10.0,"enemies":"Cultist and Chosen","floor":28.0,"turns":6.0},{"damage":43.0,"enemies":"Masked Bandits","floor":29.0,"turns":4.0},{"damage":6.0,"enemies":"Chosen and Byrds","floor":30.0,"turns":3.0},{"damage":43.0,"enemies":"3 Cultists","floor":31.0,"turns":6.0},{"damage":34.0,"enemies":"Champ","floor":33.0,"turns":8.0},{"damage":12.0,"enemies":"3 Darklings","floor":35.0,"turns":4.0},{"damage":6.0,"enemies":"3 Shapes","floor":39.0,"turns":4.0},{"damage":12.0,"enemies":"Sphere and 2 Shapes","floor":44.0,"turns":3.0},{"damage":12.0,"enemies":"Giant Head","floor":46.0,"turns":4.0},{"damage":10.0,"enemies":"Spire Growth","floor":48.0,"turns":4.0},{"damage":12,"enemies":"Donu and Deca","floor":50,"turns":2}],"seed_played":"7358640931437054389","potions_obtained":[{"floor":2.0,"key":"SpeedPotion"},{"floor":8.0,"key":"SteroidPotion"},{"floor":12.0,"key":"EssenceOfSteel"},{"floor":14.0,"key":"Block Potion"},{"floor":18.0,"key":"Regen Potion"},{"floor":25.0,"key":"Regen Potion"},{"floor":30.0,"key":"BloodPotion"},{"floor":35.0,"key":"Swift Potion"}],"is_trial":false,"path_per_floor":["M","M","?","?","M","R","E","M","T","R","E","M","M","E","R","B",null,"M","M","$","M","?","R","E","M","T","$","M","?","M","M","R","B",null,"M","?","?","?","M","R","?","R","T","M","R","E","$","M","R","B",null],"character_chosen":"IRONCLAD","items_purchased":["Mango","Finesse+1"],"campfire_rested":0,"item_purchase_floors":[27,47],"current_hp_per_floor":[79,79,79,79,80,80,55,61,61,61,63,62,57,57,57,57,80,72,75,75,82,82,82,51,51,51,65,71,54,64,67,67,58,109,103,93,93,93,112,112,98,98,98,107,107,110,110,114,114,121],"gold":118,"neow_bonus":"RANDOM_COMMON_RELIC","is_prod":false,"is_daily":false,"chose_seed":false,"campfire_upgraded":9,"win_rate":0,"timestamp":1548682845,"path_taken":["M","M","?","?","?","R","E","M","T","R","E","M","M","E","R","BOSS","M","M","$","M","?","R","E","M","T","$","M","?","?","M","R","BOSS","M","?","?","?","?","R","?","R","T","M","R","E","$","M","R","BOSS"],"build_version":"2019-01-23","purchased_purges":3,"victory":true,"max_hp_per_floor":[80,80,80,80,80,80,80,80,80,80,80,80,80,80,80,80,80,80,83,83,86,86,86,86,86,86,100,100,103,106,109,109,109,109,109,109,109,109,112,112,112,112,112,115,115,118,118,121,121,121],"card_choices":[{"not_picked":["Cleave","Sword Boomerang"],"picked":"Headbutt","floor":1.0},{"not_picked":["Twin Strike","Wild Strike"],"picked":"Rampage","floor":2.0},{"not_picked":["True Grit","Rupture"],"picked":"Clothesline","floor":5.0},{"not_picked":["Havoc","Perfected Strike"],"picked":"Double Tap","floor":7.0},{"not_picked":["Uppercut","Pommel Strike","Twin Strike","Wild Strike"],"picked":"SKIP","floor":8.0},{"not_picked":["Pommel Strike","Blood for Blood","Body Slam"],"picked":"True Grit","floor":11.0},{"not_picked":["Body Slam","Dual Wield","Inflame"],"picked":"Feed","floor":12.0},{"not_picked":["Twin Strike","Perfected Strike","Power Through"],"picked":"Evolve","floor":13.0},{"not_picked":["Heavy Blade","Thunderclap","Brutality"],"picked":"Fiend Fire","floor":14.0},{"not_picked":["Reaper","Feed","Barricade"],"picked":"Offering","floor":16.0},{"not_picked":["Thunderclap","Iron Wave","Cleave","Fire Breathing"],"picked":"SKIP","floor":18.0},{"not_picked":["Headbutt","Clothesline","Shockwave+1","Flame Barrier"],"picked":"SKIP","floor":19.0},{"not_picked":["Cleave+1","Brutality","Spot Weakness+1","Dropkick"],"picked":"SKIP","floor":21.0},{"not_picked":["Pommel Strike","Heavy Blade+1","Body Slam","Blood for Blood"],"picked":"SKIP","floor":24.0},{"not_picked":["Entrench+1","Uppercut","Sword Boomerang","Carnage"],"picked":"SKIP","floor":25.0},{"not_picked":["Infernal Blade+1","Body Slam+1","Flame Barrier+1","Inflame"],"picked":"SKIP","floor":28.0},{"not_picked":["Twin Strike","Cleave+1","Clothesline"],"picked":"Seeing Red+1","floor":29.0},{"not_picked":["Twin Strike+1","Entrench+1","Pommel Strike","Combust"],"picked":"SKIP","floor":30.0},{"not_picked":["Armaments+1","Searing Blow","Inflame","Headbutt"],"picked":"SKIP","floor":31.0},{"not_picked":["Feed","Limit Break+1","Double Tap+1"],"picked":"Offering+1","floor":33.0},{"not_picked":["Sever Soul","Iron Wave+1","Sword Boomerang+1","Pummel"],"picked":"SKIP","floor":35.0},{"not_picked":["Good Instincts+1","Thinking Ahead+1","Trip+1"],"picked":"Finesse+1","floor":36.0},{"not_picked":["Dark Shackles+1","Forethought+1","Impatience+1"],"picked":"Finesse+1","floor":36.0},{"not_picked":["Clash+1","Pommel Strike","Body Slam"],"picked":"Warcry+1","floor":39.0},{"not_picked":["Sword Boomerang+1","Clothesline","Pommel Strike","Reckless Charge+1"],"picked":"SKIP","floor":44.0},{"not_picked":["Pummel","Anger+1","Flame Barrier+1","Second Wind+1"],"picked":"SKIP","floor":46.0},{"not_picked":["Pommel Strike","Pummel","True Grit+1","Havoc+1"],"picked":"SKIP","floor":48.0}],"player_experience":1005786,"relics_obtained":[{"floor":7.0,"key":"Question Card"},{"floor":9.0,"key":"Meat on the Bone"},{"floor":11.0,"key":"Darkstone Periapt"},{"floor":14.0,"key":"Lantern"},{"floor":24.0,"key":"Boot"},{"floor":26.0,"key":"Toxic Egg 2"},{"floor":29.0,"key":"Red Mask"},{"floor":43.0,"key":"Bronze Scales"},{"floor":46.0,"key":"Bag of Preparation"}],"event_choices":[{"cards_removed":["Strike_R"],"damage_healed":0.0,"max_hp_gain":0.0,"max_hp_loss":0.0,"gold_gain":0.0,"event_name":"The Cleric","player_choice":"Card Removal","floor":3.0,"gold_loss":50.0,"damage_taken":0.0},{"damage_healed":0.0,"max_hp_gain":0.0,"max_hp_loss":0.0,"gold_gain":0.0,"event_name":"NoteForYourself","player_choice":"Ignored","floor":4.0,"gold_loss":0.0,"damage_taken":0.0},{"damage_healed":0.0,"max_hp_gain":0.0,"max_hp_loss":0.0,"gold_gain":99.0,"event_name":"Nest","player_choice":"Stole From Cult","floor":22.0,"gold_loss":0.0,"damage_taken":0.0},{"damage_healed":0.0,"max_hp_gain":0.0,"max_hp_loss":0.0,"gold_gain":0.0,"event_name":"Masked Bandits","player_choice":"Fought Bandits","floor":29.0,"gold_loss":0.0,"damage_taken":0.0},{"damage_healed":0.0,"max_hp_gain":0.0,"max_hp_loss":0.0,"gold_gain":0.0,"event_name":"SensoryStone","player_choice":"Memory 3","floor":36.0,"gold_loss":0.0,"damage_taken":10.0},{"damage_healed":0.0,"max_hp_gain":0.0,"max_hp_loss":0.0,"gold_gain":0.0,"event_name":"Mysterious Sphere","player_choice":"Ignored","floor":37.0,"gold_loss":0.0,"damage_taken":0.0},{"cards_removed":["Bash"],"damage_healed":0.0,"max_hp_gain":0.0,"max_hp_loss":0.0,"gold_gain":0.0,"event_name":"Designer","player_choice":"Upgrade and Remove","floor":38.0,"gold_loss":90.0,"damage_taken":0.0,"cards_upgraded":["Headbutt"]},{"damage_healed":0.0,"max_hp_gain":0.0,"max_hp_loss":0.0,"gold_gain":0.0,"event_name":"Winding Halls","player_choice":"Embrace Madness","floor":41.0,"gold_loss":0.0,"damage_taken":14.0,"cards_obtained":["Madness","Madness"]}],"is_beta":false,"boss_relics":[{"not_picked":["White Beast Statue","Black Star"],"picked":"Astrolabe"},{"not_picked":["Snecko Eye","Black Blood"],"picked":"Pandora\u0027s Box"}],"items_purged_floors":[20,27,47],"is_endless":false,"potions_floor_spawned":[2,8,12,14,18,25,29,30,35],"ascension_level":0}