{"gold_per_floor":[109,109,128,143,318,318,243,3,3,3,3,19,34,49,49,148,148,160,7,25,125,125,125,135,60,60,60,90,117,135,146,146,146],"floor_reached":33,"playtime":1559,"items_purged":["Doubt"],"score":308,"play_id":"59ac089e-8f76-44ef-aca1-7d56e908621c","local_time":"20181208190714","is_ascension_mode":true,"campfire_choices":[{"data":"True Grit","floor":6,"key":"SMITH"},{"data":"Perfected Strike","floor":11,"key":"SMITH"},{"data":"Flame Barrier","floor":15,"key":"SMITH"},{"data":"RitualDagger","floor":23,"key":"SMITH"},{"data":"Heavy Blade","floor":27,"key":"SMITH"},{"floor":32,"key":"REST"}],"neow_cost":"NONE","seed_source_timestamp":870603987031553,"circlet_count":0,"master_deck":["Strike_R","Strike_R","Strike_R","Strike_R","Strike_R","Defend_R","Defend_R","Defend_R","Bash+1","Perfected Strike+1","Shrug It Off","Flame Barrier+1","True Grit+1","Shrug It Off","Heavy Blade+1","Reaper","Battle Trance","Pommel Strike+1","RitualDagger+1","Rupture+1","Decay","Parasite","Twin Strike+1"],"relics":["Burning Blood","Paper Frog","Mercury Hourglass","Cursed Key","Vajra","Pocketwatch","Gremlin Horn","Darkstone Periapt","Regal Pillow","Anchor"],"potions_floor_usage":[18,33,33],"damage_taken":[{"damage":0,"enemies":"Cultist","floor":1,"turns":2},{"damage":7,"enemies":"Jaw Worm","floor":3,"turns":4},{"damage":12,"enemies":"Small Slimes","floor":4,"turns":5},{"damage":7,"enemies":"3 Louse","floor":12,"turns":3},{"damage":6,"enemies":"Looter","floor":13,"turns":3},{"damage":0,"enemies":"2 Fungi Beasts","floor":14,"turns":3},{"damage":45,"enemies":"Hexaghost","floor":16,"turns":12},{"damage":0,"enemies":"Chosen","floor":18,"turns":6},{"damage":18,"enemies":"Shell Parasite","floor":20,"turns":4},{"damage":10,"enemies":"Colosseum Slavers","floor":21,"turns":5},{"damage":8,"enemies":"Colosseum Nobs","floor":21,"turns":5},{"damage":1,"enemies":"3 Cultists","floor":24,"turns":4},{"damage":60,"enemies":"Book of Stabbing","floor":28,"turns":5},{"damage":8,"enemies":"Centurion and Healer","floor":30,"turns":6},{"damage":6,"enemies":"Snake Plant","floor":31,"turns":3},{"damage":105,"enemies":"Collector","floor":33,"turns":10}],"seed_played":"-627963605338847468","potions_obtained":[{"floor":3,"key":"Swift Potion"},{"floor":4,"key":"SpeedPotion"},{"floor":16,"key":"Block Potion"},{"floor":21,"key":"FairyPotion"},{"floor":31,"key":"SkillPotion"}],"is_trial":false,"path_per_floor":["M","?","M","M","?","R","$","$","T","$","R","M","M","M","R","B",null,"M","$","M","?","?","R","M","?","T","R","E","T","M","M","R","B"],"character_chosen":"IRONCLAD","items_purchased":["Paper Frog","Vajra"],"campfire_rested":1,"item_purchase_floors":[8,19],"current_hp_per_floor":[80,80,79,73,73,73,73,73,73,73,73,72,72,78,78,39,80,80,80,72,66,60,60,80,80,80,80,26,32,30,30,70,0],"gold":146,"neow_bonus":"THREE_CARDS","is_prod":false,"is_daily":false,"chose_seed":false,"campfire_upgraded":5,"win_rate":0,"timestamp":1544270834,"path_taken":["M","?","M","M","?","R","?","$","T","?","R","M","M","M","R","BOSS","M","$","M","?","?","R","M","?","T","R","E","?","M","M","R","BOSS"],"build_version":"2018-12-06","purchased_purges":1,"victory":false,"max_hp_per_floor":[80,80,80,80,80,80,80,80,80,80,80,80,80,80,80,80,80,80,80,80,80,80,80,80,80,80,80,80,86,86,86,86,86],"card_choices":[{"not_picked":["Flex","Havoc"],"picked":"Perfected Strike","floor":0},{"not_picked":["Bloodletting","Spot Weakness"],"picked":"Shrug It Off","floor":1},{"not_picked":["Havoc","Metallicize"],"picked":"Flame Barrier","floor":3},{"not_picked":["Flex","Heavy Blade"],"picked":"True Grit","floor":4},{"not_picked":["Flex","True Grit"],"picked":"Shrug It Off","floor":12},{"not_picked":["Havoc","Fire Breathing","Infernal Blade"],"picked":"SKIP","floor":13},{"not_picked":["Iron Wave","Cleave"],"picked":"Heavy Blade","floor":14},{"not_picked":["Immolate","Brutality"],"picked":"Reaper","floor":16},{"not_picked":["Dropkick","Hemokinesis+1","Clash+1"],"picked":"SKIP","floor":18},{"not_picked":["Thunderclap","True Grit"],"picked":"Battle Trance","floor":20},{"not_picked":["Perfected Strike","Twin Strike"],"picked":"Pommel Strike+1","floor":21},{"not_picked":["Rampage","Exhume"],"picked":"Rupture+1","floor":24},{"not_picked":["Dual Wield","Thunderclap","Infernal Blade"],"picked":"SKIP","floor":28},{"not_picked":["Second Wind","Body Slam"],"picked":"Twin Strike+1","floor":30},{"not_picked":["Iron Wave","True Grit","Feel No Pain"],"picked":"SKIP","floor":31}],"player_experience":191345,"relics_obtained":[{"floor":9,"key":"Mercury Hourglass"},{"floor":21,"key":"Pocketwatch"},{"floor":21,"key":"Gremlin Horn"},{"floor":26,"key":"Darkstone Periapt"},{"floor":28,"key":"Regal Pillow"},{"floor":29,"key":"Anchor"}],"event_choices":[{"damage_healed":0,"gold_gain":0,"player_choice":"Grow","damage_taken":0,"max_hp_gain":0,"max_hp_loss":0,"event_name":"Living Wall","floor":2,"gold_loss":0,"cards_upgraded":["Bash"]},{"damage_healed":0,"gold_gain":175,"player_choice":"AGREE","damage_taken":0,"max_hp_gain":0,"max_hp_loss":0,"event_name":"Liars Game","floor":5,"gold_loss":0,"cards_obtained":["Doubt"]},{"damage_healed":0,"gold_gain":0,"player_choice":"Fight","damage_taken":0,"max_hp_gain":0,"max_hp_loss":0,"event_name":"Colosseum","floor":21,"gold_loss":0},{"damage_healed":0,"gold_gain":0,"player_choice":"Fought Nobs","damage_taken":0,"max_hp_gain":0,"max_hp_loss":0,"event_name":"Colosseum","floor":21,"gold_loss":0},{"damage_healed":0,"gold_gain":0,"player_choice":"Joined the Cult","damage_taken":6,"max_hp_gain":0,"max_hp_loss":0,"event_name":"Nest","floor":22,"gold_loss":0,"cards_obtained":["RitualDagger"]},{"cards_removed":["Defend_R"],"damage_healed":0,"gold_gain":0,"player_choice":"Gave Gold","damage_taken":0,"max_hp_gain":0,"max_hp_loss":0,"event_name":"Beggar","floor":25,"gold_loss":75}],"is_beta":false,"boss_relics":[{"not_picked":["Eternal Feather","Black Blood"],"picked":"Cursed Key"}],"items_purged_floors":[7],"is_endless":false,"potions_floor_spawned":[3,4,16,21,21,31],"killed_by":"Collector","ascension_level":4}