{"path_per_floor":["M","M","?","$","?","R","E","M","T","M","R","?","M","M","R","B",null,"M","M","$","?","M","R","M","R","T","M","?","E","M","M","R","B",null,"M","?","?","?","M","R","$","M","T","T","E","$","R","M","R","B"],"character_chosen":"THE_SILENT","items_purchased":["Flying Knee","Infinite Blades","Leg Sweep"],"gold_per_floor":[112,125,125,26,26,26,51,65,90,109,109,109,122,134,134,237,237,237,237,61,61,61,61,61,61,61,61,61,61,61,61,61,61,61,61,61,61,61,61,61,61,61,61,61,61,24,24,24,24,24],"floor_reached":51,"campfire_rested":0,"playtime":1951,"current_hp_per_floor":[69,69,69,69,69,69,55,55,55,53,53,46,46,46,46,39,70,70,70,70,70,70,70,70,70,70,67,51,55,55,57,57,47,77,77,67,67,67,60,60,60,64,64,64,70,70,70,71,71,26],"items_purged":["Strike_G","Strike_G"],"gold":24,"score":699,"play_id":"d4346e13-2501-4683-9d5b-cb140931ec55","local_time":"20180421092013","is_prod":false,"is_daily":false,"chose_seed":false,"is_ascension_mode":false,"campfire_upgraded":9,"timestamp":1524295213,"path_taken":["M","M","?","$","?","R","E","M","T","M","R","?","?","M","R","BOSS","M","M","$","?","M","R","M","R","T","M","?","E","M","M","R","BOSS","M","?","?","?","M","R","$","?","T","?","E","?","R","?","R","BOSS"],"build_version":"2018-04-19","seed_source_timestamp":51408940313042,"purchased_purges":2,"victory":true,"master_deck":["Defend_G","Defend_G","Defend_G","Defend_G","Strike_G","Strike_G","Survivor+1","Neutralize+1","Wraith Form v2","Terror","Dash+1","Flying Knee+1","PiercingWail","Leg Sweep+1","Backstab","Dagger Spray+1","Storm of Steel+1","Infinite Blades","Skewer+1","Dodge and Roll+1","Slice","Dagger Spray+1","Cloak And Dagger+1","Accuracy+1","Madness","Madness","Riddle With Holes+1","Leg Sweep+1","Escape Plan"],"max_hp_per_floor":[70,70,70,70,70,70,70,70,70,70,70,70,70,70,70,70,70,70,70,70,70,70,70,70,70,70,70,70,77,77,77,77,77,77,77,77,77,77,77,77,77,77,77,77,77,77,77,77,77,77],"relics":["Ring of the Snake","Bag of Preparation","Omamori","Ectoplasm","Bird Faced Urn","Necronomicon","Strawberry","Philosopher\u0027s Stone","Happy Flower","Orichalcum","Molten Egg 2"],"card_choices":[{"not_picked":["Deadly Poison","Distraction"],"picked":"Terror","floor":1},{"not_picked":["Caltrops","Distraction"],"picked":"Dash","floor":2},{"not_picked":["Quick Slash","Dagger Throw"],"picked":"PiercingWail","floor":7},{"not_picked":["Footwork","Slice"],"picked":"Leg Sweep","floor":8},{"not_picked":["Deflect","Quick Slash"],"picked":"Backstab","floor":10},{"not_picked":["Adrenaline","Dagger Throw"],"picked":"Dagger Spray","floor":14},{"not_picked":["Burst","Doppelganger"],"picked":"Storm of Steel","floor":16},{"not_picked":["PiercingWail","Quick Slash"],"picked":"Skewer","floor":22},{"not_picked":["Underhanded Strike","Flechettes"],"picked":"Dodge and Roll","floor":24},{"not_picked":["Dagger Spray","Deadly Poison"],"picked":"Slice","floor":27},{"not_picked":["Flying Knee","Outmaneuver"],"picked":"Dagger Spray","floor":29},{"not_picked":["Dagger Spray","Deflect"],"picked":"Cloak And Dagger","floor":30},{"not_picked":["Dagger Throw","Deadly Poison"],"picked":"Accuracy","floor":31},{"not_picked":["All Out Attack","Bane"],"picked":"Riddle With Holes","floor":45},{"not_picked":["Prepared","Night Terror"],"picked":"Escape Plan","floor":48}],"player_experience":502900,"potions_floor_usage":[16,33,45,50,50],"damage_taken":[{"damage":1,"enemies":"Cultist","floor":1,"turns":4},{"damage":0,"enemies":"Jaw Worm","floor":2,"turns":5},{"damage":14,"enemies":"Lagavulin","floor":7,"turns":7},{"damage":0,"enemies":"Small Slimes","floor":8,"turns":3},{"damage":2,"enemies":"Gremlin Gang","floor":10,"turns":5},{"damage":0,"enemies":"Blue Slaver","floor":13,"turns":3},{"damage":0,"enemies":"2 Fungi Beasts","floor":14,"turns":3},{"damage":7,"enemies":"Hexaghost","floor":16,"turns":13},{"damage":0,"enemies":"3 Byrds","floor":18,"turns":6},{"damage":0,"enemies":"Shell Parasite","floor":19,"turns":3},{"damage":0,"enemies":"Centurion and Healer","floor":22,"turns":5},{"damage":0,"enemies":"Snecko","floor":24,"turns":5},{"damage":3,"enemies":"Snake Plant","floor":27,"turns":4},{"damage":5,"enemies":"Book of Stabbing","floor":29,"turns":5},{"damage":0,"enemies":"Slaver and Parasite","floor":30,"turns":2},{"damage":0,"enemies":"Sentry and Sphere","floor":31,"turns":3},{"damage":14,"enemies":"Collector","floor":33,"turns":10},{"damage":0,"enemies":"Orb Walker","floor":35,"turns":2},{"damage":11,"enemies":"3 Darklings","floor":39,"turns":5},{"damage":0,"enemies":"4 Shapes","floor":42,"turns":3},{"damage":10,"enemies":"Giant Head","floor":45,"turns":6},{"damage":3,"enemies":"Maw","floor":48,"turns":8},{"damage":51,"enemies":"Awakened One","floor":50,"turns":16}],"event_choices":[{"event_name":"Liars Game","player_choice":"disagreed","floor":3,"damage_taken":0},{"event_name":"Living Wall","player_choice":"Grow","floor":5,"damage_taken":0},{"event_name":"Golden Wing","player_choice":"Card Removal","floor":12,"damage_taken":0},{"event_name":"Beggar","player_choice":"Ignored","floor":21,"damage_taken":0},{"event_name":"Cursed Tome","player_choice":"Obtained Book","floor":28,"damage_taken":0},{"event_name":"Winding Halls","player_choice":"Embrace Madness","floor":36,"damage_taken":0},{"event_name":"SecretPortal","player_choice":"Rejected Portal.","floor":38,"damage_taken":0}],"boss_relics":[{"not_picked":["Snecko Eye","Velvet Choker"],"picked":"Ectoplasm"},{"not_picked":["Eternal Feather","Tiny House"],"picked":"Philosopher\u0027s Stone"}],"potions_floor_spawned":[7,10,13,14,24,27,30,31,35,39,45],"seed_played":"3799369500731210860","ascension_level":0,"is_trial":false}