{"path_per_floor":["M","M","M","?","M","E","$","M","T","?","R","M","R","M","R","B",null,"M","$","?","M","$","R","E","R","T","?","R","?","R","M","R","B",null,"M","M","M","$","?","R","E","M","T","R","?","T","M","M","R"],"character_chosen":"THE_SILENT","items_purchased":["Regen Potion","Noxious Fumes","Accuracy","Adrenaline","Fire Potion","Kunai"],"gold_per_floor":[118,130,145,320,294,326,128,147,147,147,147,157,157,177,177,282,282,292,48,48,44,44,44,79,79,103,103,103,103,103,115,115,220,220,231,243,263,15,15,15,49,59,59,59,59,104,117,128,128],"floor_reached":50,"campfire_rested":5,"playtime":6219,"current_hp_per_floor":[77,77,77,77,68,3,3,15,15,15,38,38,61,60,60,54,77,76,76,76,68,68,68,39,62,69,61,61,84,84,84,84,53,84,43,38,27,27,73,73,15,11,11,32,50,50,41,27,48],"items_purged":["Doubt"],"gold":128,"score":517,"play_id":"8607a586-7ae1-4f0c-a62c-15e2b8d7893b","local_time":"20180320160929","is_prod":false,"is_daily":false,"is_ascension_mode":false,"campfire_upgraded":6,"timestamp":1521558569,"path_taken":["M","?","?","?","M","E","$","M","T","?","R","?","R","?","R","BOSS","M","$","?","M","$","R","E","R","T","?","R","?","R","?","R","BOSS","M","M","M","$","?","R","E","?","T","R","?","?","M","M","R","BOSS"],"build_version":"2018-03-15v3","purchased_purges":2,"victory":false,"master_deck":["Defend_G","Defend_G","Defend_G","Defend_G","Defend_G","Strike_G","Strike_G","Strike_G","Strike_G","Strike_G","Survivor","Neutralize","Cloak And Dagger+1","Poisoned Stab+1","Dodge and Roll","Backflip","Noxious Fumes+1","Dodge and Roll","Leg Sweep","Poisoned Stab","Adrenaline","Dagger Spray+1","Accuracy+1","Adrenaline","Deadly Poison+1","Escape Plan","Poisoned Stab","Die Die Die+1","Quick Slash","Sucker Punch","Backstab+1","PiercingWail","Finisher+1","Writhe","Flying Knee","Sucker Punch"],"max_hp_per_floor":[77,77,77,77,77,77,77,77,77,77,77,77,77,77,77,77,77,77,77,77,77,77,77,77,77,84,84,84,84,84,84,84,84,84,84,84,84,84,73,73,73,73,73,73,73,73,73,73,73],"relics":["Ring of the Snake","Bag of Preparation","Calipers","Velvet Choker","Dodecahedron","Strawberry","Philosopher\u0027s Stone","Kunai","Vajra","Mercury Hourglass","Anchor"],"card_choices":[{"not_picked":["Dodge and Roll","Deadly Poison"],"picked":"Cloak And Dagger"},{"not_picked":["Quick Slash","Deadly Poison"],"picked":"Poisoned Stab"},{"not_picked":["Outmaneuver","Dash"],"picked":"Dodge and Roll"},{"not_picked":["Quick Slash","Deadly Poison"],"picked":"Backflip"},{"not_picked":["Grand Finale","Caltrops"],"picked":"Dodge and Roll"},{"not_picked":["Quick Slash","Flying Knee"],"picked":"Leg Sweep"},{"not_picked":["Expertise","Quick Slash"],"picked":"Poisoned Stab"},{"not_picked":["Envenom","Phantasmal Killer"],"picked":"Adrenaline"},{"not_picked":["Masterful Stab","Underhanded Strike"],"picked":"Dagger Spray"},{"not_picked":["All Out Attack","Slice"],"picked":"Deadly Poison"},{"not_picked":["Deflect","A Thousand Cuts"],"picked":"Escape Plan"},{"not_picked":["Dagger Throw","Outmaneuver"],"picked":"Poisoned Stab"},{"not_picked":["Grand Finale","Unload"],"picked":"Die Die Die"},{"not_picked":["Backflip","Dodge and Roll"],"picked":"Quick Slash"},{"not_picked":["Acrobatics","Deflect"],"picked":"Sucker Punch"},{"not_picked":["Underhanded Strike","Outmaneuver"],"picked":"Backstab"},{"not_picked":["Acrobatics","Eviscerate"],"picked":"PiercingWail"},{"not_picked":["Concentrate","Wraith Form"],"picked":"Finisher"},{"not_picked":["Deflect","Skewer"],"picked":"Flying Knee"},{"not_picked":["Outmaneuver","Backflip"],"picked":"Sucker Punch"}],"player_experience":216641,"potions_floor_usage":[6,8,16,16,21,33,33,33,41,42],"damage_taken":[{"damage":0,"enemies":"Cultist","floor":1,"turns":5},{"damage":0,"enemies":"2 Louse","floor":2,"turns":4},{"damage":0,"enemies":"Small Slimes","floor":3,"turns":5},{"damage":9,"enemies":"Exordium Thugs","floor":5,"turns":8},{"damage":74,"enemies":"Gremlin Nob","floor":6,"turns":7},{"damage":0,"enemies":"Large Slime","floor":8,"turns":5},{"damage":0,"enemies":"2 Fungi Beasts","floor":12,"turns":6},{"damage":1,"enemies":"Exordium Thugs","floor":14,"turns":7},{"damage":6,"enemies":"Hexaghost","floor":16,"turns":11},{"damage":1,"enemies":"Spheric Guardian","floor":18,"turns":6},{"damage":8,"enemies":"2 Thieves","floor":21,"turns":4},{"damage":29,"enemies":"Book of Stabbing","floor":24,"turns":6},{"damage":0,"enemies":"3 Cultists","floor":31,"turns":5},{"damage":31,"enemies":"Automaton","floor":33,"turns":10},{"damage":41,"enemies":"3 Darklings","floor":35,"turns":6},{"damage":5,"enemies":"Orb Walker","floor":36,"turns":4},{"damage":11,"enemies":"Maw","floor":37,"turns":8},{"damage":58,"enemies":"Giant Head","floor":41,"turns":10},{"damage":4,"enemies":"4 Shapes","floor":42,"turns":7},{"damage":9,"enemies":"Sphere and 2 Shapes","floor":47,"turns":5},{"damage":14,"enemies":"Maw","floor":48,"turns":9},{"damage":49,"enemies":"Donu and Deca","floor":50,"turns":5}],"event_choices":[{"event_name":"Liars Game","player_choice":"agreed","floor":4,"damage_taken":0},{"event_name":"Golden Idol","player_choice":"Ignored","floor":10,"damage_taken":0},{"event_name":"Addict","player_choice":"Ignored","floor":20,"damage_taken":0},{"event_name":"Wheel of Change","player_choice":"Damage","floor":27,"damage_taken":0},{"event_name":"The Library","player_choice":"Heal","floor":29,"damage_taken":0},{"event_name":"The Moai Head","player_choice":"Heal","floor":39,"damage_taken":0},{"event_name":"Winding Halls","player_choice":"Writhe","floor":45,"damage_taken":0}],"boss_relics":[{"not_picked":["Ectoplasm","Black Star"],"picked":"Velvet Choker"},{"not_picked":["White Beast Statue","Cursed Key"],"picked":"Philosopher\u0027s Stone"}],"potions_floor_spawned":[3,6,8,14,24,31,35,37],"seed_played":"-1673769559055553946","killed_by":"Donu and Deca","ascension_level":0,"is_trial":false}