{"gold_per_floor":[99,119,119,137,150,150,183,183,210,220,238,11,42,59,59,161,161,181,181,181,30,50,78,78,94,145,145,158,11,11,22,22,22],"floor_reached":33,"playtime":2349,"items_purged":[],"score":491,"play_id":"171822c5-d8c1-4bfa-b0ba-95a7a3ac0639","local_time":"20190127152903","daily_mods":["SealedDeck"],"is_ascension_mode":true,"campfire_choices":[{"data":"Defragment","floor":6.0,"key":"SMITH"},{"data":"Flame Barrier","floor":8.0,"key":"SMITH"},{"data":"Discovery","floor":15,"key":"SMITH"},{"data":"Hologram","floor":24,"key":"SMITH"},{"floor":32,"key":"DIG"}],"neow_cost":"","seed_source_timestamp":0,"circlet_count":0,"master_deck":["AscendersBane","Streamline","Conserve Battery","Reinforced Body","Ball Lightning","Time Bomb","Leap","Coolheaded","BasicCrystalCard+1","Leap+1","ReplaySolidLightProjector","Doom and Gloom","Flame Barrier+1","Crystallizer","Coolheaded","Discovery+1","Steam","Blur","Multi-Cast","Fluid Movement+1","Ball Lightning+1","hubris:DuctTapeCard","Hologram+1","Defragment","Dodge and Roll+1","Writhe","White Noise+1"],"special_seed":0,"relics":["Cracked Core","PrismaticShard","Bag of Preparation","Bag of Marbles","Strawberry","aspiration:HummingbirdHeart","hubris:CrackedHourglass","hubris:BallOfYels","hubris:DuctTape","Potion Belt","Replay:Rubber Ducky","Shovel","Dream Catcher"],"potions_floor_usage":[28],"damage_taken":[{"damage":0.0,"enemies":"Jaw Worm","floor":2.0,"turns":3.0},{"damage":0.0,"enemies":"Cultist","floor":4.0,"turns":3.0},{"damage":0.0,"enemies":"2 Louse","floor":5.0,"turns":3.0},{"damage":0.0,"enemies":"Gremlin Nob","floor":7.0,"turns":4.0},{"damage":0.0,"enemies":"2 Fungi Beasts","floor":10.0,"turns":3.0},{"damage":0.0,"enemies":"Looter","floor":11.0,"turns":3.0},{"damage":6.0,"enemies":"3 Sentries","floor":13.0,"turns":8.0},{"damage":0.0,"enemies":"Exordium Wildlife","floor":14.0,"turns":4.0},{"damage":1,"enemies":"Hexaghost","floor":16,"turns":9},{"damage":0,"enemies":"Shell Parasite","floor":18,"turns":5},{"damage":5,"enemies":"theJungle:MUSHROOMGANG","floor":22,"turns":5},{"damage":0,"enemies":"theJungle:2_Phrogs","floor":23,"turns":6},{"damage":0,"enemies":"theJungle:Snecko_Cultist_And_Trap","floor":25,"turns":5},{"damage":11,"enemies":"theJungle:JungleHuntersEncounter","floor":28,"turns":5},{"damage":0,"enemies":"theJungle:Lyon","floor":31,"turns":4},{"damage":1,"enemies":"theJungle:QueenSpyder","floor":33,"turns":8}],"seed_played":"5114766263889535140","potions_obtained":[{"floor":4.0,"key":"Block Potion"},{"floor":5.0,"key":"Reflective Coating"},{"floor":14.0,"key":"Block Potion"},{"floor":18,"key":"Dexterity Potion"},{"floor":25,"key":"SkillPotion"},{"floor":28,"key":"Languid Potion"}],"is_trial":true,"path_per_floor":["?","M","?","M","M","R","E","R","T","M","M","$","E","M","R","B",null,"M","$","?","$","M","E","R","M","T","?","M","$","?","M","R","B"],"character_chosen":"DEFECT","items_purchased":["Strawberry","Capacitor","hubris:BallOfYels","Replay:Rubber Ducky"],"campfire_rested":0,"item_purchase_floors":[12,12,21,29],"current_hp_per_floor":[68,68,60,60,60,60,60,60,60,60,60,67,61,61,61,60,77,77,77,77,77,72,72,72,72,72,72,61,61,61,61,61,0],"gold":22,"neow_bonus":"","is_prod":false,"is_daily":false,"chose_seed":false,"campfire_upgraded":4,"win_rate":0,"timestamp":1548599343,"path_taken":["?","M","?","M","M","R","E","R","T","M","M","$","E","M","R","BOSS","M","$","?","$","M","E","R","?","T","?","M","$","?","M","R","BOSS"],"build_version":"2019-01-23","purchased_purges":0,"victory":false,"max_hp_per_floor":[75,75,75,75,75,75,75,75,75,75,75,82,82,82,82,82,82,82,82,82,82,82,82,82,82,82,82,82,82,82,82,82,82],"card_choices":[{"not_picked":["Rebound","Skim"],"picked":"ReplaySolidLightProjector","floor":2.0},{"not_picked":["Ball Lightning","Force Field"],"picked":"Doom and Gloom","floor":3.0},{"not_picked":["Massacre","Heatsinks"],"picked":"Flame Barrier","floor":4.0},{"not_picked":["Bane","Leg Sweep"],"picked":"Crystallizer","floor":5.0},{"not_picked":["Mind Blast","Cloak And Dagger"],"picked":"Coolheaded","floor":7.0},{"not_picked":["Poisoned Stab","Sucker Punch"],"picked":"Discovery","floor":10.0},{"not_picked":["Metallicize","Go for the Eyes"],"picked":"Steam","floor":11.0},{"not_picked":["Run Through","Crippling Poison"],"picked":"Blur","floor":13.0},{"not_picked":["Sentinel","Hemokinesis","Catalyst"],"picked":"SKIP","floor":14.0},{"not_picked":["A Thousand Cuts","Phantasmal Killer"],"picked":"Multi-Cast","floor":16},{"not_picked":["Replay:Undeath\u0027s Touch+1","Coolheaded"],"picked":"Fluid Movement+1","floor":18},{"not_picked":["Headbutt","Purity+1"],"picked":"Ball Lightning+1","floor":22},{"not_picked":["Coolheaded","Wraith Form v2"],"picked":"Hologram","floor":23},{"not_picked":["ReplayTheSpireMod:Strike From Hell","Leap+1"],"picked":"Defragment","floor":25},{"not_picked":["Sword Boomerang+1","Fluid Movement"],"picked":"Dodge and Roll+1","floor":28},{"not_picked":["Slice+1","Metamorphosis"],"picked":"White Noise+1","floor":31}],"player_experience":1091955,"relics_obtained":[{"floor":3.0,"key":"PrismaticShard"},{"floor":7.0,"key":"Bag of Preparation"},{"floor":9.0,"key":"Bag of Marbles"},{"floor":13.0,"key":"aspiration:HummingbirdHeart"},{"floor":23,"key":"hubris:DuctTape"},{"floor":26,"key":"Potion Belt"},{"floor":32,"key":"Dream Catcher"}],"event_choices":[{"damage_healed":0,"gold_gain":0,"player_choice":"Upgraded","damage_taken":0,"max_hp_gain":0,"max_hp_loss":0,"event_name":"Upgrade Shrine","floor":20,"gold_loss":0,"cards_upgraded":["BasicCrystalCard"]}],"is_beta":false,"boss_relics":[{"not_picked":["Replay:Drink Me","Coffee Dripper"],"picked":"hubris:CrackedHourglass"}],"items_purged_floors":[],"is_endless":false,"potions_floor_spawned":[4,5,14,18,25,28],"killed_by":"theJungle:QueenSpyder","ascension_level":10}