{"gold_per_floor":[113,38,58,68,80,80,80,80,80,80,100,120,148,164,164,266,266,282,242,266,278,298,298,315,332,385,385,397,410,422,113,113,216,216,235,235],"floor_reached":36,"playtime":1680,"items_purged":["Strike_B","Strike_B"],"score":397,"play_id":"0daf0f3d-c3be-406f-ab7c-a481f007511b","local_time":"20181023170827","is_ascension_mode":false,"campfire_choices":[{"data":"Zap","floor":6,"key":"SMITH"},{"data":"Dualcast","floor":8,"key":"SMITH"},{"data":"Biased Cognition","floor":10,"key":"SMITH"},{"floor":15,"key":"REST"},{"data":"Redo","floor":23,"key":"SMITH"},{"floor":27,"key":"REST"},{"floor":32,"key":"REST"}],"neow_cost":"NONE","seed_source_timestamp":1034189432830183,"circlet_count":0,"master_deck":["Strike_B","Strike_B","Defend_B","Defend_B","Defend_B","Defend_B+1","Zap+1","Dualcast+1","Redo","Ball Lightning","Biased Cognition+1","Rebound","Loop+1","Storm","Redo+1","Sweeping Beam","Thunder Strike","Static Discharge","Sunder+1","White Noise+1","Redo","Lockon+1","Ball Lightning","Redo+1","Sweeping Beam","Tempest","Defragment","Buffer"],"relics":["Cracked Core","NeowsBlessing","Pocketwatch","Bottled Tornado","Boot","Nuclear Battery","Omamori","Dream Catcher","Chemical X","Inserter"],"potions_floor_usage":[5,14,16,21,25,33],"damage_taken":[{"damage":0,"enemies":"Cultist","floor":1,"turns":1},{"damage":0,"enemies":"2 Louse","floor":3,"turns":1},{"damage":0,"enemies":"Jaw Worm","floor":4,"turns":1},{"damage":3,"enemies":"Red Slaver","floor":5,"turns":2},{"damage":13,"enemies":"3 Louse","floor":11,"turns":2},{"damage":12,"enemies":"Gremlin Gang","floor":12,"turns":3},{"damage":13,"enemies":"3 Sentries","floor":13,"turns":3},{"damage":18,"enemies":"Lots of Slimes","floor":14,"turns":2},{"damage":35,"enemies":"Hexaghost","floor":16,"turns":6},{"damage":0,"enemies":"Spheric Guardian","floor":18,"turns":2},{"damage":25,"enemies":"2 Thieves","floor":21,"turns":2},{"damage":0,"enemies":"Snake Plant","floor":22,"turns":2},{"damage":30,"enemies":"Centurion and Healer","floor":24,"turns":5},{"damage":5,"enemies":"Chosen and Byrds","floor":25,"turns":3},{"damage":0,"enemies":"Snake Plant","floor":28,"turns":2},{"damage":15,"enemies":"Centurion and Healer","floor":29,"turns":3},{"damage":13,"enemies":"3 Cultists","floor":30,"turns":3},{"damage":29,"enemies":"Automaton","floor":33,"turns":6},{"damage":33,"enemies":"3 Darklings","floor":35,"turns":3},{"damage":46,"enemies":"2 Orb Walkers","floor":36,"turns":3}],"seed_played":"3833622341163016625","potions_obtained":[{"floor":3,"key":"GamblersBrew"},{"floor":5,"key":"GamblersBrew"},{"floor":14,"key":"FocusPotion"},{"floor":16,"key":"Regen Potion"},{"floor":24,"key":"PowerPotion"},{"floor":30,"key":"Ancient Potion"},{"floor":33,"key":"SteroidPotion"},{"floor":35,"key":"Dexterity Potion"}],"is_trial":false,"path_per_floor":["M","$","M","M","M","R","?","R","T","R","M","M","E","M","R","B",null,"M","?","T","M","M","R","M","M","T","R","M","M","M","$","R","B",null,"M"],"character_chosen":"DEFECT","items_purchased":["Chemical X"],"campfire_rested":3,"item_purchase_floors":[31],"current_hp_per_floor":[75,75,75,75,72,72,72,72,72,72,59,47,34,16,38,3,75,75,75,75,55,55,55,25,20,20,42,42,27,14,14,36,7,75,42,0],"gold":235,"neow_bonus":"THREE_ENEMY_KILL","is_prod":false,"is_daily":false,"chose_seed":false,"campfire_upgraded":4,"win_rate":0.0,"timestamp":1540267707,"path_taken":["M","$","M","?","M","R","?","R","T","R","M","M","E","M","R","BOSS","M","?","?","?","M","R","?","?","T","R","M","M","M","$","R","BOSS","M","?"],"build_version":"2018-10-18","purchased_purges":2,"victory":false,"max_hp_per_floor":[75,75,75,75,75,75,75,75,75,75,75,75,75,75,75,75,75,75,75,75,75,75,75,75,75,75,75,75,75,75,75,75,75,75,75,75],"card_choices":[{"not_picked":["Rebound","Steam Power"],"picked":"Redo","floor":1},{"not_picked":["Rebound","Turbo"],"picked":"Ball Lightning","floor":3},{"not_picked":["Rebound","Stack"],"picked":"Biased Cognition","floor":4},{"not_picked":["Turbo","Compile Driver"],"picked":"Rebound","floor":5},{"not_picked":["Fusion","Blizzard"],"picked":"Loop","floor":11},{"not_picked":["Force Field","Compile Driver"],"picked":"Storm","floor":12},{"not_picked":["All For One","Cold Snap"],"picked":"Redo","floor":13},{"not_picked":["Coolheaded","Cold Snap"],"picked":"Sweeping Beam","floor":14},{"not_picked":["Meteor Strike","Rainbow"],"picked":"Thunder Strike","floor":16},{"not_picked":["Hologram","Rebound"],"picked":"Static Discharge","floor":18},{"not_picked":["Coolheaded","Turbo+1"],"picked":"Sunder+1","floor":21},{"not_picked":["Chaos","Melter"],"picked":"White Noise+1","floor":22},{"not_picked":["Barrage+1","Cold Snap"],"picked":"Redo","floor":24},{"not_picked":["Redo","Undo+1"],"picked":"Lockon+1","floor":25},{"not_picked":["Cold Snap+1","Beam Cell"],"picked":"Ball Lightning","floor":27},{"not_picked":["Recycle","Compile Driver"],"picked":"Redo+1","floor":28},{"not_picked":["Force Field","Stack"],"picked":"Sweeping Beam","floor":29},{"not_picked":["Rip and Tear+1","Chill"],"picked":"Tempest","floor":30},{"not_picked":["Meteor Strike","Turbo"],"picked":"Defragment","floor":32},{"not_picked":["Amplify","Creative AI"],"picked":"Buffer","floor":33},{"not_picked":["Steam","Beam Cell","Turbo"],"picked":"SKIP","floor":35}],"player_experience":189350,"relics_obtained":[{"floor":9,"key":"Bottled Tornado"},{"floor":13,"key":"Boot"},{"floor":20,"key":"Omamori"},{"floor":26,"key":"Dream Catcher"}],"event_choices":[{"damage_healed":0,"gold_gain":0,"player_choice":"Searched \u00271\u0027 times","damage_taken":0,"relics_obtained":["Pocketwatch"],"max_hp_gain":0,"max_hp_loss":0,"event_name":"Dead Adventurer","floor":7,"gold_loss":0},{"damage_healed":0,"gold_gain":0,"player_choice":"Upgraded Two","damage_taken":0,"max_hp_gain":0,"max_hp_loss":0,"event_name":"Designer","floor":19,"gold_loss":40,"cards_upgraded":["Loop","Defend_B"]},{"damage_healed":0,"gold_gain":0,"player_choice":"Fight","damage_taken":0,"max_hp_gain":0,"max_hp_loss":0,"event_name":"Mysterious Sphere","floor":36,"gold_loss":0}],"is_beta":false,"boss_relics":[{"not_picked":["Cursed Key","Runic Dome"],"picked":"Nuclear Battery"},{"not_picked":["Coffee Dripper","Sozu"],"picked":"Inserter"}],"items_purged_floors":[2,31],"is_endless":false,"potions_floor_spawned":[3,5,14,16,24,30,33,35],"killed_by":"2 Orb Walkers","ascension_level":0}