{"gold_per_floor":[119,119,47,47,64,64,76,76,76,89,119,135,195,195],"floor_reached":14,"playtime":435,"items_purged":[],"score":195,"play_id":"e023b890-ef2e-4c72-a304-198090624c07","local_time":"20190103003606","is_ascension_mode":true,"campfire_choices":[{"data":"Limit Break","floor":6,"key":"SMITH"},{"data":"True Grit","floor":8,"key":"SMITH"}],"neow_cost":"NONE","seed_source_timestamp":21991284387132,"circlet_count":0,"master_deck":["AscendersBane","Bash","Shrug It Off","Demon Form","Carnage","Headbutt","Fire Breathing","Offering","Offering","True Grit+1","Limit Break+1","Anger","Headbutt","Shrug It Off","Sword Boomerang","Armaments","Pummel"],"relics":["Pandora\u0027s Box","Bronze Scales","Frozen Egg 2","Paper Frog","Magic Flower","Tiny Chest"],"potions_floor_usage":[12,13],"damage_taken":[{"damage":5,"enemies":"Small Slimes","floor":1,"turns":3},{"damage":0,"enemies":"2 Louse","floor":5,"turns":2},{"damage":0,"enemies":"Cultist","floor":7,"turns":2},{"damage":14,"enemies":"Lots of Slimes","floor":10,"turns":3},{"damage":14,"enemies":"Gremlin Nob","floor":11,"turns":3},{"damage":6,"enemies":"Large Slime","floor":12,"turns":3},{"damage":24,"enemies":"3 Sentries","floor":13,"turns":5},{"damage":6,"enemies":"Red Slaver","floor":14,"turns":1}],"seed_played":"-9161000533738948954","potions_obtained":[{"floor":7,"key":"LiquidBronze"},{"floor":10,"key":"Fire Potion"},{"floor":11,"key":"BloodPotion"}],"is_trial":false,"path_per_floor":["M","?","?","$","M","R","M","R","T","M","E","M","E","M"],"character_chosen":"IRONCLAD","items_purchased":[],"campfire_rested":0,"item_purchase_floors":[],"current_hp_per_floor":[63,52,52,52,52,52,52,52,52,38,24,29,5,0],"gold":195,"neow_bonus":"BOSS_RELIC","is_prod":false,"is_daily":false,"chose_seed":false,"campfire_upgraded":2,"win_rate":0,"timestamp":1546504566,"path_taken":["M","?","?","$","?","R","M","R","T","M","E","M","E","?"],"build_version":"2019-01-01v2","purchased_purges":0,"victory":false,"max_hp_per_floor":[75,75,75,75,75,75,75,75,75,75,75,75,75,75],"card_choices":[{"not_picked":["Cleave","Uppercut"],"picked":"Anger","floor":1},{"not_picked":["Heavy Blade","Body Slam"],"picked":"Headbutt","floor":5},{"not_picked":["Spot Weakness","Clothesline"],"picked":"Shrug It Off","floor":10},{"not_picked":["Juggernaut+1","Body Slam"],"picked":"Sword Boomerang","floor":11},{"not_picked":["Anger","Twin Strike"],"picked":"Armaments","floor":12},{"not_picked":["Rage","Warcry"],"picked":"Pummel","floor":13}],"player_experience":1015924,"relics_obtained":[{"floor":9,"key":"Paper Frog"},{"floor":11,"key":"Magic Flower"},{"floor":13,"key":"Tiny Chest"}],"event_choices":[{"damage_healed":0,"gold_gain":0,"player_choice":"Success","damage_taken":11,"relics_obtained":["Bronze Scales"],"max_hp_gain":0,"max_hp_loss":0,"event_name":"Scrap Ooze","floor":2,"gold_loss":0},{"damage_healed":0,"gold_gain":0,"player_choice":"Paid Gold","damage_taken":0,"relics_obtained":["Frozen Egg 2"],"max_hp_gain":0,"max_hp_loss":0,"event_name":"WeMeetAgain","floor":3,"gold_loss":72}],"is_beta":true,"boss_relics":[],"items_purged_floors":[],"is_endless":false,"potions_floor_spawned":[7,10,11],"killed_by":"Red Slaver","ascension_level":19}