{"gold_per_floor":[110,110,123,73,23,23,36,36,61,74,92,92,106,126,126,247,247,272,362,385,102,102],"floor_reached":22,"playtime":1603,"items_purged":["Defend_R"],"score":178,"play_id":"7f38fc4d-41ff-4c05-a0d8-0883c01f010e","local_time":"20181018203714","is_ascension_mode":false,"campfire_choices":[{"data":"Armaments","floor":6,"key":"SMITH"},{"data":"Feed","floor":12,"key":"SMITH"},{"data":"Heavy Blade","floor":15,"key":"SMITH"}],"neow_cost":"TEN_PERCENT_HP_LOSS","seed_source_timestamp":614781202991321,"circlet_count":0,"master_deck":["Strike_R","Strike_R","Strike_R","Strike_R","Strike_R","Defend_R","Defend_R","Bash","Sword Boomerang","Headbutt","Injury","Flex","Pummel","Armaments+1","Sword Boomerang","Perfected Strike","Shrug It Off","Sword Boomerang","Heavy Blade+1","Feed+1","Thunderclap","Heavy Blade","Iron Wave","Anger","Demon Form","Perfected Strike+1","Anger","Clothesline+1","Fire Breathing"],"relics":["Burning Blood","Prayer Wheel","Golden Idol","Omamori","Art of War","Black Star","Sling"],"potions_floor_usage":[11,14,16,16,18,20],"damage_taken":[{"damage":18,"enemies":"Jaw Worm","floor":1,"turns":4},{"damage":0,"enemies":"2 Louse","floor":3,"turns":3},{"damage":0,"enemies":"Cultist","floor":7,"turns":3},{"damage":11,"enemies":"Exordium Thugs","floor":10,"turns":5},{"damage":13,"enemies":"Gremlin Gang","floor":11,"turns":5},{"damage":0,"enemies":"Looter","floor":13,"turns":1},{"damage":6,"enemies":"Red Slaver","floor":14,"turns":3},{"damage":35,"enemies":"Slime Boss","floor":16,"turns":9},{"damage":22,"enemies":"Spheric Guardian","floor":18,"turns":4},{"damage":25,"enemies":"Shell Parasite","floor":20,"turns":4},{"damage":18,"enemies":"Centurion and Healer","floor":22,"turns":3}],"seed_played":"-1593951457471264926","potions_obtained":[{"floor":1,"key":"GamblersBrew"},{"floor":3,"key":"Dexterity Potion"},{"floor":10,"key":"BloodPotion"},{"floor":14,"key":"SkillPotion"},{"floor":16,"key":"Poison Potion"},{"floor":18,"key":"AttackPotion"}],"is_trial":false,"path_per_floor":["M","?","M","?","$","R","M","T","T","M","M","R","M","M","R","B",null,"M","?","M","$"],"character_chosen":"IRONCLAD","items_purchased":["Armaments","Sling"],"campfire_rested":0,"item_purchase_floors":[5,21],"current_hp_per_floor":[60,60,66,66,66,66,72,72,72,67,67,67,76,80,80,51,80,64,48,29,29,11],"gold":102,"neow_bonus":"ONE_RARE_RELIC","is_prod":false,"is_daily":false,"chose_seed":false,"campfire_upgraded":3,"win_rate":0.0,"timestamp":1539848234,"path_taken":["M","?","M","?","?","R","M","?","T","M","M","R","M","?","R","BOSS","M","?","M","$","?"],"build_version":"2018-10-11","purchased_purges":1,"victory":false,"max_hp_per_floor":[72,72,72,72,72,72,72,72,72,72,72,72,76,80,80,80,80,80,80,80,80,80],"card_choices":[{"not_picked":["Evolve","Thunderclap"],"picked":"Sword Boomerang","floor":1},{"not_picked":["Anger","Seeing Red"],"picked":"Headbutt","floor":1},{"not_picked":["Fire Breathing","Ghostly Armor"],"picked":"Flex","floor":3},{"not_picked":["Heavy Blade","Perfected Strike"],"picked":"Pummel","floor":3},{"not_picked":["Shrug It Off","Anger"],"picked":"Sword Boomerang","floor":7},{"not_picked":["Clash","Warcry"],"picked":"Perfected Strike","floor":7},{"not_picked":["Pommel Strike","Carnage"],"picked":"Shrug It Off","floor":10},{"not_picked":["Warcry","Bloodletting"],"picked":"Sword Boomerang","floor":10},{"not_picked":["Armaments","Twin Strike"],"picked":"Heavy Blade","floor":11},{"not_picked":["Blood for Blood","Clothesline"],"picked":"Feed","floor":11},{"not_picked":["Sword Boomerang","Heavy Blade"],"picked":"Thunderclap","floor":13},{"not_picked":["Shrug It Off","Headbutt"],"picked":"Heavy Blade","floor":13},{"not_picked":["Blood for Blood","Evolve"],"picked":"Iron Wave","floor":14},{"not_picked":["Barricade","Wild Strike"],"picked":"Anger","floor":14},{"not_picked":["Double Tap","Reaper"],"picked":"Demon Form","floor":16},{"not_picked":["Blood for Blood","Iron Wave"],"picked":"Perfected Strike+1","floor":18},{"not_picked":["Disarm","Ghostly Armor"],"picked":"Anger","floor":18},{"not_picked":["Burning Pact","Disarm"],"picked":"Clothesline+1","floor":20},{"not_picked":["Thunderclap","Cleave"],"picked":"Fire Breathing","floor":20}],"player_experience":100439,"relics_obtained":[{"floor":8,"key":"Omamori"},{"floor":9,"key":"Art of War"}],"event_choices":[{"event_name":"Golden Idol","player_choice":"Take Wound","floor":2,"damage_taken":0},{"event_name":"The Cleric","player_choice":"Card Removal","floor":4,"damage_taken":0},{"event_name":"Knowing Skull","player_choice":"GOLD ","floor":19,"damage_taken":0}],"is_beta":false,"boss_relics":[{"not_picked":["Runic Cube","Runic Pyramid"],"picked":"Black Star"}],"items_purged_floors":[21],"is_endless":false,"potions_floor_spawned":[1,3,10,14,16,18],"killed_by":"Centurion and Healer","ascension_level":0}