{"gold_per_floor":[119,69,69,69,87,113,113,127,153,178,178,191,225,235,235,331,331,341,266,17,35,48,75,75,89,115,15,31,47,47],"floor_reached":30,"playtime":2487,"items_purged":["Strike_G","Shame"],"score":297,"play_id":"45247774-c825-473f-98f3-ba714cfa1da8","local_time":"20181219133854","is_ascension_mode":false,"campfire_choices":[{"data":"Unload","floor":7,"key":"SMITH"},{"floor":11,"key":"REST"},{"floor":15,"key":"REST"}],"neow_cost":"NONE","seed_source_timestamp":267548278943954,"circlet_count":0,"master_deck":["Defend_G","Defend_G","Defend_G","Defend_G","Strike_G+1","Strike_G","Strike_G","Survivor","Neutralize+1","Leg Sweep","Unload+1","After Image+1","Envenom+1","Terror+1","Sadistic Nature+1","Die Die Die"],"relics":["Ring of the Snake","FaceOfCleric","Dream Catcher","Snake Skull","Frozen Egg 2","Whetstone","Runic Pyramid","Centennial Puzzle","Regal Pillow","Bag of Preparation"],"potions_floor_usage":[6,13,23,28,30],"damage_taken":[{"damage":0,"enemies":"Jaw Worm","floor":1,"turns":6},{"damage":0,"enemies":"2 Louse","floor":5,"turns":3},{"damage":32,"enemies":"Gremlin Nob","floor":6,"turns":5},{"damage":0,"enemies":"Cultist","floor":8,"turns":3},{"damage":27,"enemies":"3 Sentries","floor":10,"turns":9},{"damage":2,"enemies":"3 Louse","floor":12,"turns":4},{"damage":14,"enemies":"Gremlin Nob","floor":13,"turns":4},{"damage":1,"enemies":"2 Fungi Beasts","floor":14,"turns":4},{"damage":20,"enemies":"The Guardian","floor":16,"turns":21},{"damage":22,"enemies":"2 Thieves","floor":18,"turns":5},{"damage":3,"enemies":"Shell Parasite","floor":21,"turns":4},{"damage":0,"enemies":"Snecko","floor":22,"turns":5},{"damage":38,"enemies":"Gremlin Leader","floor":23,"turns":6},{"damage":5,"enemies":"Centurion and Healer","floor":25,"turns":5},{"damage":7,"enemies":"Snake Plant","floor":28,"turns":3},{"damage":3,"enemies":"Chosen and Byrds","floor":29,"turns":4},{"damage":22,"enemies":"Snecko","floor":30,"turns":4}],"seed_played":"-2239808084890644629","potions_obtained":[{"floor":5,"key":"Strength Potion"},{"floor":12,"key":"Fire Potion"},{"floor":13,"key":"Swift Potion"},{"floor":21,"key":"PowerPotion"},{"floor":23,"key":"Dexterity Potion"},{"floor":25,"key":"Ancient Potion"}],"is_trial":false,"path_per_floor":["M","?","$","?","M","E","R","M","T","E","R","M","E","M","R","B",null,"M","?","$","M","M","E","?","M","T","$","M","M","M"],"character_chosen":"THE_SILENT","items_purchased":["Sadistic Nature+1"],"campfire_rested":2,"item_purchase_floors":[20],"current_hp_per_floor":[77,77,77,77,78,47,47,48,48,22,46,45,32,32,57,38,85,64,64,64,62,63,26,26,22,22,22,16,14,0],"gold":47,"neow_bonus":"TEN_PERCENT_HP_BONUS","is_prod":false,"is_daily":false,"chose_seed":false,"campfire_upgraded":1,"win_rate":0.0,"timestamp":1545223134,"path_taken":["M","?","$","?","M","E","R","M","T","E","R","?","E","M","R","BOSS","M","?","$","M","M","E","?","M","T","$","M","M","?"],"build_version":"2018-12-13","purchased_purges":2,"victory":false,"max_hp_per_floor":[77,77,77,77,78,79,79,80,80,81,81,82,83,84,84,85,85,86,86,86,87,88,89,89,90,90,90,91,92,92],"card_choices":[{"not_picked":["Deadly Poison","Flying Knee","Dodge and Roll"],"picked":"SKIP","floor":1},{"not_picked":["Bane","Acrobatics"],"picked":"Leg Sweep","floor":5},{"not_picked":["PiercingWail","Endless Agony"],"picked":"Unload","floor":6},{"not_picked":["Eviscerate","PiercingWail","Dodge and Roll"],"picked":"SKIP","floor":8},{"not_picked":["Deflect","Flying Knee","Blade Dance"],"picked":"SKIP","floor":10},{"not_picked":["Deflect","Prepared","Outmaneuver"],"picked":"SKIP","floor":12},{"not_picked":["Quick Slash","Bane"],"picked":"After Image+1","floor":13},{"not_picked":["Well Laid Plans+1","Slice","PiercingWail"],"picked":"SKIP","floor":14},{"not_picked":["Tools of the Trade+1","Bullet Time"],"picked":"Envenom+1","floor":16},{"not_picked":["Flying Knee","Predator"],"picked":"Terror+1","floor":18},{"not_picked":["Riddle With Holes","Dagger Throw+1","Finisher+1"],"picked":"SKIP","floor":21},{"not_picked":["Well Laid Plans+1","Noxious Fumes+1","Dagger Spray"],"picked":"SKIP","floor":22},{"not_picked":["Sucker Punch+1","Blade Dance"],"picked":"Die Die Die","floor":23},{"not_picked":["Underhanded Strike","Sucker Punch+1","Outmaneuver+1"],"picked":"SKIP","floor":25},{"not_picked":["Backflip","Footwork+1","Underhanded Strike"],"picked":"SKIP","floor":28},{"not_picked":["Burst","Deadly Poison","Flying Knee+1"],"picked":"SKIP","floor":29}],"player_experience":6810,"relics_obtained":[{"floor":6,"key":"Dream Catcher"},{"floor":9,"key":"Snake Skull"},{"floor":10,"key":"Frozen Egg 2"},{"floor":13,"key":"Whetstone"},{"floor":23,"key":"Centennial Puzzle"},{"floor":26,"key":"Bag of Preparation"}],"event_choices":[{"cards_removed":["Defend_G"],"damage_healed":0,"gold_gain":0,"player_choice":"Card Removal","damage_taken":0,"max_hp_gain":0,"max_hp_loss":0,"event_name":"The Cleric","floor":2,"gold_loss":50},{"damage_healed":0,"gold_gain":0,"player_choice":"Trade","damage_taken":0,"relics_obtained":["FaceOfCleric"],"max_hp_gain":0,"max_hp_loss":0,"event_name":"FaceTrader","floor":4,"gold_loss":0},{"cards_removed":["Strike_G"],"damage_healed":0,"gold_gain":0,"player_choice":"Gave Gold","damage_taken":0,"max_hp_gain":0,"max_hp_loss":0,"event_name":"Beggar","floor":19,"gold_loss":75},{"damage_healed":0,"gold_gain":0,"player_choice":"Stole Relic","damage_taken":0,"relics_obtained":["Regal Pillow"],"max_hp_gain":0,"max_hp_loss":0,"event_name":"Addict","floor":24,"gold_loss":0,"cards_obtained":["Shame"]}],"is_beta":false,"boss_relics":[{"not_picked":["Coffee Dripper","Black Star"],"picked":"Runic Pyramid"}],"items_purged_floors":[20,27],"is_endless":false,"potions_floor_spawned":[5,12,13,21,23,25],"killed_by":"Snecko","ascension_level":0}