{"gold_per_floor":[113,125,125,63,38,70,85,111,180,194,194,207,224,239,239,239],"floor_reached":16,"playtime":863,"items_purged":[],"score":139,"play_id":"25c57f7c-14e8-4374-b102-fab428399b51","local_time":"20181020002240","is_ascension_mode":false,"campfire_choices":[{"floor":11,"key":"REST"},{"floor":15,"key":"REST"}],"neow_cost":"NONE","seed_source_timestamp":715456252295303,"circlet_count":0,"master_deck":["Strike_B","Strike_B","Strike_B","Strike_B","Defend_B","Defend_B+1","Defend_B","Defend_B","Zap","Dualcast","Tempest+1","Beam Cell","Regret","Streamline","Go for the Eyes","Rebound","Rip and Tear","Rebound","Fusion","Glacier","Static Discharge"],"relics":["Cracked Core","NeowsBlessing","Nunchaku","War Paint","Peace Pipe","Bronze Scales","Sundial"],"potions_floor_usage":[8,12,14,16],"damage_taken":[{"damage":0,"enemies":"2 Louse","floor":1,"turns":1},{"damage":0,"enemies":"Cultist","floor":2,"turns":1},{"damage":0,"enemies":"Gremlin Nob","floor":6,"turns":1},{"damage":11,"enemies":"Jaw Worm","floor":7,"turns":2},{"damage":40,"enemies":"3 Sentries","floor":8,"turns":6},{"damage":14,"enemies":"Lots of Slimes","floor":10,"turns":3},{"damage":7,"enemies":"Exordium Thugs","floor":12,"turns":3},{"damage":0,"enemies":"Exordium Wildlife","floor":13,"turns":2},{"damage":16,"enemies":"Lots of Slimes","floor":14,"turns":2},{"damage":28,"enemies":"Slime Boss","floor":16,"turns":8}],"seed_played":"-8281246294835428972","potions_obtained":[{"floor":2,"key":"SkillPotion"},{"floor":6,"key":"Swift Potion"},{"floor":8,"key":"Strength Potion"},{"floor":13,"key":"PowerPotion"},{"floor":14,"key":"Strength Potion"}],"is_trial":false,"path_per_floor":["M","M","?","?","$","E","M","E","T","M","R","M","M","M","R"],"character_chosen":"DEFECT","items_purchased":["Streamline"],"campfire_rested":2,"item_purchase_floors":[5],"current_hp_per_floor":[75,75,75,75,75,75,64,24,24,10,32,25,25,9,31,3],"gold":239,"neow_bonus":"THREE_ENEMY_KILL","is_prod":false,"is_daily":false,"chose_seed":false,"campfire_upgraded":0,"win_rate":0.0,"timestamp":1539948160,"path_taken":["M","M","?","?","?","E","M","E","T","M","R","M","M","M","R","BOSS"],"build_version":"2018-10-18","purchased_purges":0,"victory":false,"max_hp_per_floor":[75,75,75,75,75,75,75,75,75,75,75,75,75,75,75,75],"card_choices":[{"not_picked":["Gash","Hologram"],"picked":"Tempest","floor":1},{"not_picked":["Streamline","Compile Driver"],"picked":"Beam Cell","floor":2},{"not_picked":["Turbo","Rip and Tear"],"picked":"Go for the Eyes","floor":6},{"not_picked":["Lockon","Streamline"],"picked":"Rebound","floor":7},{"not_picked":["Fusion","Reboot"],"picked":"Rip and Tear","floor":8},{"not_picked":["Sweeping Beam","Coolheaded"],"picked":"Rebound","floor":10},{"not_picked":["Leap","Recycle"],"picked":"Fusion","floor":12},{"not_picked":["Melter","Double Energy"],"picked":"Glacier","floor":13},{"not_picked":["Go for the Eyes","Redo"],"picked":"Static Discharge","floor":14}],"player_experience":111686,"relics_obtained":[{"floor":6,"key":"Peace Pipe"},{"floor":8,"key":"Bronze Scales"},{"floor":9,"key":"Sundial"}],"event_choices":[{"damage_healed":0,"gold_gain":0,"player_choice":"Box","damage_taken":0,"relics_obtained":["Nunchaku"],"max_hp_gain":0,"max_hp_loss":0,"event_name":"Big Fish","floor":3,"gold_loss":0,"cards_obtained":["Regret"]},{"damage_healed":0,"gold_gain":0,"player_choice":"Paid Gold","damage_taken":0,"relics_obtained":["War Paint"],"max_hp_gain":0,"max_hp_loss":0,"event_name":"WeMeetAgain","floor":4,"gold_loss":62}],"is_beta":false,"boss_relics":[],"items_purged_floors":[],"is_endless":false,"potions_floor_spawned":[2,6,8,13,14],"killed_by":"Slime Boss","ascension_level":0}