{"gold_per_floor":[118,136,3,3,21,21,38,48,75,89,118,118,118],"floor_reached":13,"playtime":239,"items_purged":["Defend_R"],"score":174,"play_id":"4a6a1159-4431-4f44-9d38-32287039914a","local_time":"20190113190926","is_ascension_mode":true,"campfire_choices":[{"data":"Armaments","floor":6,"key":"SMITH"},{"data":"True Grit","floor":12,"key":"SMITH"}],"neow_cost":"NONE","seed_source_timestamp":189992267487146,"circlet_count":0,"master_deck":["AscendersBane","Strike_R","Strike_R","Strike_R","Strike_R","Strike_R","Defend_R","Defend_R","Defend_R","Bash","True Grit+1","Armaments+1","True Grit","Sword Boomerang","Pommel Strike","Inflame","Clash","Corruption"],"relics":["Burning Blood","NeowsBlessing","CultistMask","Juzu Bracelet","Regal Pillow"],"potions_floor_usage":[10,10],"damage_taken":[{"damage":0,"enemies":"Small Slimes","floor":1,"turns":1},{"damage":0,"enemies":"Cultist","floor":2,"turns":1},{"damage":0,"enemies":"Jaw Worm","floor":5,"turns":1},{"damage":12,"enemies":"2 Fungi Beasts","floor":7,"turns":5},{"damage":12,"enemies":"Blue Slaver","floor":8,"turns":5},{"damage":5,"enemies":"Gremlin Gang","floor":10,"turns":3},{"damage":34,"enemies":"Gremlin Nob","floor":11,"turns":4},{"damage":0,"enemies":"3 Sentries","floor":13,"turns":1}],"seed_played":"1990495418274749240","potions_obtained":[{"floor":2,"key":"Energy Potion"},{"floor":8,"key":"Fire Potion"}],"is_trial":false,"path_per_floor":["M","M","$","?","M","R","M","M","T","M","E","R","E"],"character_chosen":"IRONCLAD","items_purchased":["True Grit"],"campfire_rested":0,"item_purchase_floors":[3],"current_hp_per_floor":[74,75,75,75,75,75,69,63,63,64,36,36,36],"gold":118,"neow_bonus":"THREE_ENEMY_KILL","is_prod":false,"is_daily":false,"chose_seed":false,"campfire_upgraded":2,"win_rate":0,"timestamp":1547435366,"path_taken":["M","M","$","?","?","R","M","M","T","M","E","R","E"],"build_version":"2019-01-10","purchased_purges":1,"victory":false,"max_hp_per_floor":[75,75,75,75,75,75,75,75,75,75,75,75,75],"card_choices":[{"not_picked":["Headbutt","Pommel Strike"],"picked":"True Grit","floor":1},{"not_picked":["Clash","Reaper"],"picked":"Armaments","floor":2},{"not_picked":["Clash","Flex"],"picked":"Sword Boomerang","floor":5},{"not_picked":["Power Through","Armaments"],"picked":"Pommel Strike","floor":7},{"not_picked":["Metallicize","Burning Pact"],"picked":"Inflame","floor":8},{"not_picked":["True Grit","Rage"],"picked":"Clash","floor":10},{"not_picked":["Reckless Charge","Twin Strike"],"picked":"Corruption","floor":11}],"player_experience":1014791,"relics_obtained":[{"floor":9,"key":"Juzu Bracelet"},{"floor":11,"key":"Regal Pillow"}],"event_choices":[{"damage_healed":0,"gold_gain":0,"player_choice":"Trade","damage_taken":0,"relics_obtained":["CultistMask"],"max_hp_gain":0,"max_hp_loss":0,"event_name":"FaceTrader","floor":4,"gold_loss":0}],"is_beta":true,"boss_relics":[],"items_purged_floors":[3],"is_endless":false,"potions_floor_spawned":[2,8],"killed_by":"3 Sentries","ascension_level":20}