{"gold_per_floor":[144,27,27,72,117,117,292,292,292,46,46,91,136,181,181,481,481,526,571,571,64,109,109,154,154,154,253,253,168,168,118,118,418,418,463,10,10,55,0,0,90,12,12,57,147,147,147,192,192,192],"floor_reached":51,"playtime":1774,"items_purged":["Strike_B","Pain","Gash"],"score":968,"play_id":"1b14ce3e-bd2e-4ec3-ad06-4eb26f89dd3c","local_time":"20180804184040","daily_mods":["Specialized","Cursed Run","Midas"],"is_ascension_mode":false,"campfire_choices":[{"floor":6.0,"key":"REST"},{"floor":11.0,"key":"REST"},{"floor":15.0,"key":"REST"},{"floor":23.0,"key":"REST"},{"floor":25.0,"key":"REST"},{"floor":30.0,"key":"REST"},{"floor":32.0,"key":"REST"},{"floor":40.0,"key":"REST"},{"floor":46,"key":"REST"},{"floor":49,"key":"REST"}],"neow_cost":"","seed_source_timestamp":0,"circlet_count":0,"master_deck":["Strike_B+1","Strike_B+1","Strike_B+1","Defend_B+1","Defend_B+1","Defend_B+1","Zap","Dualcast","Thunder Strike","Thunder Strike","Thunder Strike","Thunder Strike","Thunder Strike","Cold Snap","Leap","Trip","Redo","Genetic Algorithm","Doubt","Clumsy","Defragment","Madness","Ball Lightning","Multi-Cast","Machine Learning","Storm","FTL","Conserve Battery","Parasite","Parasite","Echo Form","Enlightenment","Hologram","Loop","Writhe","Hello World","Pain","Clumsy"],"special_seed":17748,"relics":["Cursed Key","Darkstone Periapt","Du-Vu Doll","Emotion Chip","Anchor","Busted Crown","Gambling Chip","Blue Candle","Nilry\u0027s Codex","Thread and Needle","Snecko Eye","Red Mask","Meat on the Bone","Nunchaku","Lantern"],"potions_floor_usage":[50,50],"damage_taken":[{"damage":0.0,"enemies":"2 Louse","floor":1.0,"turns":3.0},{"damage":9.0,"enemies":"Jaw Worm","floor":4.0,"turns":4.0},{"damage":5.0,"enemies":"Cultist","floor":5.0,"turns":5.0},{"damage":0.0,"enemies":"Large Slime","floor":12.0,"turns":7.0},{"damage":5.0,"enemies":"2 Fungi Beasts","floor":13.0,"turns":5.0},{"damage":0.0,"enemies":"Exordium Wildlife","floor":14.0,"turns":3.0},{"damage":0.0,"enemies":"Slime Boss","floor":16.0,"turns":7.0},{"damage":20.0,"enemies":"Chosen","floor":18.0,"turns":5.0},{"damage":0.0,"enemies":"3 Byrds","floor":19.0,"turns":3.0},{"damage":35.0,"enemies":"Centurion and Healer","floor":22.0,"turns":8.0},{"damage":13.0,"enemies":"Snake Plant","floor":24.0,"turns":3.0},{"damage":39.0,"enemies":"Collector","floor":33.0,"turns":7.0},{"damage":5.0,"enemies":"Flame Bruiser 1 Orb","floor":35.0,"turns":4.0},{"damage":2.0,"enemies":"3 Shapes","floor":38.0,"turns":3.0},{"damage":9.0,"enemies":"2 Orb Walkers","floor":41.0,"turns":3.0},{"damage":9,"enemies":"Transient","floor":44,"turns":5},{"damage":4,"enemies":"Nemesis","floor":45,"turns":5},{"damage":6,"enemies":"Flame Bruiser 2 Orb","floor":48,"turns":4},{"damage":8,"enemies":"Donu and Deca","floor":50,"turns":5}],"seed_played":"5740276892654429722","potions_obtained":[{"floor":1.0,"key":"SteroidPotion"},{"floor":4.0,"key":"AttackPotion"},{"floor":13.0,"key":"Explosive Potion"},{"floor":16.0,"key":"PowerPotion"},{"floor":18.0,"key":"SkillPotion"}],"is_trial":false,"path_per_floor":["M","$","?","M","M","R","?","?","T","$","R","M","M","M","R","B",null,"M","M","?","$","M","R","M","R","T","?","?","?","R","?","R","B",null,"M","$","?","M","?","R","E","$","T","M","E","R","?","M","R","B"],"character_chosen":"DEFECT","items_purchased":["Leap","Trip","Defragment","Madness","Storm","FTL","Gambling Chip","Enlightenment","Hologram","Loop","Hello World"],"campfire_rested":10,"item_purchase_floors":[2,2,10,10,21,21,21,36,36,36,42],"current_hp_per_floor":[75,75,80,71,66,80,86,68,74,74,92,92,87,87,92,98,98,78,78,78,78,43,72,59,88,94,94,78,78,104,104,104,71,110,105,105,116,114,114,116,114,114,120,111,107,122,122,116,122,120],"gold":192,"neow_bonus":"","is_prod":false,"is_daily":true,"chose_seed":false,"campfire_upgraded":0,"win_rate":0,"timestamp":1533433240,"path_taken":["M","$","?","M","M","R","?","?","T","$","R","M","M","M","R","BOSS","M","M","?","$","M","R","?","R","T","?","?","?","R","?","R","BOSS","M","$","?","M","?","R","E","$","T","M","E","R","?","?","R","BOSS"],"build_version":"2018-08-01","purchased_purges":3,"victory":true,"max_hp_per_floor":[75,75,80,80,80,80,86,86,92,92,92,92,92,92,92,98,98,98,98,98,98,98,98,98,98,104,104,104,104,104,104,104,110,110,110,110,116,116,116,116,116,116,122,122,122,122,122,122,122,128],"card_choices":[{"not_picked":["Go for the Eyes","Compile Driver"],"picked":"Cold Snap","floor":1.0},{"not_picked":["Leap","Reinforced Body"],"picked":"Redo","floor":4.0},{"not_picked":["Beam Cell","Lockon"],"picked":"Genetic Algorithm","floor":5.0},{"not_picked":["Steam","Auto Shields"],"picked":"Gash","floor":12.0},{"not_picked":["Hologram","Turbo"],"picked":"Ball Lightning","floor":13.0},{"not_picked":["Genetic Algorithm","Sunder"],"picked":"Multi-Cast","floor":14.0},{"not_picked":["Core Surge","Buffer"],"picked":"Machine Learning","floor":16.0},{"not_picked":["Auto Shields"],"picked":"SKIP","floor":18.0},{"not_picked":["Beam Cell"],"picked":"SKIP","floor":22.0},{"not_picked":[],"picked":"Conserve Battery","floor":24.0},{"not_picked":[],"picked":"Echo Form","floor":33.0},{"not_picked":["BootSequence"],"picked":"SKIP","floor":35.0},{"not_picked":["Conserve Battery"],"picked":"SKIP","floor":41.0},{"not_picked":["Cold Snap"],"picked":"SKIP","floor":44},{"not_picked":["Cold Snap"],"picked":"SKIP","floor":45},{"not_picked":["Turbo"],"picked":"SKIP","floor":48}],"player_experience":725280,"relics_obtained":[{"floor":9.0,"key":"Anchor"},{"floor":26.0,"key":"Blue Candle"},{"floor":28.0,"key":"Nilry\u0027s Codex"},{"floor":41.0,"key":"Meat on the Bone"},{"floor":43,"key":"Nunchaku"},{"floor":45,"key":"Lantern"}],"event_choices":[{"event_name":"Big Fish","player_choice":"Donut","floor":3.0,"damage_taken":0.0},{"event_name":"Liars Game","player_choice":"agreed","floor":7.0,"damage_taken":0.0},{"event_name":"Scrap Ooze","player_choice":"success","floor":8.0,"damage_taken":18.0},{"event_name":"Back to Basics","player_choice":"Simplicity","floor":20.0,"damage_taken":0.0},{"event_name":"Nest","player_choice":"Stole From Cult","floor":27.0,"damage_taken":0.0},{"event_name":"Cursed Tome","player_choice":"Obtained Book","floor":28.0,"damage_taken":0.0},{"event_name":"Addict","player_choice":"Obtained Relic","floor":29.0,"damage_taken":0.0},{"event_name":"The Joust","player_choice":"Bet on Murderer","floor":31.0,"damage_taken":0.0},{"event_name":"Winding Halls","player_choice":"Writhe","floor":37.0,"damage_taken":0.0},{"event_name":"Tomb of Lord Red Mask","player_choice":"Paid","floor":39.0,"damage_taken":0.0},{"event_name":"Falling","player_choice":"Removed Skill","floor":47,"damage_taken":0}],"is_beta":true,"boss_relics":[{"not_picked":["Inserter","Calling Bell"],"picked":"Busted Crown"},{"not_picked":["Eternal Feather","Philosopher\u0027s Stone"],"picked":"Snecko Eye"}],"items_purged_floors":[10,21,36],"is_endless":false,"potions_floor_spawned":[1,4,13,16,18,22,38,41],"ascension_level":0}