{"gold_per_floor":[110,35,35,46,46,71,71,71,71,98,148,158,186,202,202,274,274,287],"floor_reached":18,"playtime":913,"items_purged":["Strike_G"],"score":410,"play_id":"d41b7f15-bf4f-471a-b1a8-f958438bb374","local_time":"20181104141420","is_ascension_mode":true,"campfire_choices":[{"data":"Masterful Stab","floor":8,"key":"SMITH"},{"floor":15,"key":"REST"}],"neow_cost":"NONE","seed_source_timestamp":22733428410559,"circlet_count":0,"master_deck":["AscendersBane","Defend_G","Defend_G","Defend_G","Defend_G","Defend_G","Strike_G","Strike_G","Strike_G+1","Strike_G","Survivor","Neutralize+1","Dagger Spray","Neutralize","Masterful Stab+1","Backflip","Well Laid Plans","Poisoned Stab","Finisher","Crippling Poison","Escape Plan","Envenom","Corpse Explosion","Escape Plan","Deflect","Leg Sweep","PiercingWail","Dash"],"special_seed":0,"relics":["Ring of the Snake","NeowsBlessing","Boot","Bottled Flame","Pen Nib","Question Card","Orrery"],"potions_floor_usage":[],"damage_taken":[{"damage":0.0,"enemies":"Jaw Worm","floor":1.0,"turns":1.0},{"damage":0,"enemies":"Cultist","floor":4,"turns":1},{"damage":0,"enemies":"Lagavulin","floor":6,"turns":1},{"damage":19,"enemies":"Gremlin Nob","floor":10,"turns":4},{"damage":0,"enemies":"2 Louse","floor":12,"turns":1},{"damage":14,"enemies":"3 Sentries","floor":13,"turns":6},{"damage":0,"enemies":"Blue Slaver","floor":14,"turns":2},{"damage":15,"enemies":"The Guardian","floor":16,"turns":11},{"damage":21,"enemies":"Spheric Guardian","floor":18,"turns":6}],"seed_played":"-6560179646615663649","potions_obtained":[{"floor":4,"key":"Weak Potion"},{"floor":10,"key":"Dexterity Potion"},{"floor":12,"key":"PowerPotion"}],"is_trial":false,"path_per_floor":["M","$","?","M","?","E","?","R","T","E","?","M","E","M","R","B",null,"M"],"character_chosen":"THE_SILENT","items_purchased":[],"campfire_rested":1,"item_purchase_floors":[],"current_hp_per_floor":[59,59,59,59,39,39,44,44,44,25,25,25,11,11,32,17,58,37],"gold":287,"neow_bonus":"THREE_ENEMY_KILL","is_prod":false,"is_daily":false,"chose_seed":false,"campfire_upgraded":1,"win_rate":0,"timestamp":1541337260,"path_taken":["M","$","?","?","?","E","?","R","T","E","?","M","E","M","R","BOSS","M"],"build_version":"2018-11-01","purchased_purges":1,"victory":false,"max_hp_per_floor":[66,66,66,66,66,66,71,71,71,71,71,71,71,71,71,71,71,71],"card_choices":[{"not_picked":["Deflect","Outmaneuver"],"picked":"Dagger Spray","floor":1.0},{"not_picked":["Flying Knee","Blade Dance"],"picked":"Well Laid Plans","floor":4},{"not_picked":["Bouncing Flask","Concentrate"],"picked":"Poisoned Stab","floor":6},{"not_picked":["Dagger Throw","Acrobatics"],"picked":"Finisher","floor":10},{"not_picked":["Reflex","Deflect"],"picked":"Crippling Poison","floor":12},{"not_picked":["Sucker Punch","Distraction"],"picked":"Escape Plan","floor":13},{"not_picked":["Quick Slash","Expertise","Bane"],"picked":"Envenom","floor":14},{"not_picked":["Adrenaline","Storm of Steel","Tools of the Trade"],"picked":"Corpse Explosion","floor":16},{"not_picked":["Backflip","Outmaneuver","Acrobatics"],"picked":"Escape Plan","floor":17},{"not_picked":["Acrobatics","Well Laid Plans","Deadly Poison"],"picked":"Deflect","floor":17},{"not_picked":["Deflect","Acrobatics","Predator"],"picked":"Leg Sweep","floor":17},{"not_picked":["Blade Dance","Underhanded Strike","Acrobatics"],"picked":"PiercingWail","floor":17},{"not_picked":["Calculated Gamble","Outmaneuver","Flechettes"],"picked":"Dash","floor":17}],"player_experience":1741567,"relics_obtained":[{"floor":6,"key":"Boot"},{"floor":9,"key":"Bottled Flame"},{"floor":10,"key":"Pen Nib"},{"floor":13,"key":"Question Card"}],"event_choices":[{"damage_healed":0,"gold_gain":0,"player_choice":"3 cards matched","damage_taken":0,"max_hp_gain":0,"max_hp_loss":0,"event_name":"Match and Keep!","floor":3,"gold_loss":0,"cards_obtained":["Neutralize","Masterful Stab","Backflip"]},{"damage_healed":0,"gold_gain":0,"player_choice":"Entered Light","damage_taken":20,"max_hp_gain":0,"max_hp_loss":0,"event_name":"Shining Light","floor":5,"gold_loss":0,"cards_upgraded":["Strike_G","Neutralize"]},{"damage_healed":0,"gold_gain":0,"player_choice":"Donut","damage_taken":0,"max_hp_gain":5,"max_hp_loss":0,"event_name":"Big Fish","floor":7,"gold_loss":0},{"damage_healed":0,"gold_gain":50,"player_choice":"Pray","damage_taken":0,"max_hp_gain":0,"max_hp_loss":0,"event_name":"Golden Shrine","floor":11,"gold_loss":0}],"is_beta":false,"boss_relics":[{"not_picked":["HoveringKite","Velvet Choker"],"picked":"Orrery"}],"items_purged_floors":[2],"is_endless":false,"potions_floor_spawned":[4,10,12],"killed_by":"Spheric Guardian","ascension_level":20}