{"gold_per_floor":[110,110,110,125,125,159,159,175,175,175,175,204,204,217,217,288,288,303,36,36,36,54,54,73,73,73,73,93,93,119,130,130,130],"floor_reached":33,"playtime":999,"items_purged":[],"score":492,"play_id":"4e556750-af58-45f3-83d0-c587c54179ba","local_time":"20181003111845","is_ascension_mode":true,"campfire_choices":[{"data":"Cleave","floor":7,"key":"SMITH"},{"data":"Twin Strike","floor":10,"key":"SMITH"},{"data":"Ghostly Armor","floor":13,"key":"SMITH"},{"data":"Disarm","floor":15,"key":"SMITH"},{"data":"Immolate","floor":23,"key":"SMITH"},{"data":"Uppercut","floor":25,"key":"SMITH"},{"data":"Wild Strike","floor":27,"key":"SMITH"},{"data":"Impervious","floor":29,"key":"SMITH"},{"data":"Defend_R","floor":32,"key":"SMITH"}],"neow_cost":"NONE","seed_source_timestamp":56729133238688,"circlet_count":0,"master_deck":["Strike_R","Strike_R+1","Strike_R","Strike_R","Defend_R","Defend_R","Defend_R","Defend_R+1","Bash+1","AscendersBane","Cleave+1","Armaments+1","Impervious+1","Twin Strike+1","Ghostly Armor+1","Disarm+1","Immolate+1","Uppercut+1","True Grit+1","Wild Strike+1","Shrug It Off+1"],"relics":["Burning Blood","NeowsBlessing","Gremlin Horn","Gambling Chip","Centennial Puzzle","Mark of Pain","Toxic Egg 2","FaceOfCleric","Bottled Lightning","Mercury Hourglass"],"potions_floor_usage":[16,30,30],"damage_taken":[{"damage":0,"enemies":"2 Louse","floor":1,"turns":1},{"damage":0,"enemies":"Small Slimes","floor":4,"turns":1},{"damage":0,"enemies":"Gremlin Nob","floor":6,"turns":1},{"damage":1,"enemies":"Cultist","floor":8,"turns":3},{"damage":31,"enemies":"Lagavulin","floor":12,"turns":6},{"damage":3,"enemies":"Blue Slaver","floor":14,"turns":4},{"damage":21,"enemies":"The Guardian","floor":16,"turns":12},{"damage":5,"enemies":"2 Thieves","floor":18,"turns":4},{"damage":20,"enemies":"3 Byrds","floor":22,"turns":5},{"damage":0,"enemies":"Cultist and Chosen","floor":24,"turns":4},{"damage":9,"enemies":"Snecko","floor":28,"turns":6},{"damage":2,"enemies":"Book of Stabbing","floor":30,"turns":6},{"damage":6,"enemies":"Centurion and Healer","floor":31,"turns":5},{"damage":96,"enemies":"Automaton","floor":33,"turns":12}],"seed_played":"6673797135750342630","potions_obtained":[{"floor":4,"key":"Dexterity Potion"},{"floor":12,"key":"Regen Potion"},{"floor":24,"key":"Swift Potion"}],"is_trial":false,"path_per_floor":["M","?","?","M","?","E","R","M","T","R","?","E","R","M","R","B",null,"M","$","?","$","M","R","M","R","T","R","M","R","E","M","R"],"character_chosen":"IRONCLAD","items_purchased":["Toxic Egg 2","True Grit+1"],"campfire_rested":0,"item_purchase_floors":[19,19],"current_hp_per_floor":[78,62,62,68,68,74,74,79,79,79,79,54,54,57,57,57,74,75,75,75,75,62,62,69,69,69,69,67,67,72,73,73,0],"gold":130,"neow_bonus":"THREE_ENEMY_KILL","is_prod":false,"is_daily":false,"chose_seed":false,"campfire_upgraded":9,"win_rate":0,"timestamp":1538558325,"path_taken":["M","?","?","M","?","E","R","?","T","R","?","E","R","M","R","BOSS","M","$","?","$","?","R","M","R","T","R","M","R","E","M","R","BOSS"],"build_version":"2018-09-27","purchased_purges":0,"victory":false,"max_hp_per_floor":[80,80,80,80,80,80,80,80,80,80,80,80,80,80,80,80,80,80,80,80,80,81,81,82,82,82,82,83,83,84,85,85,85],"card_choices":[{"not_picked":["Flex","Searing Blow"],"picked":"Cleave","floor":1},{"not_picked":["Sever Soul","Flex"],"picked":"Armaments","floor":4},{"not_picked":["Headbutt","Armaments"],"picked":"Impervious","floor":6},{"not_picked":["Headbutt","Corruption"],"picked":"Twin Strike","floor":8},{"not_picked":["Rampage","Havoc"],"picked":"Ghostly Armor","floor":12},{"not_picked":["Searing Blow","Thunderclap"],"picked":"Disarm","floor":14},{"not_picked":["Juggernaut","Brutality"],"picked":"Immolate","floor":16},{"not_picked":["Warcry+1","Pummel"],"picked":"Uppercut","floor":18},{"not_picked":["Corruption","Body Slam"],"picked":"Wild Strike","floor":22},{"not_picked":["Pommel Strike","Thunderclap","Headbutt"],"picked":"SKIP","floor":24},{"not_picked":["Armaments+1","Carnage","Havoc+1"],"picked":"SKIP","floor":28},{"not_picked":["Infernal Blade+1","Feel No Pain","Seeing Red+1"],"picked":"SKIP","floor":30},{"not_picked":["Havoc+1","Perfected Strike"],"picked":"Shrug It Off+1","floor":31}],"player_experience":802225,"relics_obtained":[{"floor":6,"key":"Gremlin Horn"},{"floor":9,"key":"Gambling Chip"},{"floor":12,"key":"Centennial Puzzle"},{"floor":26,"key":"Bottled Lightning"},{"floor":30,"key":"Mercury Hourglass"}],"event_choices":[{"event_name":"Shining Light","player_choice":"Entered Light","floor":2,"damage_taken":0},{"event_name":"Wheel of Change","player_choice":"Card Removal","floor":3,"damage_taken":0},{"event_name":"Living Wall","player_choice":"Grow","floor":5,"damage_taken":0},{"event_name":"Liars Game","player_choice":"disagreed","floor":11,"damage_taken":0},{"event_name":"FaceTrader","player_choice":"Trade","floor":20,"damage_taken":0}],"is_beta":false,"boss_relics":[{"not_picked":["Lizard Tail","White Beast Statue"],"picked":"Mark of Pain"}],"items_purged_floors":[],"is_endless":false,"potions_floor_spawned":[4,12,14,24,28],"killed_by":"Automaton","ascension_level":13}