{"gold_per_floor":[109,121,121,134,84,84,84,95,120,120,120,120,145,161,161,161],"floor_reached":16,"playtime":318,"items_purged":[],"score":143,"play_id":"28855147-f56c-47d8-93b1-d21c44d84d2e","local_time":"20180704003627","is_ascension_mode":true,"campfire_choices":[{"data":"Hologram","floor":6,"key":"SMITH"},{"floor":10,"key":"REST"},{"data":"Zap","floor":12,"key":"SMITH"},{"data":"Coolheaded","floor":15,"key":"SMITH"}],"neow_cost":"","seed_source_timestamp":84619675439557,"circlet_count":0,"master_deck":["Strike_B","Strike_B","Strike_B","Strike_B","Defend_B","Defend_B","Defend_B","Defend_B","Zap+1","Dualcast","AscendersBane","Decay","Injury","Sunder+1","Cold Snap","Hologram+1","Cold Snap","Coolheaded+1","Self Repair"],"special_seed":0,"relics":["Calling Bell","Oddly Smooth Stone","Blue Candle","Calipers","Bag of Marbles","Golden Idol"],"potions_floor_usage":[8],"damage_taken":[{"damage":5.0,"enemies":"Small Slimes","floor":1.0,"turns":4.0},{"damage":13.0,"enemies":"Cultist","floor":2.0,"turns":4.0},{"damage":12.0,"enemies":"Jaw Worm","floor":4.0,"turns":4.0},{"damage":29,"enemies":"Gremlin Gang","floor":8,"turns":5},{"damage":2,"enemies":"Looter","floor":13,"turns":3},{"damage":3,"enemies":"2 Fungi Beasts","floor":14,"turns":3},{"damage":16,"enemies":"Hexaghost","floor":16,"turns":6}],"seed_played":"1608427329789180439","potions_obtained":[{"floor":1.0,"key":"Regen Potion"},{"floor":8,"key":"Weak Potion"},{"floor":13,"key":"FearPotion"}],"is_trial":false,"path_per_floor":["M","M","?","M","?","R","?","M","T","R","?","R","M","M","R"],"character_chosen":"DEFECT","items_purchased":[],"campfire_rested":1,"item_purchase_floors":[],"current_hp_per_floor":[63,50,50,38,38,38,38,23,23,45,45,45,43,40,40,24],"gold":161,"neow_bonus":"","is_prod":false,"is_daily":false,"chose_seed":false,"campfire_upgraded":3,"win_rate":0,"timestamp":1530689787,"path_taken":["M","M","?","M","?","R","?","M","T","R","?","R","M","?","R","BOSS"],"build_version":"2018-07-02","purchased_purges":0,"victory":false,"max_hp_per_floor":[75,75,75,75,75,75,75,75,75,75,69,69,69,69,69,69],"card_choices":[{"not_picked":["Chaos","Chill"],"picked":"Sunder","floor":1.0},{"not_picked":["Fusion","Go for the Eyes"],"picked":"Cold Snap","floor":2.0},{"not_picked":["Sweeping Beam","Rebound"],"picked":"Hologram","floor":4.0},{"not_picked":["Sweeping Beam","Compile Driver"],"picked":"Cold Snap","floor":8},{"not_picked":["Leap","Compile Driver"],"picked":"Coolheaded","floor":13},{"not_picked":["Sweeping Beam","Barrage"],"picked":"Self Repair","floor":14}],"player_experience":487230,"relics_obtained":[{"floor":0.0,"key":"Oddly Smooth Stone"},{"floor":0.0,"key":"Blue Candle"},{"floor":0.0,"key":"Calipers"},{"floor":9,"key":"Bag of Marbles"}],"event_choices":[{"event_name":"Upgrade Shrine","player_choice":"Upgraded","floor":3.0,"damage_taken":0.0},{"event_name":"The Cleric","player_choice":"Card Removal","floor":5,"damage_taken":0},{"event_name":"Liars Game","player_choice":"disagreed","floor":7,"damage_taken":0},{"event_name":"Golden Idol","player_choice":"Lose Max HP","floor":11,"damage_taken":0}],"boss_relics":[],"items_purged_floors":[],"is_endless":false,"potions_floor_spawned":[1,8,13],"killed_by":"Hexaghost","ascension_level":11}