{"gold_per_floor":[115,130,130,6,22,22,40,40,85,115,115,128,161,171,171,245,245,257,273,286,306,18,18,53,68,68,68,84,84,115,134,134,212,212,230,230,230,246,55,55,105,140,222,222,222,232,257,276,276,276],"floor_reached":51,"playtime":1897,"items_purged":[],"score":1378,"play_id":"65f56c15-1c82-4f70-b4fd-8657ecd166e0","local_time":"20180727010001","is_ascension_mode":true,"campfire_choices":[{"data":"Carnage","floor":6,"key":"SMITH"},{"data":"Perfected Strike","floor":11,"key":"SMITH"},{"data":"Carnage","floor":15,"key":"SMITH"},{"data":"Disarm","floor":23,"key":"SMITH"},{"floor":27,"key":"REST"},{"data":"Metallicize","floor":29,"key":"SMITH"},{"floor":32,"key":"REST"},{"data":"Metallicize","floor":40,"key":"SMITH"},{"floor":49,"key":"REST"}],"neow_cost":"NONE","seed_source_timestamp":313022855525363,"circlet_count":0,"master_deck":["Strike_R","Strike_R","Strike_R","Strike_R","Strike_R","Defend_R","Defend_R","Defend_R+1","Defend_R","Bash+1","AscendersBane","Carnage+1","Carnage+1","Metallicize+1","Shrug It Off+1","Perfected Strike+1","Shrug It Off","Shrug It Off","Disarm+1","Entrench","Sever Soul+1","Blood for Blood+1","Barricade","Metallicize+1","Apotheosis","Impervious","Inflame","Corruption+1","Infernal Blade","Shame","Madness","Madness","Writhe","True Grit"],"relics":["Busted Crown","Dream Catcher","War Paint","Incense Burner","Snecko Eye","ClockworkSouvenir","Dead Branch","Molten Egg 2","Gremlin Horn","Cursed Key","Ginger","Unceasing Top","Paper Frog","Champion Belt","Matryoshka"],"potions_floor_usage":[12,47,50],"damage_taken":[{"damage":0,"enemies":"2 Louse","floor":1,"turns":3},{"damage":10,"enemies":"Small Slimes","floor":2,"turns":3},{"damage":0,"enemies":"Cultist","floor":5,"turns":2},{"damage":1,"enemies":"Exordium Thugs","floor":7,"turns":3},{"damage":13,"enemies":"Gremlin Nob","floor":10,"turns":3},{"damage":5,"enemies":"Gremlin Gang","floor":12,"turns":2},{"damage":1,"enemies":"3 Sentries","floor":13,"turns":5},{"damage":10,"enemies":"Blue Slaver","floor":14,"turns":2},{"damage":9,"enemies":"The Guardian","floor":16,"turns":8},{"damage":1,"enemies":"2 Thieves","floor":18,"turns":3},{"damage":0,"enemies":"Shell Parasite","floor":19,"turns":2},{"damage":0,"enemies":"Centurion and Healer","floor":20,"turns":4},{"damage":8,"enemies":"Sentry and Sphere","floor":21,"turns":4},{"damage":17,"enemies":"Slavers","floor":24,"turns":5},{"damage":5,"enemies":"Cultist and Chosen","floor":25,"turns":6},{"damage":0,"enemies":"Snake Plant","floor":28,"turns":2},{"damage":30,"enemies":"Gremlin Leader","floor":30,"turns":4},{"damage":0,"enemies":"3 Cultists","floor":31,"turns":2},{"damage":1,"enemies":"Champ","floor":33,"turns":11},{"damage":0,"enemies":"Orb Walker","floor":35,"turns":3},{"damage":6,"enemies":"3 Shapes","floor":38,"turns":5},{"damage":0,"floor":41,"turns":7},{"damage":14,"enemies":"2 Orb Walkers","floor":42,"turns":4},{"damage":5,"enemies":"Maw","floor":46,"turns":6},{"damage":0,"enemies":"Giant Head","floor":47,"turns":6},{"damage":1,"enemies":"Flame Bruiser 2 Orb","floor":48,"turns":4},{"damage":4,"enemies":"Awakened One","floor":50,"turns":10}],"seed_played":"8647208686026417396","potions_obtained":[{"floor":1,"key":"SmokeBomb"},{"floor":5,"key":"Explosive Potion"},{"floor":13,"key":"Ancient Potion"},{"floor":46,"key":"BloodPotion"},{"floor":47,"key":"Energy Potion"}],"is_trial":false,"path_per_floor":["M","M","?","$","M","R","M","$","T","E","R","M","E","M","R","B",null,"M","M","M","M","$","R","E","M","T","R","M","R","E","M","R","B",null,"M","?","?","M","$","R","?","E","T","?","T","M","E","M","R","B"],"character_chosen":"IRONCLAD","items_purchased":["Metallicize","Shrug It Off","Disarm","ClockworkSouvenir","Impervious","Inflame"],"campfire_rested":3,"item_purchase_floors":[4,4,22,22,39,39],"current_hp_per_floor":[68,58,58,58,58,58,57,57,57,44,44,39,38,28,28,19,61,60,60,60,52,52,52,35,30,30,52,52,52,22,22,44,43,67,67,67,67,61,61,61,61,47,47,33,33,42,49,51,74,70],"gold":276,"neow_bonus":"BOSS_RELIC","is_prod":false,"is_daily":false,"chose_seed":false,"campfire_upgraded":6,"win_rate":0,"timestamp":1532678401,"path_taken":["M","M","?","?","M","R","M","$","T","E","R","?","E","M","R","BOSS","M","?","M","M","$","R","E","M","T","R","M","R","E","?","R","BOSS","M","?","?","M","$","R","?","E","T","?","?","M","E","M","R","BOSS"],"build_version":"2018-07-26","purchased_purges":0,"victory":true,"max_hp_per_floor":[75,75,75,75,75,75,75,75,75,75,75,75,75,75,75,75,75,75,75,75,75,75,75,75,75,75,75,75,75,75,75,75,75,75,75,75,75,75,75,75,75,75,75,75,75,75,75,78,78,78],"card_choices":[{"not_picked":[],"picked":"Carnage","floor":1},{"not_picked":[],"picked":"Carnage","floor":2},{"not_picked":[],"picked":"Perfected Strike","floor":7},{"not_picked":["Havoc"],"picked":"SKIP","floor":10},{"not_picked":[],"picked":"Rage","floor":13},{"not_picked":[],"picked":"Shrug It Off","floor":14},{"not_picked":[],"picked":"Shrug It Off","floor":21},{"not_picked":["Havoc"],"picked":"SKIP","floor":24},{"not_picked":[],"picked":"Entrench","floor":25},{"not_picked":["Sever Soul+1"],"picked":"SKIP","floor":28},{"not_picked":[],"picked":"Sever Soul+1","floor":28},{"not_picked":[],"picked":"Blood for Blood+1","floor":30},{"not_picked":["Iron Wave+1"],"picked":"SKIP","floor":31},{"not_picked":[],"picked":"Barricade","floor":33},{"not_picked":[],"picked":"Metallicize","floor":35},{"not_picked":[],"picked":"Apotheosis","floor":37},{"not_picked":[],"picked":"Corruption+1","floor":41},{"not_picked":[],"picked":"Infernal Blade","floor":42},{"not_picked":["Iron Wave+1"],"picked":"SKIP","floor":46},{"not_picked":["Iron Wave+1"],"picked":"SKIP","floor":46},{"not_picked":["Iron Wave+1"],"picked":"SKIP","floor":46},{"not_picked":[],"picked":"True Grit","floor":47},{"not_picked":["Combust"],"picked":"SKIP","floor":48}],"player_experience":692754,"relics_obtained":[{"floor":9,"key":"Dream Catcher"},{"floor":10,"key":"War Paint"},{"floor":13,"key":"Incense Burner"},{"floor":24,"key":"Dead Branch"},{"floor":26,"key":"Molten Egg 2"},{"floor":30,"key":"Gremlin Horn"},{"floor":41,"key":"Ginger"},{"floor":42,"key":"Unceasing Top"},{"floor":43,"key":"Paper Frog"},{"floor":45,"key":"Champion Belt"},{"floor":47,"key":"Matryoshka"}],"event_choices":[{"event_name":"Living Wall","player_choice":"Grow","floor":3,"damage_taken":0},{"event_name":"Purifier","player_choice":"One Purge","floor":36,"damage_taken":0},{"event_name":"SensoryStone","player_choice":"Memory 1","floor":37,"damage_taken":0},{"event_name":"Mysterious Sphere","player_choice":"Fight","floor":41,"damage_taken":0},{"event_name":"Winding Halls","player_choice":"Embrace Madness","floor":44,"damage_taken":0}],"is_beta":true,"boss_relics":[{"not_picked":["Ectoplasm","Mark of Pain"],"picked":"Snecko Eye"},{"not_picked":["Tiny House","White Beast Statue"],"picked":"Cursed Key"}],"items_purged_floors":[],"is_endless":false,"potions_floor_spawned":[1,5,13,16,20,21,25,28,31,35,46,47],"ascension_level":15}