{"gold_per_floor":[119,17,30,180,180,216,236,236,236,257,12,12,12,36,36,129,129,142,142,159,159,178,178,191,191,244,258,292,10,25,38,38,110,110,123,123,23,23,40,40,0,19,19,19,19,19],"floor_reached":46,"playtime":1919,"items_purged":["Doubt","Strike_B"],"score":795,"play_id":"67e08e94-563b-4561-96a3-46f4a2d7d783","local_time":"20190130232706","is_ascension_mode":true,"campfire_choices":[{"data":"Sunder","floor":8.0,"key":"SMITH"},{"data":"Self Repair","floor":13.0,"key":"SMITH"},{"data":"Beam Cell","floor":15.0,"key":"SMITH"},{"floor":23.0,"key":"REST"},{"floor":25.0,"key":"REST"},{"floor":32.0,"key":"REST"},{"floor":40,"key":"RECALL"}],"neow_cost":"NONE","seed_source_timestamp":517312999978241,"circlet_count":0,"master_deck":["AscendersBane","Strike_B+1","Strike_B+1","Strike_B+1","Defend_B+1","Defend_B+1","Defend_B+1","Zap+1","Dualcast+1","Steam+1","Melter+1","Cold Snap+1","Sunder+1","Loop+1","Conserve Battery+1","Self Repair+1","Gash+1","Beam Cell+1","Echo Form+1","Ball Lightning+1","Cold Snap+1","Self Repair+1","Stack+1","Chill+1","Fusion+1","Gash+1","Glacier+1","Go for the Eyes+1","Skim+1","Hologram+1","Double Energy+1","Hello World+1","Buffer+1","Hologram+1","Capacitor","Leap+1"],"special_seed":0,"relics":["Cracked Core","Bloody Idol","Blue Candle","Shuriken","Lee\u0027s Waffle","Orrery","Pen Nib","Ginger","Bronze Scales","Runic Pyramid","Mark of the Bloom","Question Card"],"potions_floor_usage":[42],"damage_taken":[{"damage":1.0,"enemies":"Cultist","floor":1.0,"turns":3.0},{"damage":0.0,"enemies":"Small Slimes","floor":3.0,"turns":2.0},{"damage":20.0,"enemies":"3 Sentries","floor":6.0,"turns":7.0},{"damage":12.0,"enemies":"Jaw Worm","floor":7.0,"turns":2.0},{"damage":22.0,"enemies":"3 Louse","floor":10.0,"turns":2.0},{"damage":6.0,"enemies":"Blue Slaver","floor":14.0,"turns":3.0},{"damage":25.0,"enemies":"Hexaghost","floor":16.0,"turns":9.0},{"damage":25.0,"enemies":"3 Byrds","floor":18.0,"turns":5.0},{"damage":23.0,"enemies":"Spheric Guardian","floor":20.0,"turns":4.0},{"damage":37.0,"enemies":"Colosseum Slavers","floor":21.0,"turns":7.0},{"damage":34.0,"enemies":"Snecko","floor":22.0,"turns":6.0},{"damage":31.0,"enemies":"Snake Plant","floor":24.0,"turns":7.0},{"damage":54.0,"enemies":"Chosen and Byrds","floor":27.0,"turns":7.0},{"damage":19.0,"enemies":"Gremlin Leader","floor":28.0,"turns":8.0},{"damage":34.0,"enemies":"Centurion and Healer","floor":30.0,"turns":6.0},{"damage":26.0,"enemies":"Snecko","floor":31.0,"turns":8.0},{"damage":45.0,"enemies":"Automaton","floor":33.0,"turns":9.0},{"damage":26,"enemies":"3 Darklings","floor":35,"turns":7},{"damage":0,"enemies":"3 Shapes","floor":39,"turns":3},{"damage":20,"enemies":"Jaw Worm Horde","floor":42,"turns":5},{"damage":37,"enemies":"Writhing Mass","floor":46,"turns":5}],"seed_played":"3545604938111359321","potions_obtained":[{"floor":6.0,"key":"LiquidBronze"},{"floor":7.0,"key":"SpeedPotion"},{"floor":18.0,"key":"Weak Potion"},{"floor":24.0,"key":"Energy Potion"},{"floor":30.0,"key":"Fire Potion"}],"is_trial":false,"path_per_floor":["M","$","M","?","?","E","M","R","T","M","$","?","R","M","R","B",null,"M","?","M","?","M","R","M","R","T","M","E","$","M","M","R","B",null,"M","?","$","?","M","R","$","M","T","?","?","M"],"character_chosen":"DEFECT","items_purchased":["Melter","Cold Snap","Lee\u0027s Waffle","Gash","Bronze Scales","Hologram","Capacitor"],"campfire_rested":3,"item_purchase_floors":[2,2,11,11,29,29,41],"current_hp_per_floor":[63,63,63,63,63,43,31,31,31,9,71,50,50,44,44,29,61,60,60,42,39,27,48,32,53,58,43,49,49,37,26,47,24,59,55,55,55,55,55,55,55,35,35,35,35,0],"gold":19,"neow_bonus":"UPGRADE_CARD","is_prod":false,"is_daily":false,"chose_seed":false,"campfire_upgraded":3,"win_rate":0,"timestamp":1548887226,"path_taken":["M","$","?","?","?","E","M","R","T","M","?","?","R","?","R","BOSS","M","?","M","?","M","R","M","R","T","M","E","?","M","M","R","BOSS","M","?","$","?","M","R","$","M","T","?","?","?"],"build_version":"2019-01-23","purchased_purges":2,"victory":false,"max_hp_per_floor":[71,71,71,71,64,64,64,64,64,64,71,71,71,71,71,71,71,71,71,71,71,71,71,71,71,71,71,71,71,71,71,71,71,71,71,71,71,71,71,71,71,71,71,71,67,67],"card_choices":[{"not_picked":["Compile Driver","Barrage"],"picked":"Steam","floor":1.0},{"not_picked":["Redo","Sweeping Beam"],"picked":"Sunder","floor":3.0},{"not_picked":["Blizzard","Fission"],"picked":"Loop","floor":6.0},{"not_picked":["Stack","Darkness"],"picked":"Conserve Battery","floor":7.0},{"not_picked":["Stack","Cold Snap"],"picked":"Self Repair","floor":10.0},{"not_picked":["Genetic Algorithm","Scrape"],"picked":"Beam Cell","floor":14.0},{"not_picked":["Reboot","Fission"],"picked":"Echo Form","floor":16.0},{"not_picked":["Hologram","Beam Cell"],"picked":"Ball Lightning","floor":17.0},{"not_picked":["Streamline","Self Repair"],"picked":"Cold Snap","floor":17.0},{"not_picked":["Rebound","Streamline"],"picked":"Self Repair","floor":17.0},{"not_picked":["Reprogram","Sweeping Beam"],"picked":"Stack","floor":17.0},{"not_picked":["Reprogram","Leap"],"picked":"Chill","floor":17.0},{"not_picked":["Sweeping Beam","Aggregate"],"picked":"Fusion+1","floor":18.0},{"not_picked":["Rebound","Heatsinks"],"picked":"Gash+1","floor":20.0},{"not_picked":["Streamline","Rip and Tear"],"picked":"Glacier","floor":22.0},{"not_picked":["Scrape","Fusion","Creative AI"],"picked":"SKIP","floor":24.0},{"not_picked":["Rebound","Force Field"],"picked":"Go for the Eyes","floor":27.0},{"not_picked":["Rebound+1","Aggregate"],"picked":"Skim+1","floor":28.0},{"not_picked":["Go for the Eyes","Conserve Battery"],"picked":"Double Energy","floor":30.0},{"not_picked":["Barrage","Recycle"],"picked":"Hello World","floor":31.0},{"not_picked":["Machine Learning","Reboot"],"picked":"Buffer","floor":33.0},{"not_picked":["Streamline","Compile Driver+1","Steam Power"],"picked":"SKIP","floor":35},{"not_picked":["Blizzard","Sweeping Beam"],"picked":"Hologram+1","floor":39},{"not_picked":["Ball Lightning","Sweeping Beam"],"picked":"Leap+1","floor":42}],"player_experience":1148743,"relics_obtained":[{"floor":6.0,"key":"Blue Candle"},{"floor":9.0,"key":"Shuriken"},{"floor":26.0,"key":"Pen Nib"},{"floor":28.0,"key":"Ginger"},{"floor":43,"key":"Question Card"}],"event_choices":[{"damage_healed":0.0,"max_hp_gain":0.0,"max_hp_loss":0.0,"gold_gain":150.0,"event_name":"Liars Game","player_choice":"AGREE","floor":4.0,"gold_loss":0.0,"damage_taken":0.0,"cards_obtained":["Doubt"]},{"damage_healed":0.0,"max_hp_gain":0.0,"max_hp_loss":7.0,"gold_gain":0.0,"event_name":"Golden Idol","player_choice":"Lose Max HP","floor":5.0,"gold_loss":0.0,"damage_taken":0.0,"relics_obtained":["Golden Idol"]},{"damage_healed":0.0,"max_hp_gain":0.0,"max_hp_loss":0.0,"gold_gain":0.0,"event_name":"Shining Light","player_choice":"Entered Light","floor":12.0,"gold_loss":0.0,"damage_taken":21.0,"cards_upgraded":["Defend_B","Loop"]},{"damage_healed":0.0,"max_hp_gain":0.0,"max_hp_loss":0.0,"gold_gain":0.0,"event_name":"Forgotten Altar","player_choice":"Gave Idol","floor":19.0,"relics_lost":["Golden Idol"],"gold_loss":0.0,"damage_taken":0.0,"relics_obtained":["Bloody Idol"]},{"damage_healed":0.0,"max_hp_gain":0.0,"max_hp_loss":0.0,"gold_gain":0.0,"event_name":"Colosseum","player_choice":"Fight","floor":21.0,"gold_loss":0.0,"damage_taken":0.0},{"damage_healed":0.0,"max_hp_gain":0.0,"max_hp_loss":0.0,"gold_gain":0.0,"event_name":"Colosseum","player_choice":"Fled From Nobs","floor":21.0,"gold_loss":0.0,"damage_taken":0.0},{"damage_healed":0,"gold_gain":0,"player_choice":"Ignored","damage_taken":0,"max_hp_gain":0,"max_hp_loss":0,"event_name":"Tomb of Lord Red Mask","floor":36,"gold_loss":0},{"damage_healed":0,"gold_gain":0,"player_choice":"Upgrade","damage_taken":0,"relics_obtained":["Mark of the Bloom"],"max_hp_gain":0,"max_hp_loss":0,"event_name":"MindBloom","floor":38,"gold_loss":0,"cards_upgraded":["Strike_B","Strike_B","Strike_B","Defend_B","Defend_B","Defend_B","Dualcast","Steam","Melter","Cold Snap","Conserve Battery","Gash","Echo Form","Ball Lightning","Cold Snap","Self Repair","Stack","Chill","Glacier","Go for the Eyes","Hologram","Double Energy","Hello World","Buffer"]},{"cards_removed":["Defend_B"],"damage_healed":0,"gold_gain":0,"player_choice":"Removed Skill","damage_taken":0,"max_hp_gain":0,"max_hp_loss":0,"event_name":"Falling","floor":44,"gold_loss":0},{"damage_healed":0,"gold_gain":0,"player_choice":"Max HP","damage_taken":0,"max_hp_gain":0,"max_hp_loss":4,"event_name":"Winding Halls","floor":45,"gold_loss":0}],"is_beta":false,"boss_relics":[{"not_picked":["Coffee Dripper","Lizard Tail"],"picked":"Orrery"},{"not_picked":["Runic Dome","Pandora\u0027s Box"],"picked":"Runic Pyramid"}],"items_purged_floors":[29,37],"is_endless":false,"potions_floor_spawned":[6,7,14,18,24,30,33,39],"killed_by":"Writhing Mass","ascension_level":15}