{"gold_per_floor":[111,129,144,144,160,160,193,209,209,209],"floor_reached":10,"playtime":1417,"items_purged":[],"score":70,"play_id":"4a155a55-d5fb-4409-b3ed-afeb01782ed1","local_time":"20181018215439","is_ascension_mode":false,"campfire_choices":[{"data":"Neutralize","floor":6,"key":"SMITH"}],"neow_cost":"TEN_PERCENT_HP_LOSS","seed_source_timestamp":619615640523913,"circlet_count":0,"master_deck":["Defend_G","Defend_G","Defend_G","Defend_G","Defend_G","Strike_G","Strike_G","Strike_G","Strike_G","Strike_G","Survivor","Neutralize+1","Corpse Explosion","Dagger Spray","Quick Slash","Flechettes","Regret","Backflip","Infinite Blades","Dagger Throw"],"relics":["Ring of the Snake","Pear","Pantograph","Kunai"],"potions_floor_usage":[7],"damage_taken":[{"damage":11,"enemies":"Small Slimes","floor":1,"turns":5},{"damage":3,"enemies":"2 Louse","floor":2,"turns":3},{"damage":1,"enemies":"Cultist","floor":3,"turns":4},{"damage":6,"enemies":"2 Fungi Beasts","floor":5,"turns":2},{"damage":32,"enemies":"Lagavulin","floor":7,"turns":8},{"damage":12,"enemies":"Looter","floor":8,"turns":3},{"damage":8,"enemies":"Exordium Wildlife","floor":10,"turns":3}],"seed_played":"3301367118824827565","potions_obtained":[{"floor":5,"key":"GhostInAJar"},{"floor":7,"key":"LiquidBronze"}],"is_trial":false,"path_per_floor":["M","M","M","?","M","R","E","M","T"],"character_chosen":"THE_SILENT","items_purchased":[],"campfire_rested":0,"item_purchase_floors":[],"current_hp_per_floor":[52,49,48,58,52,52,20,8,8,0],"gold":209,"neow_bonus":"THREE_RARE_CARDS","is_prod":false,"is_daily":false,"chose_seed":false,"campfire_upgraded":1,"win_rate":0.0,"timestamp":1539852879,"path_taken":["M","M","M","?","M","R","E","M","T","M"],"build_version":"2018-10-11","purchased_purges":0,"victory":false,"max_hp_per_floor":[63,63,63,73,73,73,73,73,73,73],"card_choices":[{"not_picked":["Night Terror","Adrenaline"],"picked":"Corpse Explosion","floor":0},{"not_picked":["Dagger Throw","Outmaneuver"],"picked":"Dagger Spray","floor":1},{"not_picked":["Dagger Spray","Endless Agony"],"picked":"Quick Slash","floor":2},{"not_picked":["Dodge and Roll","Reflex"],"picked":"Flechettes","floor":3},{"not_picked":["Quick Slash","Sucker Punch"],"picked":"Backflip","floor":5},{"not_picked":["Wraith Form v2","Acrobatics"],"picked":"Infinite Blades","floor":7},{"not_picked":["Dagger Spray","Underhanded Strike"],"picked":"Dagger Throw","floor":8}],"player_experience":105176,"relics_obtained":[{"floor":7,"key":"Pantograph"},{"floor":9,"key":"Kunai"}],"event_choices":[{"event_name":"Big Fish","player_choice":"Box","floor":4,"damage_taken":0}],"is_beta":false,"boss_relics":[],"items_purged_floors":[],"is_endless":false,"potions_floor_spawned":[5,7],"killed_by":"Exordium Wildlife","ascension_level":0}