{"path_per_floor":["M","M","?","M","M","R","M","E","T","R","?","E","$","M","R","B",null,"M","M","?","?","M","E","$","R","T","M","R","M","?","E","R","B",null,"M","?","M","M","M","E","R","M","T","R","M","E","M","M","R"],"character_chosen":"DEFECT","items_purchased":["Sweeping Beam","Ginger","Lantern","Capacitor"],"gold_per_floor":[116,130,130,140,156,156,166,195,195,195,445,476,377,393,393,492,492,510,529,529,529,548,578,70,70,70,87,87,97,97,124,124,226,226,240,240,257,275,287,316,316,332,355,355,373,406,425,441,441,441],"floor_reached":50,"campfire_rested":4,"playtime":3832,"item_purchase_floors":[],"current_hp_per_floor":[67,67,72,72,71,71,67,64,64,64,64,50,50,41,41,48,80,58,59,59,80,64,21,21,45,45,23,47,43,43,32,32,24,80,62,52,52,42,34,19,43,47,47,47,36,27,39,28,52,0],"items_purged":["Regret"],"gold":441,"score":692,"play_id":"16c7fb19-7734-4dfb-89f5-379b17a25d4b","local_time":"20180604175515","is_prod":false,"is_daily":false,"chose_seed":false,"is_ascension_mode":true,"campfire_upgraded":3,"win_rate":0,"timestamp":1528127715,"campfire_choices":[{"data":"Redo","floor":6.0,"key":"SMITH"},{"data":"Tempest","floor":10.0,"key":"SMITH"},{"data":"White Noise","floor":15.0,"key":"SMITH"},{"floor":25.0,"key":"REST"},{"floor":28.0,"key":"REST"},{"data":"1","floor":32.0,"key":"LIFT"},{"floor":41,"key":"REST"},{"data":"2","floor":44,"key":"LIFT"},{"floor":49,"key":"REST"}],"path_taken":["M","M","?","?","M","R","M","E","T","R","?","E","$","M","R","BOSS","M","M","?","?","?","E","$","R","T","M","R","M","?","E","R","BOSS","M","?","?","?","M","E","R","M","T","R","M","E","M","M","R","BOSS"],"build_version":"2018-05-31","seed_source_timestamp":60203444038782,"purchased_purges":1,"victory":false,"master_deck":["Strike_B+1","Strike_B+1","Strike_B+1","Strike_B+1","Defend_B+1","Defend_B+1","Defend_B+1","Defend_B+1","Zap","Dualcast","Cold Snap","Conserve Battery","Ball Lightning+1","Redo+1","White Noise+1","Tempest+1","Double Energy","Sweeping Beam","Self Repair","Rainbow","Doom and Gloom+1","Go for the Eyes+1","Compile Driver+1","Stack+1","Capacitor","Doubt","White Noise+1","Redo+1","Steam","Echo Form","Hologram","Dark Shackles","Bandage Up","Apotheosis","Beam Cell+1","Tempest+1","Compile Driver+1","Stack+1","Aggregate","Pain","Recycle+1","Scrape+1","Stack+1","FTL+1","Redo"],"max_hp_per_floor":[75,75,80,80,80,80,80,80,80,80,80,80,80,80,80,80,80,80,80,80,80,80,80,80,80,80,80,80,80,80,80,80,80,80,80,80,80,80,80,80,80,80,80,80,80,80,80,80,80,80],"relics":["Torii","Dodecahedron","Pantograph","Cursed Key","Nloth\u0027s Gift","Gremlin Horn","Ginger","Lantern","Blue Candle","Girya","Nuclear Battery","Dream Catcher","Whetstone","Kunai"],"card_choices":[{"not_picked":["Streamline","Rebound"],"picked":"Cold Snap","floor":1.0},{"not_picked":["Darkness","Steam Power"],"picked":"Conserve Battery","floor":2.0},{"not_picked":["Rebound","Compile Driver"],"picked":"Ball Lightning","floor":4.0},{"not_picked":["Hologram","Consume"],"picked":"Redo","floor":5.0},{"not_picked":["Streamline","Reinforced Body"],"picked":"White Noise","floor":7.0},{"not_picked":["Conserve Battery","Steam"],"picked":"Tempest","floor":8.0},{"not_picked":["Hologram","Barrage"],"picked":"Double Energy","floor":12.0},{"not_picked":["Consume","Force Field"],"picked":"Self Repair","floor":14.0},{"not_picked":["Meteor Strike","Seek"],"picked":"Rainbow","floor":16.0},{"not_picked":["Gash","FTL"],"picked":"Doom and Gloom+1","floor":18.0},{"not_picked":["Stack","BootSequence"],"picked":"Go for the Eyes","floor":19.0},{"not_picked":["Conserve Battery","Coolheaded"],"picked":"Compile Driver+1","floor":22.0},{"not_picked":["Steam","Rebound"],"picked":"Stack+1","floor":23.0},{"not_picked":["Hologram","Hello World"],"picked":"White Noise+1","floor":27.0},{"not_picked":["Hyperbeam","Ball Lightning"],"picked":"Redo+1","floor":29.0},{"not_picked":["Gash","Go for the Eyes"],"picked":"Steam","floor":31.0},{"not_picked":["Meteor Strike","Multi-Cast"],"picked":"Echo Form","floor":33.0},{"not_picked":["Cold Snap","Blizzard"],"picked":"Hologram","floor":35},{"not_picked":["Secret Weapon","Deep Breath"],"picked":"Dark Shackles","floor":36},{"not_picked":["Good Instincts","Purity"],"picked":"Bandage Up","floor":36},{"not_picked":["Trip","Finesse"],"picked":"Apotheosis","floor":36},{"not_picked":["Streamline","Go for the Eyes+1"],"picked":"Beam Cell+1","floor":37},{"not_picked":["Steam Power+1","Doom and Gloom"],"picked":"Tempest+1","floor":38},{"not_picked":["Sweeping Beam","Redo","Turbo"],"picked":"SKIP","floor":39},{"not_picked":["Darkness","Reprogram+1"],"picked":"Compile Driver+1","floor":40},{"not_picked":["Glacier","Turbo+1"],"picked":"Stack+1","floor":41},{"not_picked":["BootSequence","Melter"],"picked":"Aggregate","floor":42},{"not_picked":["Compile Driver","Chaos"],"picked":"Recycle+1","floor":45},{"not_picked":["Consume","Steam"],"picked":"Scrape+1","floor":46},{"not_picked":["Leap","Machine Learning"],"picked":"Stack+1","floor":47},{"not_picked":["Darkness+1","Lockon"],"picked":"FTL+1","floor":48},{"not_picked":["Rip and Tear","Streamline+1"],"picked":"Redo","floor":49}],"player_experience":696612,"potions_floor_usage":[37,39,40,45,47,47,50],"damage_taken":[{"damage":8.0,"enemies":"2 Louse","floor":1.0,"turns":4.0},{"damage":0.0,"enemies":"Jaw Worm","floor":2.0,"turns":3.0},{"damage":0.0,"enemies":"Cultist","floor":4.0,"turns":3.0},{"damage":1.0,"enemies":"Blue Slaver","floor":5.0,"turns":4.0},{"damage":4.0,"enemies":"Red Slaver","floor":7.0,"turns":3.0},{"damage":10.0,"enemies":"3 Sentries","floor":8.0,"turns":7.0},{"damage":14.0,"enemies":"Gremlin Nob","floor":12.0,"turns":4.0},{"damage":9.0,"enemies":"Looter","floor":14.0,"turns":3.0},{"damage":25.0,"enemies":"The Guardian","floor":16.0,"turns":9.0},{"damage":36.0,"enemies":"2 Thieves","floor":18.0,"turns":4.0},{"damage":6.0,"enemies":"3 Byrds","floor":19.0,"turns":2.0},{"damage":23.0,"enemies":"Snecko","floor":22.0,"turns":5.0},{"damage":50.0,"enemies":"Slavers","floor":23.0,"turns":4.0},{"damage":22.0,"enemies":"Snake Plant","floor":27.0,"turns":3.0},{"damage":11.0,"enemies":"Cultist and Chosen","floor":29.0,"turns":4.0},{"damage":18.0,"enemies":"Book of Stabbing","floor":31.0,"turns":4.0},{"damage":40.0,"enemies":"Automaton","floor":33.0,"turns":8.0},{"damage":18,"enemies":"Orb Walker","floor":35,"turns":3},{"damage":11,"enemies":"3 Darklings","floor":37,"turns":5},{"damage":24,"enemies":"Maw","floor":38,"turns":8},{"damage":14,"enemies":"4 Shapes","floor":39,"turns":3},{"damage":31,"enemies":"2 Orb Walkers","floor":40,"turns":4},{"damage":2,"enemies":"Sphere and 2 Shapes","floor":42,"turns":3},{"damage":27,"enemies":"Maw","floor":45,"turns":6},{"damage":9,"enemies":"Nemesis","floor":46,"turns":3},{"damage":10,"enemies":"4 Shapes","floor":47,"turns":4},{"damage":21,"enemies":"Sphere and 2 Shapes","floor":48,"turns":4},{"damage":85,"enemies":"Donu and Deca","floor":50,"turns":9}],"relics_obtained":[{"floor":8.0,"key":"Torii"},{"floor":9.0,"key":"Dodecahedron"},{"floor":12.0,"key":"Pantograph"},{"floor":23.0,"key":"Gremlin Horn"},{"floor":26.0,"key":"Blue Candle"},{"floor":31.0,"key":"Girya"},{"floor":40,"key":"Dream Catcher"},{"floor":43,"key":"Whetstone"},{"floor":46,"key":"Kunai"}],"event_choices":[{"event_name":"Big Fish","player_choice":"Donut","floor":3.0,"damage_taken":0.0},{"event_name":"Golden Shrine","player_choice":"Desecrate","floor":11.0,"damage_taken":0.0},{"event_name":"N\u0027loth","player_choice":"Traded a Cracked Core","floor":20.0,"damage_taken":0.0},{"event_name":"The Library","player_choice":"Heal","floor":21.0,"damage_taken":0.0},{"event_name":"Back to Basics","player_choice":"Simplicity","floor":30.0,"damage_taken":0.0},{"event_name":"SensoryStone","player_choice":"Memory 3","floor":36,"damage_taken":0}],"boss_relics":[{"not_picked":["White Beast Statue","Calling Bell"],"picked":"Nuclear Battery"}],"items_purged_floors":[],"potions_floor_spawned":[2,12,19,27,29,31,38,42,45,46],"seed_played":"-791793920853797732","killed_by":"Donu and Deca","ascension_level":3,"potions_obtained":[{"floor":2.0,"key":"Block Potion"},{"floor":12.0,"key":"Ancient Potion"},{"floor":19.0,"key":"Weak Potion"},{"floor":27.0,"key":"SkillPotion"},{"floor":29.0,"key":"Swift Potion"},{"floor":31.0,"key":"GamblersBrew"},{"floor":38,"key":"Block Potion"},{"floor":42,"key":"SkillPotion"},{"floor":45,"key":"Swift Potion"},{"floor":46,"key":"GamblersBrew"}],"is_trial":false}