{"gold_per_floor":[315,315,335,105,115,115,129,129,129,129,79,106,106,124,124,200,200,200,200,200,200,200,200,200,200,200,200,200,200,200,200,200,200],"floor_reached":33,"playtime":1213,"items_purged":["Strike_G"],"score":451,"play_id":"3e55be7f-0246-4dd2-9e42-138ee7408d31","local_time":"20190128113049","is_ascension_mode":true,"campfire_choices":[{"data":"Neutralize","floor":6,"key":"SMITH"},{"data":"Bouncing Flask","floor":8,"key":"SMITH"},{"data":"Deadly Poison","floor":10,"key":"SMITH"},{"data":"All Out Attack","floor":15,"key":"SMITH"},{"floor":23,"key":"REST"},{"floor":28,"key":"REST"},{"data":"Dodge and Roll","floor":30,"key":"SMITH"},{"data":"Malaise","floor":32,"key":"SMITH"}],"neow_cost":"NO_GOLD","seed_source_timestamp":676789117830716,"circlet_count":0,"master_deck":["AscendersBane","Defend_G","Defend_G","Defend_G","Defend_G","Defend_G","Strike_G","Strike_G","Survivor","Neutralize+1","Deadly Poison+1","Deadly Poison+1","PiercingWail","Bouncing Flask+1","Adrenaline","All Out Attack+1","Malaise+1","Dagger Spray+1","Acrobatics+1","Deadly Poison+1","Poisoned Stab","Dodge and Roll+1"],"relics":["Ring of the Snake","Old Coin","Omamori","Frozen Egg 2","Dodecahedron","Ectoplasm","Red Mask","Potion Belt","Vajra","Dream Catcher","Happy Flower"],"potions_floor_usage":[16,20,20,27,27],"damage_taken":[{"damage":1,"enemies":"Cultist","floor":1,"turns":4},{"damage":3,"enemies":"2 Louse","floor":3,"turns":4},{"damage":0,"enemies":"Jaw Worm","floor":5,"turns":4},{"damage":4,"enemies":"Large Slime","floor":7,"turns":7},{"damage":12,"enemies":"Lagavulin","floor":12,"turns":5},{"damage":0,"enemies":"Looter","floor":14,"turns":3},{"damage":16,"enemies":"The Guardian","floor":16,"turns":7},{"damage":0,"enemies":"Spheric Guardian","floor":18,"turns":2},{"damage":18,"enemies":"Masked Bandits","floor":20,"turns":4},{"damage":10,"enemies":"Shell Parasite","floor":21,"turns":4},{"damage":6,"enemies":"Snecko","floor":22,"turns":5},{"damage":0,"enemies":"Cultist and Chosen","floor":24,"turns":4},{"damage":19,"enemies":"Slavers","floor":27,"turns":4},{"damage":1,"enemies":"Centurion and Healer","floor":31,"turns":6},{"damage":42,"enemies":"Champ","floor":33,"turns":7}],"seed_played":"-8519363465533294593","potions_obtained":[{"floor":1,"key":"SkillPotion"},{"floor":12,"key":"FearPotion"},{"floor":16,"key":"Fruit Juice"},{"floor":18,"key":"AttackPotion"},{"floor":21,"key":"Explosive Potion"},{"floor":24,"key":"EssenceOfSteel"},{"floor":27,"key":"Ancient Potion"}],"is_trial":false,"path_per_floor":["M","?","M","$","M","R","M","R","T","R","?","E","?","M","R","B",null,"M","?","?","M","M","R","M","?","T","E","R","T","R","M","R","B"],"character_chosen":"THE_SILENT","items_purchased":["Omamori"],"campfire_rested":2,"item_purchase_floors":[4],"current_hp_per_floor":[58,58,55,55,55,55,51,51,51,51,51,39,39,39,39,28,60,60,47,29,19,13,35,35,35,35,16,38,38,38,37,37,0],"gold":200,"neow_bonus":"ONE_RARE_RELIC","is_prod":false,"is_daily":false,"chose_seed":false,"campfire_upgraded":6,"win_rate":0,"timestamp":1548671449,"path_taken":["M","?","M","$","M","R","M","R","T","R","?","E","?","?","R","BOSS","M","?","?","M","M","R","M","?","T","E","R","?","R","M","R","BOSS"],"build_version":"2019-01-23","purchased_purges":1,"victory":false,"max_hp_per_floor":[66,66,66,66,66,66,66,66,66,66,66,66,66,66,66,71,71,71,76,76,76,76,76,76,76,76,76,76,76,76,76,76,76],"card_choices":[{"not_picked":["Dagger Spray","Expertise"],"picked":"Deadly Poison","floor":1},{"not_picked":["Dagger Spray","Dodge and Roll"],"picked":"Deadly Poison","floor":3},{"not_picked":["Distraction","Cloak And Dagger"],"picked":"PiercingWail","floor":5},{"not_picked":["Accuracy","Deadly Poison"],"picked":"Bouncing Flask","floor":7},{"not_picked":["Endless Agony","Infinite Blades+1"],"picked":"Adrenaline","floor":12},{"not_picked":["Dagger Throw","Tactician"],"picked":"All Out Attack","floor":14},{"not_picked":["Envenom+1","Unload"],"picked":"Malaise","floor":16},{"not_picked":["Endless Agony","Dagger Spray","Skewer"],"picked":"SKIP","floor":18},{"not_picked":["Outmaneuver+1","Escape Plan"],"picked":"Dagger Spray+1","floor":21},{"not_picked":["Sucker Punch","Dodge and Roll"],"picked":"Acrobatics+1","floor":22},{"not_picked":["Crippling Poison","Blade Dance"],"picked":"Deadly Poison+1","floor":24},{"not_picked":["Grand Finale","Dagger Throw"],"picked":"Poisoned Stab","floor":27},{"not_picked":["Slice","Caltrops+1"],"picked":"Dodge and Roll","floor":28},{"not_picked":["Endless Agony","Eviscerate+1","Dodge and Roll"],"picked":"SKIP","floor":31}],"player_experience":390967,"relics_obtained":[{"floor":9,"key":"Frozen Egg 2"},{"floor":12,"key":"Dodecahedron"},{"floor":20,"key":"Red Mask"},{"floor":26,"key":"Vajra"},{"floor":27,"key":"Dream Catcher"},{"floor":29,"key":"Happy Flower"}],"event_choices":[{"cards_removed":["Strike_G"],"damage_healed":0,"gold_gain":0,"player_choice":"Forget","damage_taken":0,"max_hp_gain":0,"max_hp_loss":0,"event_name":"Living Wall","floor":2,"gold_loss":0},{"cards_removed":["Strike_G"],"damage_healed":0,"gold_gain":0,"player_choice":"Card Removal","damage_taken":0,"max_hp_gain":0,"max_hp_loss":0,"event_name":"The Cleric","floor":11,"gold_loss":50},{"damage_healed":0,"gold_gain":0,"player_choice":"Upgraded","damage_taken":0,"max_hp_gain":0,"max_hp_loss":0,"event_name":"Upgrade Shrine","floor":13,"gold_loss":0,"cards_upgraded":["Deadly Poison"]},{"damage_healed":0,"gold_gain":0,"player_choice":"Shed Blood","damage_taken":18,"max_hp_gain":5,"max_hp_loss":0,"event_name":"Forgotten Altar","floor":19,"gold_loss":0},{"damage_healed":0,"gold_gain":0,"player_choice":"Fought Bandits","damage_taken":0,"max_hp_gain":0,"max_hp_loss":0,"event_name":"Masked Bandits","floor":20,"gold_loss":0},{"damage_healed":0,"gold_gain":0,"player_choice":"Opened","damage_taken":0,"relics_obtained":["Potion Belt"],"max_hp_gain":0,"max_hp_loss":0,"event_name":"The Mausoleum","floor":25,"gold_loss":0,"cards_obtained":["Writhe"]}],"is_beta":false,"boss_relics":[{"not_picked":["Busted Crown","Coffee Dripper"],"picked":"Ectoplasm"}],"items_purged_floors":[4],"is_endless":false,"potions_floor_spawned":[1,12,16,18,21,24,27],"killed_by":"Champ","ascension_level":14}