{"gold_per_floor":[18,38,57,232,11,43,43,53,99,99,99,99,118,18,18,113,113,131,146,164,164,23,33,33],"floor_reached":24,"playtime":1358,"items_purged":["Doubt","Strike_B"],"score":198,"play_id":"51e87e8d-c862-4f51-bd33-1353edf90fbf","local_time":"20181230184205","is_ascension_mode":false,"campfire_choices":[{"floor":7,"key":"REST"},{"data":"Creative AI","floor":10,"key":"SMITH"},{"floor":15,"key":"RECALL"}],"neow_cost":"NO_GOLD","seed_source_timestamp":857811487584192,"circlet_count":0,"master_deck":["Defend_B","Defend_B","Zap","Dualcast","Darkness","Go for the Eyes","Creative AI+1","Redo","Impatience","Static Discharge","Beam Cell","Capacitor","Echo Form","Double Energy+1","Storm+1","Cold Snap+1","Conserve Battery+1","Hologram","Multi-Cast","Electrodynamics","Sunder+1"],"relics":["Cracked Core","Bottled Tornado","Astrolabe"],"potions_floor_usage":[3,6,18],"damage_taken":[{"damage":1,"enemies":"Cultist","floor":1,"turns":3},{"damage":2,"enemies":"Small Slimes","floor":2,"turns":3},{"damage":1,"enemies":"2 Louse","floor":3,"turns":3},{"damage":47,"enemies":"3 Sentries","floor":6,"turns":6},{"damage":14,"enemies":"Blue Slaver","floor":8,"turns":4},{"damage":0,"enemies":"Large Slime","floor":13,"turns":4},{"damage":53,"enemies":"Slime Boss","floor":16,"turns":7},{"damage":19,"enemies":"Shell Parasite","floor":18,"turns":5},{"damage":25,"enemies":"3 Byrds","floor":19,"turns":5},{"damage":29,"enemies":"Snake Plant","floor":20,"turns":4},{"damage":11,"enemies":"Cultist and Chosen","floor":23,"turns":4},{"damage":18,"enemies":"Centurion and Healer","floor":24,"turns":2}],"seed_played":"4823447803944300908","potions_obtained":[{"floor":1,"key":"Weak Potion"},{"floor":2,"key":"Dexterity Potion"},{"floor":16,"key":"Weak Potion"},{"floor":23,"key":"FairyPotion"}],"is_trial":false,"path_per_floor":["M","M","M","?","$","E","R","M","T","R","?","?","M","$","R","B",null,"M","M","M","?","$","M","M"],"character_chosen":"DEFECT","items_purchased":["Redo","Impatience","Electrodynamics"],"campfire_rested":1,"item_purchase_floors":[5,5,22],"current_hp_per_floor":[88,86,85,85,85,38,64,50,50,50,79,72,72,72,72,19,89,70,45,16,16,16,5,0],"gold":33,"neow_bonus":"TWENTY_PERCENT_HP_BONUS","is_prod":false,"is_daily":false,"chose_seed":false,"campfire_upgraded":1,"win_rate":0,"timestamp":1546148525,"path_taken":["M","M","?","?","$","E","R","M","T","R","?","?","M","?","R","BOSS","M","M","M","?","?","M","M"],"build_version":"2018-12-20","purchased_purges":2,"victory":false,"max_hp_per_floor":[89,89,89,89,89,89,89,89,89,89,89,89,89,89,89,89,89,89,89,89,89,89,89,89],"card_choices":[{"not_picked":["Hello World","Recycle"],"picked":"Darkness","floor":1},{"not_picked":["Leap","Blizzard"],"picked":"Go for the Eyes","floor":2},{"not_picked":["Leap","Beam Cell"],"picked":"Creative AI","floor":3},{"not_picked":["Go for the Eyes","Seek"],"picked":"Static Discharge","floor":6},{"not_picked":["Steam Power","Leap"],"picked":"Beam Cell","floor":8},{"not_picked":["Rebound","Sweeping Beam"],"picked":"Capacitor","floor":13},{"not_picked":["Creative AI","Amplify"],"picked":"Echo Form","floor":16},{"not_picked":["Hello World","Darkness"],"picked":"Conserve Battery+1","floor":18},{"not_picked":["Hello World+1","Gash","Rebound+1"],"picked":"SKIP","floor":19},{"not_picked":["Force Field","Rebound"],"picked":"Hologram","floor":20},{"not_picked":["Tempest","Cold Snap"],"picked":"Sunder+1","floor":23}],"player_experience":543783,"relics_obtained":[{"floor":6,"key":"Bottled Tornado"}],"event_choices":[{"damage_healed":0,"gold_gain":175,"player_choice":"AGREE","damage_taken":0,"max_hp_gain":0,"max_hp_loss":0,"event_name":"Liars Game","floor":4,"gold_loss":0,"cards_obtained":["Doubt"]},{"damage_healed":29,"gold_gain":0,"player_choice":"Banana","damage_taken":0,"max_hp_gain":0,"max_hp_loss":0,"event_name":"Big Fish","floor":11,"gold_loss":0},{"cards_removed":["Strike_B"],"damage_healed":0,"gold_gain":0,"player_choice":"Card Removal","damage_taken":7,"max_hp_gain":0,"max_hp_loss":0,"event_name":"Golden Wing","floor":12,"gold_loss":0},{"damage_healed":0,"gold_gain":0,"cards_transformed":["Defend_B"],"player_choice":"Transformed","damage_taken":0,"max_hp_gain":0,"max_hp_loss":0,"event_name":"Transmorgrifier","floor":21,"gold_loss":0,"cards_obtained":["Multi-Cast"]}],"is_beta":false,"boss_relics":[{"not_picked":["FrozenCore","Runic Dome"],"picked":"Astrolabe"}],"items_purged_floors":[5,14],"is_endless":false,"potions_floor_spawned":[1,2,16,23],"killed_by":"Centurion and Healer","ascension_level":0}