{"path_per_floor":["M","M","M","$","M","R","?","R","T","R","E","R","?","M","R","B",null,"M","?","M","M","$","R","$","R","T","E","$","M","T","M","R"],"character_chosen":"THE_SILENT","items_purchased":["Cloak And Dagger","Backflip","Cloak And Dagger"],"gold_per_floor":[113,132,144,18,36,36,36,36,36,36,61,61,26,44,44,144,144,156,156,167,184,84,84,30,30,30,65,42,53,105,115,115,115],"floor_reached":33,"campfire_rested":1,"playtime":894,"current_hp_per_floor":[66,60,56,56,56,56,56,56,56,56,56,56,56,50,50,30,70,66,66,65,59,59,59,59,59,59,54,54,38,38,23,44,0],"items_purged":["Pain","Strike_G"],"gold":115,"score":290,"play_id":"175745e0-54c4-4d87-a066-9ca397d37f50","local_time":"20180405125302","is_prod":false,"is_daily":false,"is_ascension_mode":false,"campfire_upgraded":7,"timestamp":1522925582,"path_taken":["M","M","M","$","M","R","?","R","T","R","E","R","?","M","R","BOSS","M","?","?","?","$","R","$","R","T","E","?","M","?","?","R","BOSS"],"build_version":"2018-03-29v2","purchased_purges":2,"victory":false,"master_deck":["Defend_G","Defend_G","Defend_G","Defend_G","Defend_G","Strike_G","Strike_G","Strike_G","Strike_G","Survivor","Neutralize+1","Phantasmal Killer+1","Quick Slash","Terror+1","Riddle With Holes+1","Cloak And Dagger+1","Slice","Skewer+1","Deflect","Adrenaline","Backstab","Backstab","Dagger Spray","Deflect","All Out Attack","Flying Knee+1","Backflip+1","Cloak And Dagger","Deflect","Backstab+1"],"max_hp_per_floor":[70,70,70,70,70,70,70,70,70,70,70,70,70,70,70,70,70,70,70,70,70,70,70,70,70,70,70,70,70,70,70,70,70],"relics":["Ring of the Snake","Ice Cream","Pen Nib","Nloth\u0027s Gift","Bag of Preparation","Girya","Dream Catcher"],"card_choices":[{"not_picked":["Grand Finale","Tactician"],"picked":"Phantasmal Killer","floor":0},{"not_picked":["Acrobatics","Setup"],"picked":"Quick Slash","floor":1},{"not_picked":["Catalyst","Underhanded Strike"],"picked":"Terror","floor":2},{"not_picked":["Prepared","Bane"],"picked":"Riddle With Holes","floor":3},{"not_picked":["Backflip","Finisher"],"picked":"Slice","floor":5},{"not_picked":["Bane","Doppelganger"],"picked":"Skewer","floor":11},{"not_picked":["Acrobatics","Malaise"],"picked":"Deflect","floor":14},{"not_picked":["Envenom","Corpse Explosion"],"picked":"Adrenaline","floor":16},{"not_picked":["Quick Slash","Bouncing Flask"],"picked":"Backstab","floor":17},{"not_picked":["Quick Slash","Reflex"],"picked":"Backstab","floor":17},{"not_picked":["Finisher","Bane"],"picked":"Dagger Spray","floor":17},{"not_picked":["Prepared","Dagger Spray"],"picked":"Deflect","floor":17},{"not_picked":["Infinite Blades","Riddle With Holes"],"picked":"All Out Attack","floor":17},{"not_picked":["Calculated Gamble","Bane"],"picked":"Flying Knee","floor":21},{"not_picked":["Crippling Poison","Bane"],"picked":"Deflect","floor":29},{"not_picked":["Deadly Poison","Dagger Throw"],"picked":"Backstab","floor":31}],"player_experience":322110,"potions_floor_usage":[11],"damage_taken":[{"damage":4,"enemies":"Jaw Worm","floor":1,"turns":3},{"damage":6,"enemies":"2 Louse","floor":2,"turns":4},{"damage":4,"enemies":"Cultist","floor":3,"turns":3},{"damage":0,"enemies":"Large Slime","floor":5,"turns":4},{"damage":0,"enemies":"Gremlin Nob","floor":11,"turns":2},{"damage":6,"enemies":"Blue Slaver","floor":14,"turns":3},{"damage":20,"enemies":"Hexaghost","floor":16,"turns":6},{"damage":4,"enemies":"3 Byrds","floor":18,"turns":3},{"damage":1,"enemies":"Spheric Guardian","floor":20,"turns":3},{"damage":6,"enemies":"3 Cultists","floor":21,"turns":4},{"damage":5,"enemies":"Book of Stabbing","floor":27,"turns":4},{"damage":16,"enemies":"Slaver and Parasite","floor":29,"turns":5},{"damage":15,"enemies":"Sentry and Sphere","floor":31,"turns":5},{"damage":65,"enemies":"Automaton","floor":33,"turns":6}],"event_choices":[{"event_name":"Dead Adventurer","player_choice":"Searched \u00271\u0027 times","floor":7,"damage_taken":0},{"event_name":"World of Goop","player_choice":"Left","floor":13,"damage_taken":0},{"event_name":"N\u0027loth","player_choice":"Traded a Orrery","floor":19,"damage_taken":0}],"boss_relics":[{"not_picked":["Velvet Choker","The Specimen"],"picked":"Orrery"}],"potions_floor_spawned":[3,5,11,14,21,27,29],"seed_played":"-7902954049149079722","killed_by":"Automaton","ascension_level":0,"is_trial":false}