{"path_per_floor":["M","?","M","M","M","E","M","E","T","?","M","E","$","M","R"],"character_chosen":"THE_SILENT","items_purchased":["Die Die Die","Meat on the Bone"],"gold_per_floor":[109,109,123,148,164,203,219,254,307,307,320,361,28,46,46,46],"floor_reached":16,"campfire_rested":0,"playtime":1375,"current_hp_per_floor":[70,70,70,69,67,47,43,31,31,31,31,20,20,25,25,0],"items_purged":[],"gold":46,"score":149,"play_id":"0cc2955a-298e-4eb3-803c-ed9f80ddb709","local_time":"20180408212226","is_prod":false,"is_daily":false,"is_ascension_mode":true,"campfire_upgraded":1,"timestamp":1523215346,"path_taken":["M","?","M","?","M","E","M","E","T","?","M","E","$","M","R","BOSS"],"build_version":"2018-04-05v2","purchased_purges":0,"victory":false,"master_deck":["Defend_G","Defend_G","Defend_G","Defend_G","Defend_G","Strike_G","Strike_G","Strike_G","Strike_G","Strike_G","Survivor","Neutralize","Flying Knee","Choke","Dash","Noxious Fumes+1","Glass Knife","Acrobatics","Quick Slash","Dagger Spray","Infinite Blades","Die Die Die","Backflip"],"max_hp_per_floor":[70,70,70,70,70,70,70,70,70,70,70,70,70,70,70,70],"relics":["Ring of the Snake","Oddly Smooth Stone","Golden Idol","Question Card","Blood Vial","Dream Catcher","Prayer Wheel","Meat on the Bone"],"card_choices":[{"not_picked":["Deflect","Dagger Spray"],"picked":"Flying Knee","floor":1},{"not_picked":["Slice","Dodge and Roll"],"picked":"Choke","floor":3},{"not_picked":["After Image","Acrobatics"],"picked":"Dash","floor":4},{"not_picked":["Masterful Stab","Slice"],"picked":"Noxious Fumes","floor":5},{"not_picked":["Dagger Spray","Outmaneuver"],"picked":"Glass Knife","floor":6},{"not_picked":["Skewer","Slice","Terror"],"picked":"Acrobatics","floor":7},{"not_picked":["Slice","Wraith Form","Dash"],"picked":"Quick Slash","floor":8},{"not_picked":["Bane","Riddle With Holes","Slice"],"picked":"Dagger Spray","floor":11},{"not_picked":["Predator","Setup","Acrobatics"],"picked":"Infinite Blades","floor":12},{"not_picked":["Heel Hook","Distraction","Underhanded Strike"],"picked":"Backflip","floor":14}],"player_experience":482485,"potions_floor_usage":[6,6,8,11],"damage_taken":[{"damage":0,"enemies":"Cultist","floor":1,"turns":4},{"damage":0,"enemies":"2 Louse","floor":3,"turns":3},{"damage":1,"enemies":"Small Slimes","floor":4,"turns":3},{"damage":2,"enemies":"Looter","floor":5,"turns":3},{"damage":20,"enemies":"Gremlin Nob","floor":6,"turns":4},{"damage":4,"enemies":"3 Louse","floor":7,"turns":5},{"damage":12,"enemies":"3 Sentries","floor":8,"turns":7},{"damage":2,"enemies":"Exordium Thugs","floor":11,"turns":3},{"damage":13,"enemies":"Gremlin Nob","floor":12,"turns":4},{"damage":9,"enemies":"Large Slime","floor":14,"turns":4},{"damage":27,"enemies":"Hexaghost","floor":16,"turns":9}],"event_choices":[{"event_name":"Golden Idol","player_choice":"Take Wound","floor":2,"damage_taken":0},{"event_name":"Living Wall","player_choice":"Forget","floor":10,"damage_taken":0}],"boss_relics":[],"potions_floor_spawned":[3,4,6,7],"seed_played":"-8501825991739291135","killed_by":"Hexaghost","ascension_level":4,"is_trial":false}