{"gold_per_floor":[113,113,38,48,63,63,80,105,105,136,136,163,21,41,41,117,117,132,151,151,151,201,201,201],"floor_reached":24,"playtime":656,"items_purged":["Strike_B","Defend_B"],"score":428,"play_id":"5cbb3204-2572-4589-acfc-daf1081c8de1","local_time":"20181212142440","is_ascension_mode":true,"campfire_choices":[{"data":"Streamline","floor":6.0,"key":"SMITH"},{"data":"Zap","floor":15.0,"key":"SMITH"},{"data":"Capacitor","floor":23,"key":"SMITH"}],"neow_cost":"NONE","seed_source_timestamp":6549304133328,"circlet_count":0,"master_deck":["AscendersBane","Defend_B","Defend_B","Defend_B","Zap+1","Dualcast","FTL","Lockon","Streamline+1","Chill","Core Surge","Cold Snap","Ball Lightning","Capacitor+1","Buffer","Core Surge","Conserve Battery"],"special_seed":0,"relics":["Cracked Core","NeowsBlessing","WingedGreaves","Letter Opener","Pear","Juzu Bracelet","Empty Cage"],"potions_floor_usage":[],"damage_taken":[{"damage":0.0,"enemies":"Jaw Worm","floor":1.0,"turns":1.0},{"damage":0.0,"enemies":"Cultist","floor":4.0,"turns":1.0},{"damage":0.0,"enemies":"Small Slimes","floor":5.0,"turns":1.0},{"damage":1.0,"enemies":"2 Fungi Beasts","floor":7.0,"turns":2.0},{"damage":18.0,"enemies":"Lagavulin","floor":8.0,"turns":6.0},{"damage":8.0,"enemies":"Gremlin Nob","floor":10.0,"turns":3.0},{"damage":22.0,"enemies":"3 Sentries","floor":12.0,"turns":9.0},{"damage":8.0,"enemies":"Blue Slaver","floor":14.0,"turns":2.0},{"damage":15.0,"enemies":"Hexaghost","floor":16.0,"turns":8.0},{"damage":24.0,"enemies":"2 Thieves","floor":18.0,"turns":3.0},{"damage":7.0,"enemies":"Chosen","floor":19.0,"turns":4.0},{"damage":26,"enemies":"3 Cultists","floor":24,"turns":4}],"seed_played":"3634073123836432162","potions_obtained":[{"floor":1.0,"key":"SneckoOil"},{"floor":2.0,"key":"PowerPotion"},{"floor":4.0,"key":"Explosive Potion"},{"floor":5.0,"key":"PowerPotion"},{"floor":10.0,"key":"FearPotion"},{"floor":18.0,"key":"Ancient Potion"}],"is_trial":false,"path_per_floor":["M","?","$","M","M","R","M","E","T","E","?","E","$","M","R","B",null,"M","M","?","?","?","R","M"],"character_chosen":"DEFECT","items_purchased":["Capacitor"],"campfire_rested":0,"item_purchase_floors":[13],"current_hp_per_floor":[64,64,64,64,64,64,63,45,45,47,47,25,25,17,17,2,61,37,30,30,30,22,22,0],"gold":201,"neow_bonus":"THREE_ENEMY_KILL","is_prod":false,"is_daily":false,"chose_seed":false,"campfire_upgraded":3,"win_rate":0,"timestamp":1544592280,"path_taken":["M","?","$","?","M","R","?","E","T","E","?","E","$","M","R","BOSS","M","M","?","?","?","R","M"],"build_version":"2018-12-06","purchased_purges":2,"victory":false,"max_hp_per_floor":[71,71,71,71,71,71,71,71,71,81,81,81,81,81,81,81,81,81,81,81,81,81,81,81],"card_choices":[{"not_picked":["Barrage","Compile Driver"],"picked":"FTL","floor":1.0},{"not_picked":["Rebound","Recycle"],"picked":"Lockon","floor":4.0},{"not_picked":["Conserve Battery","Cold Snap"],"picked":"Streamline","floor":5.0},{"not_picked":["Tempest","Stack"],"picked":"Chill","floor":7.0},{"not_picked":["Heatsinks","Streamline"],"picked":"Core Surge","floor":8.0},{"not_picked":["Steam","Auto Shields"],"picked":"Cold Snap","floor":10.0},{"not_picked":["Rip and Tear","Lockon"],"picked":"Ball Lightning","floor":12.0},{"not_picked":["Conserve Battery","Turbo"],"picked":"Buffer","floor":14.0},{"not_picked":["Creative AI","Machine Learning"],"picked":"Core Surge","floor":16.0},{"not_picked":["Rebound","Barrage","Capacitor"],"picked":"SKIP","floor":18.0},{"not_picked":["Tempest","Beam Cell"],"picked":"Conserve Battery","floor":19.0}],"player_experience":802803,"relics_obtained":[{"floor":8.0,"key":"WingedGreaves"},{"floor":9.0,"key":"Letter Opener"},{"floor":10.0,"key":"Pear"},{"floor":12.0,"key":"Juzu Bracelet"}],"event_choices":[{"damage_healed":0.0,"max_hp_gain":0.0,"max_hp_loss":0.0,"gold_gain":0.0,"event_name":"Lab","player_choice":"Got Potions","floor":2.0,"gold_loss":0.0,"damage_taken":0.0},{"cards_removed":["Strike_B"],"damage_healed":0.0,"max_hp_gain":0.0,"max_hp_loss":0.0,"gold_gain":0.0,"event_name":"Living Wall","player_choice":"Forget","floor":11.0,"gold_loss":0.0,"damage_taken":0.0},{"damage_healed":0.0,"max_hp_gain":0.0,"max_hp_loss":0.0,"gold_gain":0.0,"event_name":"Ghosts","player_choice":"Ignored","floor":20.0,"gold_loss":0.0,"damage_taken":0.0},{"damage_healed":0.0,"max_hp_gain":0.0,"max_hp_loss":0.0,"gold_gain":0.0,"event_name":"The Mausoleum","player_choice":"Ignored","floor":21.0,"gold_loss":0.0,"damage_taken":0.0},{"damage_healed":0,"gold_gain":50,"player_choice":"Touch","damage_taken":8,"max_hp_gain":0,"max_hp_loss":0,"event_name":"FaceTrader","floor":22,"gold_loss":0}],"is_beta":false,"boss_relics":[{"not_picked":["Sozu","Coffee Dripper"],"picked":"Empty Cage"}],"items_purged_floors":[3,13],"is_endless":false,"potions_floor_spawned":[1,4,5,10,18],"killed_by":"3 Cultists","ascension_level":20}