{"gold_per_floor":[113,288,305,49,63,63,83,83,83,83,11,32,32,47,47,47],"floor_reached":16,"playtime":2997,"items_purged":[],"score":92,"play_id":"ad5e2e64-9980-41e9-bfc3-099ee39b476d","local_time":"20181016164237","is_ascension_mode":false,"campfire_choices":[{"data":"Noxious Fumes","floor":6,"key":"SMITH"},{"data":"Neutralize","floor":8,"key":"SMITH"},{"floor":15,"key":"REST"}],"neow_cost":"NONE","seed_source_timestamp":0,"circlet_count":0,"master_deck":["Defend_G","Defend_G","Defend_G","Defend_G","Defend_G","Strike_G","Strike_G","Strike_G","Strike_G","Strike_G","Survivor","Neutralize+1","Noxious Fumes+1","Doubt","Acrobatics","Dagger Throw","Injury","Crippling Poison","Slice"],"special_seed":0,"relics":["Ring of the Snake","NeowsBlessing","Bottled Lightning","Mummified Hand","Golden Idol"],"potions_floor_usage":[12,12],"damage_taken":[{"damage":0,"enemies":"Jaw Worm","floor":1,"turns":1},{"damage":0,"enemies":"2 Louse","floor":3,"turns":1},{"damage":0,"enemies":"Small Slimes","floor":5,"turns":1},{"damage":1,"enemies":"Exordium Wildlife","floor":7,"turns":5},{"damage":16,"enemies":"Large Slime","floor":12,"turns":9},{"damage":22,"enemies":"Lots of Slimes","floor":14,"turns":4},{"damage":40,"enemies":"Slime Boss","floor":16,"turns":9}],"seed_played":"-9008794493869418811","potions_obtained":[{"floor":5,"key":"SkillPotion"},{"floor":7,"key":"Strength Potion"}],"is_trial":false,"path_per_floor":["M","?","M","$","M","R","M","R","T","?","$","M","$","M","R"],"character_chosen":"THE_SILENT","items_purchased":["Bottled Lightning","Crippling Poison"],"campfire_rested":1,"item_purchase_floors":[4,11],"current_hp_per_floor":[70,70,70,70,70,70,69,69,69,69,69,53,53,31,52,12],"gold":47,"neow_bonus":"THREE_ENEMY_KILL","is_prod":false,"is_daily":false,"chose_seed":false,"campfire_upgraded":2,"win_rate":0.0,"timestamp":1539661357,"path_taken":["M","?","M","$","M","R","M","R","T","?","$","?","?","M","R","BOSS"],"build_version":"2018-10-11","purchased_purges":0,"victory":false,"max_hp_per_floor":[70,70,70,70,70,70,70,70,70,70,70,70,70,70,70,70],"card_choices":[{"not_picked":["Quick Slash","Dagger Spray"],"picked":"Noxious Fumes","floor":1},{"not_picked":["Riddle With Holes","Well Laid Plans"],"picked":"Acrobatics","floor":3},{"not_picked":["Well Laid Plans","Underhanded Strike","Prepared"],"picked":"SKIP","floor":5},{"not_picked":["Backflip","Blade Dance"],"picked":"Dagger Throw","floor":7},{"not_picked":["Bane","Prepared"],"picked":"Slice","floor":12},{"not_picked":["Bane","Outmaneuver","Eviscerate"],"picked":"SKIP","floor":14}],"player_experience":76994,"relics_obtained":[{"floor":9,"key":"Mummified Hand"}],"event_choices":[{"event_name":"Liars Game","player_choice":"agreed","floor":2,"damage_taken":0},{"event_name":"Golden Idol","player_choice":"Take Wound","floor":10,"damage_taken":0}],"is_beta":false,"boss_relics":[],"items_purged_floors":[],"is_endless":false,"potions_floor_spawned":[5,7],"killed_by":"Slime Boss","ascension_level":0}