{"gold_per_floor":[116,62,62,62,62,62,82,82,109,179,179,179,25,46,46,141,141,125,77,77,101,151,151,171,60,113,77,77,40,40,51,51,129,129,149,70,70,70,0,0,29,29,83,83,99,116,68,93,93,93],"floor_reached":51,"playtime":1513,"items_purged":["Defend_R"],"score":1780,"play_id":"de5df687-7ab6-4790-8592-ae5621466a7c","local_time":"20180703165920","is_ascension_mode":true,"campfire_choices":[{"data":"Armaments","floor":6,"key":"SMITH"},{"data":"Bash","floor":8,"key":"SMITH"},{"data":"Shockwave","floor":11,"key":"SMITH"},{"data":"Ghostly Armor","floor":15,"key":"SMITH"},{"data":"True Grit","floor":23,"key":"SMITH"},{"data":"Whirlwind","floor":30,"key":"SMITH"},{"data":"Uppercut","floor":32,"key":"SMITH"},{"data":"Demon Form","floor":40,"key":"SMITH"},{"data":"Demon Form","floor":42,"key":"SMITH"},{"data":"Entrench","floor":44,"key":"SMITH"},{"data":"Impervious","floor":49,"key":"SMITH"}],"neow_cost":"NONE","seed_source_timestamp":69061311897676,"circlet_count":0,"master_deck":["Defend_R","Defend_R","Defend_R","Bash+1","AscendersBane","Feel No Pain","Armaments+1","Injury","Ghostly Armor+1","Shockwave+1","Impervious+1","Exhume","Shrug It Off","True Grit+1","Bite","Bite","Bite","Bite","Bite","Headbutt","Uppercut+1","Corruption","Whirlwind+1","Heavy Blade","Demon Form+1","Entrench+1","Demon Form+1","Regret","Body Slam","Feel No Pain"],"relics":["Coffee Dripper","Du-Vu Doll","Bloody Idol","Potion Belt","Runic Pyramid","Dream Catcher","Cursed Key","Sundial","Red Mask","Darkstone Periapt","Art of War","Molten Egg 2"],"potions_floor_usage":[14,16,24,31,33,48,50,50,50],"damage_taken":[{"damage":0,"enemies":"Small Slimes","floor":1,"turns":3},{"damage":3,"enemies":"2 Louse","floor":7,"turns":3},{"damage":20,"enemies":"Lagavulin Event","floor":10,"turns":6},{"damage":1,"enemies":"Cultist","floor":14,"turns":3},{"damage":0,"enemies":"Slime Boss","floor":16,"turns":9},{"damage":3,"enemies":"2 Thieves","floor":18,"turns":4},{"damage":9,"enemies":"Spheric Guardian","floor":21,"turns":7},{"damage":31,"enemies":"Slaver and Parasite","floor":24,"turns":7},{"damage":0,"enemies":"3 Cultists","floor":31,"turns":3},{"damage":47,"enemies":"Champ","floor":33,"turns":17},{"damage":41,"enemies":"3 Shapes","floor":35,"turns":3},{"damage":0,"floor":37,"turns":3},{"damage":10,"enemies":"Nemesis","floor":41,"turns":5},{"damage":0,"enemies":"Flame Bruiser 1 Orb","floor":45,"turns":3},{"damage":26,"enemies":"4 Shapes","floor":46,"turns":5},{"damage":60,"enemies":"2 Orb Walkers","floor":48,"turns":8},{"damage":22,"enemies":"Time Eater","floor":50,"turns":9}],"seed_played":"592491467164239332","potions_obtained":[{"floor":10,"key":"AttackPotion"},{"floor":10,"key":"Regen Potion"},{"floor":14,"key":"Dexterity Potion"},{"floor":16,"key":"Fire Potion"},{"floor":18,"key":"Poison Potion"},{"floor":24,"key":"SteroidPotion"},{"floor":31,"key":"Dexterity Potion"},{"floor":41,"key":"LiquidBronze"},{"floor":46,"key":"Explosive Potion"}],"is_trial":false,"path_per_floor":["M","$","?","?","?","R","M","R","T","?","R","?","$","M","R","B",null,"M","$","?","M","?","R","M","$","T","$","?","$","R","M","R","B",null,"M","$","?","?","?","R","E","R","T","R","M","M","$","E","R","B"],"character_chosen":"IRONCLAD","items_purchased":["Armaments","Impervious","True Grit","Uppercut","Corruption","Whirlwind","Entrench","Body Slam"],"campfire_rested":0,"item_purchase_floors":[2,13,19,25,27,29,36,47],"current_hp_per_floor":[68,68,50,50,50,50,47,47,47,29,29,29,29,39,39,41,67,66,66,66,75,75,75,64,64,64,64,64,64,64,74,74,53,70,44,44,48,48,48,48,58,58,69,69,79,66,66,23,23,9],"gold":93,"neow_bonus":"BOSS_RELIC","is_prod":false,"is_daily":false,"chose_seed":false,"campfire_upgraded":11,"win_rate":0,"timestamp":1530662360,"path_taken":["M","$","?","?","?","R","M","R","T","?","R","?","?","M","R","BOSS","M","?","?","M","?","R","?","$","T","?","?","$","R","M","R","BOSS","M","$","?","?","?","R","E","R","T","R","M","M","$","E","R","BOSS"],"build_version":"2018-07-02","purchased_purges":1,"victory":true,"max_hp_per_floor":[75,75,75,75,75,75,75,75,75,75,75,75,75,75,75,75,75,75,75,75,75,75,75,75,75,75,75,75,75,75,75,75,75,75,75,75,75,75,75,75,75,75,81,81,81,81,81,81,81,81],"card_choices":[{"not_picked":["Sword Boomerang","Pommel Strike"],"picked":"Feel No Pain","floor":1},{"not_picked":["Burning Pact","Uppercut"],"picked":"Ghostly Armor","floor":7},{"not_picked":["Armaments","Wild Strike"],"picked":"Shockwave","floor":10},{"not_picked":["Demon Form","Dark Embrace"],"picked":"Exhume","floor":16},{"not_picked":["Iron Wave","Rampage"],"picked":"Shrug It Off","floor":18},{"not_picked":["Pommel Strike","Pummel"],"picked":"Headbutt","floor":24},{"not_picked":["Iron Wave","Whirlwind"],"picked":"Heavy Blade","floor":31},{"not_picked":["Double Tap","Bludgeon"],"picked":"Demon Form","floor":33},{"not_picked":["Sentinel+1","Iron Wave"],"picked":"Feel No Pain","floor":48}],"player_experience":475012,"relics_obtained":[{"floor":9,"key":"Potion Belt"},{"floor":26,"key":"Dream Catcher"},{"floor":37,"key":"Sundial"},{"floor":41,"key":"Darkstone Periapt"},{"floor":43,"key":"Art of War"},{"floor":48,"key":"Molten Egg 2"}],"event_choices":[{"event_name":"Scrap Ooze","player_choice":"success","floor":3,"damage_taken":18},{"event_name":"Golden Idol","player_choice":"Take Wound","floor":4,"damage_taken":0},{"event_name":"Golden Wing","player_choice":"Ignored","floor":5,"damage_taken":0},{"event_name":"Dead Adventurer","player_choice":"Searched \u00272\u0027 times","floor":10,"damage_taken":0},{"event_name":"Shining Light","player_choice":"Ignored","floor":12,"damage_taken":0},{"event_name":"Vampires","player_choice":"Became a vampire (Vial)","floor":20,"damage_taken":0},{"event_name":"Nest","player_choice":"Stole From Cult","floor":22,"damage_taken":0},{"event_name":"Forgotten Altar","player_choice":"Gave Idol","floor":28,"damage_taken":0},{"event_name":"MindBloom","player_choice":"Fight","floor":37,"damage_taken":0},{"event_name":"Duplicator","player_choice":"One dupe","floor":38,"damage_taken":0},{"event_name":"Tomb of Lord Red Mask","player_choice":"Paid","floor":39,"damage_taken":0}],"boss_relics":[{"not_picked":["Sozu","Orrery"],"picked":"Runic Pyramid"},{"not_picked":["White Beast Statue","Eternal Feather"],"picked":"Cursed Key"}],"items_purged_floors":[25],"is_endless":false,"potions_floor_spawned":[10,10,14,16,18,24,31,41,46],"ascension_level":15}