{"gold_per_floor":[12,27,27,27,45,45,69,18,18,34,53,73,73,89,89,209,209,209,223,68,83,83,83,104,128,128,28,0,0,0],"floor_reached":30,"playtime":1415,"items_purged":["Strike_B","Injury"],"score":226,"play_id":"0383d90c-cf9a-440a-97b2-4c6da0944d24","local_time":"20181205160637","is_ascension_mode":false,"campfire_choices":[{"data":"Redo","floor":6,"key":"SMITH"},{"data":"Redo","floor":13,"key":"SMITH"},{"data":"Zap","floor":15,"key":"SMITH"},{"data":"Echo Form","floor":23,"key":"SMITH"},{"floor":29,"key":"REST"}],"neow_cost":"NO_GOLD","seed_source_timestamp":779153268904874,"circlet_count":0,"master_deck":["Strike_B","Strike_B","Strike_B","Defend_B","Defend_B","Defend_B","Defend_B","Zap+1","Dualcast","Go for the Eyes","Redo+1","Rebound","BootSequence","Sweeping Beam","Beam Cell","Sunder","Redo+1","Turbo","Echo Form+1","Streamline+1","Defragment","Ball Lightning+1","Static Discharge+1","Rainbow"],"relics":["Cracked Core","Golden Idol","Blood Vial","Inserter","Blue Candle","Bottled Tornado"],"potions_floor_usage":[16,18,25],"damage_taken":[{"damage":4,"enemies":"2 Louse","floor":1,"turns":3},{"damage":3,"enemies":"Jaw Worm","floor":2,"turns":2},{"damage":0,"enemies":"Cultist","floor":5,"turns":3},{"damage":8,"enemies":"Gremlin Gang","floor":7,"turns":4},{"damage":0,"enemies":"3 Louse","floor":10,"turns":3},{"damage":7,"enemies":"Exordium Thugs","floor":11,"turns":3},{"damage":0,"enemies":"Looter","floor":12,"turns":4},{"damage":5,"enemies":"Exordium Wildlife","floor":14,"turns":3},{"damage":16,"enemies":"Slime Boss","floor":16,"turns":5},{"damage":0,"enemies":"Shell Parasite","floor":18,"turns":1},{"damage":0,"enemies":"Chosen","floor":19,"turns":3},{"damage":34,"enemies":"Snecko","floor":21,"turns":5},{"damage":50,"enemies":"Centurion and Healer","floor":24,"turns":6},{"damage":6,"enemies":"Snake Plant","floor":25,"turns":3},{"damage":34,"enemies":"3 Cultists","floor":30,"turns":4}],"seed_played":"-4071405820158647651","potions_obtained":[{"floor":7,"key":"SteroidPotion"},{"floor":10,"key":"SmokeBomb"},{"floor":16,"key":"SpeedPotion"},{"floor":24,"key":"Regen Potion"}],"is_trial":false,"path_per_floor":["M","M","?","?","M","R","M","$","T","M","M","M","R","M","R","B",null,"M","M","$","M","?","R","M","M","T","$","?","R","M"],"character_chosen":"DEFECT","items_purchased":["Sweeping Beam","Defragment"],"campfire_rested":1,"item_purchase_floors":[8,20],"current_hp_per_floor":[71,68,68,85,85,85,77,77,77,79,74,76,76,73,73,59,85,85,85,85,51,51,51,3,8,8,8,8,33,1],"gold":0,"neow_bonus":"THREE_RARE_CARDS","is_prod":false,"is_daily":false,"chose_seed":false,"campfire_upgraded":4,"win_rate":0,"timestamp":1543979197,"path_taken":["M","M","?","?","?","R","M","$","T","M","M","M","R","M","R","BOSS","M","?","$","M","?","R","M","M","T","$","?","R","M"],"build_version":"2018-11-15","purchased_purges":2,"victory":false,"max_hp_per_floor":[75,75,75,85,85,85,85,85,85,85,85,85,85,85,85,85,85,85,85,85,85,85,85,85,85,85,85,85,85,85],"card_choices":[{"not_picked":["Biased Cognition","Thunder Strike"],"picked":"All For One","floor":0},{"not_picked":["Compile Driver","Gash"],"picked":"Go for the Eyes","floor":1},{"not_picked":["Compile Driver","Skim"],"picked":"Redo","floor":2},{"not_picked":["Cold Snap","Hologram"],"picked":"Rebound","floor":5},{"not_picked":["Steam","Rebound"],"picked":"BootSequence","floor":7},{"not_picked":["Seek","Steam"],"picked":"Beam Cell","floor":10},{"not_picked":["Blizzard","Conserve Battery"],"picked":"Sunder","floor":11},{"not_picked":["Force Field","Heatsinks"],"picked":"Redo","floor":12},{"not_picked":["Leap","Hologram"],"picked":"Turbo","floor":14},{"not_picked":["Hyperbeam","Core Surge"],"picked":"Echo Form","floor":16},{"not_picked":["Go for the Eyes","Rebound"],"picked":"Streamline+1","floor":19},{"not_picked":["Conserve Battery","Coolheaded"],"picked":"Ball Lightning+1","floor":21},{"not_picked":["Double Energy","Rip and Tear"],"picked":"Static Discharge+1","floor":24},{"not_picked":["Redo+1","Steam Power"],"picked":"Rainbow","floor":25}],"player_experience":356051,"relics_obtained":[{"floor":9,"key":"Blood Vial"},{"floor":26,"key":"Bottled Tornado"}],"event_choices":[{"damage_healed":0,"gold_gain":0,"player_choice":"Take Wound","damage_taken":0,"relics_obtained":["Golden Idol"],"max_hp_gain":0,"max_hp_loss":0,"event_name":"Golden Idol","floor":3,"gold_loss":0,"cards_obtained":["Injury"]},{"cards_removed":["All For One"],"damage_healed":7,"gold_gain":0,"player_choice":"Offered Rare","damage_taken":0,"max_hp_gain":10,"max_hp_loss":0,"event_name":"Bonfire Elementals","floor":4,"gold_loss":0},{"damage_healed":0,"gold_gain":0,"player_choice":"Opened","damage_taken":0,"relics_obtained":["Blue Candle"],"max_hp_gain":0,"max_hp_loss":0,"event_name":"The Mausoleum","floor":22,"gold_loss":0},{"damage_healed":0,"gold_gain":0,"player_choice":"Paid Fearfully","damage_taken":0,"max_hp_gain":0,"max_hp_loss":0,"event_name":"Masked Bandits","floor":28,"gold_loss":28}],"is_beta":false,"boss_relics":[{"not_picked":["Eternal Feather","Orrery"],"picked":"Inserter"}],"items_purged_floors":[20,27],"is_endless":false,"potions_floor_spawned":[7,10,16,24],"killed_by":"3 Cultists","ascension_level":0}