{"path_per_floor":["M","?","?","M","M","E","R","E","T","M","?","$","T","M","R"],"character_chosen":"DEFECT","items_purchased":["Self Repair","Molten Egg 2","Stack"],"gold_per_floor":[110,110,285,295,310,343,343,368,393,413,413,82,130,145,145,145],"floor_reached":16,"campfire_rested":2,"playtime":979,"item_purchase_floors":[12,12,12],"current_hp_per_floor":[70,55,55,51,51,25,47,15,15,13,6,6,6,8,30,0],"items_purged":[],"gold":145,"score":127,"play_id":"00de3649-7278-47bd-8ed0-9dbd64f9bd06","local_time":"20180604183531","is_prod":false,"is_daily":false,"chose_seed":false,"is_ascension_mode":true,"campfire_upgraded":0,"win_rate":0,"timestamp":1528130131,"campfire_choices":[{"floor":7,"key":"REST"},{"floor":15,"key":"REST"}],"path_taken":["M","?","?","?","M","E","R","E","T","M","?","$","?","M","R","BOSS"],"build_version":"2018-05-31","seed_source_timestamp":100782646578629,"purchased_purges":0,"victory":false,"master_deck":["Strike_B+1","Strike_B","Strike_B","Strike_B","Defend_B+1","Defend_B","Defend_B","Defend_B","Zap","Dualcast","Rebound","Ball Lightning","Conserve Battery","Conserve Battery","Seek","Sweeping Beam","Self Repair","Stack","Rip and Tear+1"],"max_hp_per_floor":[75,75,75,75,75,75,75,75,75,75,75,75,75,75,75,75],"relics":["Cracked Core","Art of War","Bag of Preparation","Boot","Molten Egg 2","Omamori"],"card_choices":[{"not_picked":["Reinforced Body","Scrape"],"picked":"Rebound","floor":1},{"not_picked":["Barrage","Turbo"],"picked":"Ball Lightning","floor":4},{"not_picked":["Rebound","Steam"],"picked":"Conserve Battery","floor":5},{"not_picked":["Cold Snap","Barrage"],"picked":"Conserve Battery","floor":6},{"not_picked":["Cold Snap","Rebound"],"picked":"Seek","floor":8},{"not_picked":["Steam","Blizzard"],"picked":"Sweeping Beam","floor":10},{"not_picked":["Hologram","Genetic Algorithm"],"picked":"Rip and Tear+1","floor":14}],"player_experience":701260,"potions_floor_usage":[8,8,16,16],"damage_taken":[{"damage":5,"enemies":"Small Slimes","floor":1,"turns":3},{"damage":4,"enemies":"Jaw Worm","floor":4,"turns":3},{"damage":0,"enemies":"2 Louse","floor":5,"turns":1},{"damage":26,"enemies":"3 Sentries","floor":6,"turns":7},{"damage":32,"enemies":"Gremlin Nob","floor":8,"turns":4},{"damage":2,"enemies":"Exordium Thugs","floor":10,"turns":4},{"damage":5,"enemies":"Large Slime","floor":14,"turns":5},{"damage":32,"enemies":"Hexaghost","floor":16,"turns":10}],"relics_obtained":[{"floor":6,"key":"Art of War"},{"floor":8,"key":"Bag of Preparation"},{"floor":9,"key":"Boot"},{"floor":13,"key":"Omamori"}],"event_choices":[{"event_name":"Shining Light","player_choice":"Entered Light","floor":2,"damage_taken":0},{"event_name":"Liars Game","player_choice":"agreed","floor":3,"damage_taken":0},{"event_name":"Golden Wing","player_choice":"Card Removal","floor":11,"damage_taken":0}],"boss_relics":[],"items_purged_floors":[],"potions_floor_spawned":[4,5,6,8],"seed_played":"7130474687121141989","killed_by":"Hexaghost","ascension_level":3,"potions_obtained":[{"floor":4,"key":"Swift Potion"},{"floor":5,"key":"SteroidPotion"},{"floor":6,"key":"SpeedPotion"},{"floor":8,"key":"SneckoOil"}],"is_trial":false}