{"gold_per_floor":[109,59,72,88,106,136,136,63,63,63,77,77,92,109,109,109],"floor_reached":16,"playtime":603,"items_purged":[],"score":166,"play_id":"b570f553-5438-42a8-87c6-02c5ea6f9f10","local_time":"20180928215348","is_ascension_mode":true,"campfire_choices":[{"floor":7,"key":"REST"},{"floor":12,"key":"REST"},{"floor":15,"key":"REST"}],"neow_cost":"NONE","seed_source_timestamp":38117618109069,"circlet_count":0,"master_deck":["Defend_G","Defend_G","Defend_G","Defend_G+1","Defend_G","Strike_G","Strike_G","Strike_G","Strike_G","Survivor","Neutralize+1","AscendersBane","Quick Slash","Sucker Punch","Sucker Punch","Blade Dance","Footwork+1","Backflip","Cloak And Dagger"],"relics":["Ring of the Snake","Question Card","Frozen Egg 2"],"potions_floor_usage":[6,16],"damage_taken":[{"damage":9,"enemies":"Small Slimes","floor":1,"turns":5},{"damage":0,"enemies":"Jaw Worm","floor":3,"turns":5},{"damage":1,"enemies":"2 Louse","floor":4,"turns":3},{"damage":2,"enemies":"Blue Slaver","floor":5,"turns":4},{"damage":24,"enemies":"Gremlin Nob","floor":6,"turns":5},{"damage":3,"enemies":"Looter","floor":11,"turns":4},{"damage":16,"enemies":"Red Slaver","floor":13,"turns":6},{"damage":6,"enemies":"Large Slime","floor":14,"turns":10},{"damage":58,"enemies":"Slime Boss","floor":16,"turns":11}],"seed_played":"6264232845546342828","potions_obtained":[{"floor":1,"key":"LiquidBronze"},{"floor":4,"key":"SkillPotion"}],"is_trial":false,"path_per_floor":["M","?","M","M","M","E","R","$","T","?","M","R","M","M","R"],"character_chosen":"THE_SILENT","items_purchased":["Footwork"],"campfire_rested":3,"item_purchase_floors":[8],"current_hp_per_floor":[54,54,54,53,51,27,48,48,48,34,31,52,36,30,51,0],"gold":109,"neow_bonus":"UPGRADE_CARD","is_prod":false,"is_daily":false,"chose_seed":false,"campfire_upgraded":0,"win_rate":0,"timestamp":1538164428,"path_taken":["M","?","M","M","M","E","R","$","T","?","M","R","M","M","R","BOSS"],"build_version":"2018-09-27","purchased_purges":0,"victory":false,"max_hp_per_floor":[70,70,70,70,70,70,70,70,70,70,70,70,70,70,70,70],"card_choices":[{"not_picked":["Concentrate","Deflect"],"picked":"Quick Slash","floor":1},{"not_picked":["Caltrops","Poisoned Stab"],"picked":"Sucker Punch","floor":3},{"not_picked":["Poisoned Stab","Underhanded Strike","Quick Slash"],"picked":"SKIP","floor":4},{"not_picked":["Skewer","Dagger Throw"],"picked":"Sucker Punch","floor":5},{"not_picked":["Dagger Spray","Prepared"],"picked":"Blade Dance","floor":6},{"not_picked":["Sucker Punch","Acrobatics","Dagger Spray"],"picked":"Backflip","floor":11},{"not_picked":["Underhanded Strike","Calculated Gamble","Acrobatics","Endless Agony"],"picked":"SKIP","floor":13},{"not_picked":["Flechettes","Riddle With Holes","Outmaneuver"],"picked":"Cloak And Dagger","floor":14}],"player_experience":739402,"relics_obtained":[{"floor":6,"key":"Question Card"},{"floor":9,"key":"Frozen Egg 2"}],"event_choices":[{"event_name":"The Cleric","player_choice":"Card Removal","floor":2,"damage_taken":0},{"event_name":"Shining Light","player_choice":"Entered Light","floor":10,"damage_taken":0}],"is_beta":false,"boss_relics":[],"items_purged_floors":[],"is_endless":false,"potions_floor_spawned":[1,4,11,14],"killed_by":"Slime Boss","ascension_level":12}