{"path_per_floor":["M","M","M","M","M","R","$","E","T","R","E","M","$","?","R","B",null,"M","M","?","M","M","E","R","E","T","R","M","M","E","?","R","B",null,"M","M","M","M","M","R","M","R","T","E","M","?","$","E","R","B"],"character_chosen":"THE_SILENT","items_purchased":["After Image","Cloak And Dagger","Footwork","Blade Dance","Bottled Tornado","A Thousand Cuts"],"gold_per_floor":[219,237,253,270,286,286,73,107,107,107,132,150,41,41,41,144,144,155,166,166,177,194,222,222,254,281,281,299,310,335,258,258,357,357,368,381,398,417,437,437,447,447,447,475,493,493,50,80,80,80],"floor_reached":51,"campfire_rested":1,"playtime":3179,"current_hp_per_floor":[70,70,70,66,63,63,63,42,42,42,42,42,42,42,42,67,70,70,70,57,49,40,40,62,57,57,57,57,57,43,43,43,43,75,72,69,47,44,41,55,49,49,49,61,47,47,47,58,58,62],"items_purged":["Strike_G"],"gold":80,"score":908,"play_id":"917c7d11-babb-4365-9adf-154a22b0d593","local_time":"20180420193512","is_prod":false,"is_daily":false,"chose_seed":false,"is_ascension_mode":false,"campfire_upgraded":6,"timestamp":1524245712,"path_taken":["M","M","M","M","?","R","$","E","T","R","E","M","$","?","R","BOSS","M","M","?","M","M","E","R","E","T","R","?","M","E","?","R","BOSS","M","M","M","M","M","R","M","R","T","E","M","?","$","E","R","BOSS"],"build_version":"2018-04-19","seed_source_timestamp":667340190288,"purchased_purges":1,"victory":true,"master_deck":["Defend_G","Defend_G","Defend_G","Defend_G","Strike_G","Survivor","Neutralize","Dagger Throw","Infinite Blades","Predator+1","Dagger Spray+1","Deflect","After Image","Cloak And Dagger+1","Leg Sweep+1","Backstab","Footwork+1","Glass Knife+1","Slice","Terror","Cloak And Dagger+1","Sucker Punch","Footwork+1","J.A.X.+1","Die Die Die","Envenom+1","Accuracy+1","Escape Plan+1","Accuracy+1","Deflect+1","Cloak And Dagger+1","PiercingWail","Blade Dance+1","A Thousand Cuts+1","Malaise+1"],"max_hp_per_floor":[70,70,70,70,70,70,70,70,70,70,70,70,70,70,70,70,70,70,70,75,75,75,75,75,75,75,75,75,75,75,75,75,75,75,75,75,75,75,75,89,89,89,89,89,89,89,89,96,96,96],"relics":["Ring of the Snake","Meat on the Bone","Pantograph","Frozen Egg 2","Black Star","Letter Opener","Shuriken","Shovel","Thread and Needle","Lantern","Bronze Scales","Omamori","Astrolabe","Mango","Ornamental Fan","Molten Egg 2","Calipers","Tingsha","Bottled Tornado","Pen Nib","Strawberry"],"card_choices":[{"not_picked":["Blade Dance","Deflect"],"picked":"Dagger Throw","floor":1},{"not_picked":["Dagger Throw","Catalyst"],"picked":"Infinite Blades","floor":2},{"not_picked":["Dagger Throw","Dagger Spray"],"picked":"Predator","floor":3},{"not_picked":["Poisoned Stab","Prepared"],"picked":"Dagger Spray","floor":4},{"not_picked":["Riddle With Holes","Outmaneuver"],"picked":"Deflect","floor":5},{"not_picked":["Noxious Fumes","Escape Plan"],"picked":"Leg Sweep","floor":11},{"not_picked":["Quick Slash","Dagger Throw"],"picked":"Backstab","floor":12},{"not_picked":["Venomology","After Image"],"picked":"Glass Knife","floor":16},{"not_picked":["Dodge and Roll","Flechettes"],"picked":"Slice","floor":18},{"not_picked":["Sucker Punch","Reflex"],"picked":"Terror","floor":19},{"not_picked":["Slice","Flying Knee"],"picked":"Cloak And Dagger","floor":22},{"not_picked":["Tactician","Concentrate"],"picked":"Sucker Punch","floor":23},{"not_picked":["Noxious Fumes","Prepared"],"picked":"Footwork","floor":25},{"not_picked":["Doppelganger","Grand Finale"],"picked":"Die Die Die","floor":33},{"not_picked":["Expertise","Dagger Spray"],"picked":"Accuracy","floor":35},{"not_picked":["Sucker Punch","A Thousand Cuts"],"picked":"Deflect","floor":37},{"not_picked":["Prepared","Underhanded Strike"],"picked":"Cloak And Dagger","floor":38},{"not_picked":["Dagger Spray","Backflip"],"picked":"PiercingWail","floor":39},{"not_picked":["Underhanded Strike","Escape Plan"],"picked":"Malaise","floor":48}],"player_experience":493016,"potions_floor_usage":[12,22,23,25,37,38,44,44,44,48],"damage_taken":[{"damage":0,"enemies":"Cultist","floor":1,"turns":4},{"damage":0,"enemies":"2 Louse","floor":2,"turns":2},{"damage":0,"enemies":"Small Slimes","floor":3,"turns":2},{"damage":4,"enemies":"3 Louse","floor":4,"turns":3},{"damage":3,"enemies":"Blue Slaver","floor":5,"turns":4},{"damage":21,"enemies":"Lagavulin","floor":8,"turns":8},{"damage":12,"enemies":"Gremlin Nob","floor":11,"turns":4},{"damage":0,"enemies":"Gremlin Gang","floor":12,"turns":6},{"damage":0,"enemies":"Hexaghost","floor":16,"turns":16},{"damage":0,"enemies":"Shell Parasite","floor":18,"turns":8},{"damage":0,"enemies":"Spheric Guardian","floor":19,"turns":3},{"damage":8,"enemies":"Centurion and Healer","floor":21,"turns":10},{"damage":9,"enemies":"3 Cultists","floor":22,"turns":5},{"damage":0,"enemies":"Book of Stabbing","floor":23,"turns":7},{"damage":5,"enemies":"Gremlin Leader","floor":25,"turns":7},{"damage":0,"enemies":"Cultist and Chosen","floor":28,"turns":5},{"damage":0,"enemies":"Slaver and Parasite","floor":29,"turns":6},{"damage":14,"enemies":"Book of Stabbing","floor":30,"turns":6},{"damage":37,"enemies":"Champ","floor":33,"turns":9},{"damage":3,"enemies":"3 Darklings","floor":35,"turns":5},{"damage":3,"enemies":"Orb Walker","floor":36,"turns":3},{"damage":22,"enemies":"4 Shapes","floor":37,"turns":6},{"damage":3,"enemies":"3 Darklings","floor":38,"turns":4},{"damage":3,"enemies":"Maw","floor":39,"turns":7},{"damage":6,"enemies":"4 Shapes","floor":41,"turns":4},{"damage":3,"enemies":"2 Orb Walkers","floor":44,"turns":6},{"damage":14,"enemies":"3 Darklings","floor":45,"turns":5},{"damage":8,"enemies":"Nemesis","floor":48,"turns":7},{"damage":21,"enemies":"Awakened One","floor":50,"turns":11}],"event_choices":[{"event_name":"Living Wall","player_choice":"Grow","floor":14,"damage_taken":0},{"event_name":"Forgotten Altar","player_choice":"Shed Blood","floor":20,"damage_taken":0},{"event_name":"Drug Dealer","player_choice":"Got JAXXED","floor":31,"damage_taken":0}],"boss_relics":[{"not_picked":["Velvet Choker","Orrery"],"picked":"Black Star"},{"not_picked":["Runic Pyramid","Snecko Eye"],"picked":"Astrolabe"}],"potions_floor_spawned":[1,8,11,12,18,19,23,33,36,38,41,44,45],"seed_played":"9210850076289150918","ascension_level":0,"is_trial":false}