{"path_per_floor":["?","?","?","?","?","?","?","?","?","?","?","?","?","?","?","B",null,"?","?","?","?","?","?","?","?","?","?","?","?","?","?","?","B",null,"?","?","?","?","?","?"],"character_chosen":"IRONCLAD","items_purchased":["Anchor","Flex","Strength Potion"],"gold_per_floor":[114,129,144,159,174,204,219,219,294,294,50,65,80,155,155,255,255,270,270,270,270,42,42,72,72,147,162,177,192,192,207,207,307,307,322,0,0,0,15,45],"floor_reached":41,"campfire_rested":2,"playtime":1844,"current_hp_per_floor":[80,80,80,68,64,51,46,46,46,46,46,51,44,44,44,15,87,63,63,63,47,47,47,20,37,37,37,49,51,51,36,53,19,87,85,85,85,74,36,33],"items_purged":["Defend_R","Strike_R"],"gold":45,"score":420,"play_id":"830e1265-1a45-43ab-baf6-452007e36ca2","local_time":"20180308192441","daily_mods":[{"name":"Shiny","description":"Start with 1 Rare card.","modID":"Shiny","img":{"data":{"file":{"file":{"path":"images\\ui\\run_mods\\shiny.png"},"type":"Internal"},"width":64,"height":64,"format":"RGBA8888","useMipMaps":false,"isPrepared":false},"glTarget":3553,"glHandle":682,"minFilter":"Linear","magFilter":"Linear","uWrap":"ClampToEdge","vWrap":"ClampToEdge"},"positive":true},{"name":"Uncertain Future","description":"The map shows only ?.","modID":"Uncertain Future","img":{"data":{"file":{"file":{"path":"images\\ui\\run_mods\\uncertain_future.png"},"type":"Internal"},"width":64,"height":64,"format":"RGBA8888","useMipMaps":false,"isPrepared":false},"glTarget":3553,"glHandle":679,"minFilter":"Linear","magFilter":"Linear","uWrap":"ClampToEdge","vWrap":"ClampToEdge"},"positive":false},{"name":"Night Terrors","description":"Resting at Rest Sites heals 20% of your HP, rather than 30%.","modID":"Night Terrors","img":{"data":{"file":{"file":{"path":"images\\ui\\run_mods\\night_terrors.png"},"type":"Internal"},"width":64,"height":64,"format":"RGBA8888","useMipMaps":false,"isPrepared":false},"glTarget":3553,"glHandle":678,"minFilter":"Linear","magFilter":"Linear","uWrap":"ClampToEdge","vWrap":"ClampToEdge"},"positive":false},{"name":"Vintage","description":"The Merchant\u0027s prices are increased by 25%.","modID":"Vintage","img":{"data":{"file":{"file":{"path":"images\\ui\\run_mods\\vintage.png"},"type":"Internal"},"width":64,"height":64,"format":"RGBA8888","useMipMaps":false,"isPrepared":false},"glTarget":3553,"glHandle":677,"minFilter":"Linear","magFilter":"Linear","uWrap":"ClampToEdge","vWrap":"ClampToEdge"},"positive":false}],"is_prod":false,"is_daily":true,"is_ascension_mode":false,"campfire_upgraded":4,"timestamp":1520533481,"path_taken":["?","?","?","?","?","?","?","?","?","?","?","?","?","?","?","BOSS","?","?","?","?","?","?","?","?","?","?","?","?","?","?","?","BOSS","?","?","?","?","?","?","?"],"build_version":"2018-03-01-PROD1","purchased_purges":2,"victory":false,"master_deck":["Strike_R+1","Strike_R+1","Strike_R+1","Strike_R+1","Defend_R+1","Defend_R+1","Defend_R+1","Bash+1","Demon Form+1","Heavy Blade+1","Inflame","Flex+1","Reaper","Flex","Heavy Blade+1","Double Tap","Flex+1","Madness","Madness"],"max_hp_per_floor":[80,80,80,80,80,87,87,87,87,87,87,87,87,87,87,87,87,87,87,87,87,87,87,87,87,87,87,87,87,87,87,87,87,87,87,87,87,87,87,89],"relics":["Burning Blood","Strawberry","The Courier","Anchor","Toolbox","White Beast Statue","Enchiridion","Shuriken","Smiling Mask","Velvet Choker","Red Mask","Singing Bowl"],"card_choices":[{"not_picked":["Anger","Iron Wave"],"picked":"Heavy Blade"},{"not_picked":["Thunderclap","Seeing Red"],"picked":"Inflame"},{"not_picked":["Blood for Blood","Twin Strike"],"picked":"Reaper"},{"not_picked":["Fire Breathing","Feel No Pain"],"picked":"Flex"},{"not_picked":["Sword Boomerang","Metallicize"],"picked":"Heavy Blade"},{"not_picked":["Immolate","Reaper"],"picked":"Double Tap"},{"not_picked":["Twin Strike","Cleave"],"picked":"Flex"}],"player_experience":129752,"potions_floor_usage":[3,6,7,24,27,28,28,29,35,41,41],"damage_taken":[{"damage":2,"enemies":"2 Louse","floor":1,"turns":4},{"damage":1,"enemies":"Cultist","floor":2,"turns":3},{"damage":6,"enemies":"Jaw Worm","floor":3,"turns":2},{"damage":18,"enemies":"Exordium Wildlife","floor":4,"turns":5},{"damage":10,"enemies":"2 Fungi Beasts","floor":5,"turns":4},{"damage":26,"enemies":"Lagavulin","floor":6,"turns":7},{"damage":11,"enemies":"Blue Slaver","floor":7,"turns":5},{"damage":1,"enemies":"Large Slime","floor":12,"turns":3},{"damage":13,"enemies":"2 Fungi Beasts","floor":13,"turns":3},{"damage":35,"enemies":"Slime Boss","floor":16,"turns":6},{"damage":30,"enemies":"Spheric Guardian","floor":18,"turns":4},{"damage":33,"enemies":"Slavers","floor":24,"turns":7},{"damage":22,"enemies":"2 Thieves","floor":27,"turns":4},{"damage":27,"enemies":"3 Cultists","floor":28,"turns":5},{"damage":4,"enemies":"Centurion and Healer","floor":29,"turns":4},{"damage":21,"enemies":"Snake Plant","floor":31,"turns":3},{"damage":73,"enemies":"Automaton","floor":33,"turns":7},{"damage":14,"enemies":"3 Shapes","floor":35,"turns":4},{"damage":47,"enemies":"3 Darklings","floor":39,"turns":7},{"damage":32,"enemies":"Giant Head","floor":40,"turns":6},{"damage":41,"enemies":"Maw","floor":41,"turns":5}],"event_choices":[{"event_name":"Match and Keep!","player_choice":"0 cards matched","floor":10,"damage_taken":0},{"event_name":"Drug Dealer","player_choice":"Ignored","floor":19,"damage_taken":0},{"event_name":"Back to Basics","player_choice":"Simplicity","floor":20,"damage_taken":0},{"event_name":"Cursed Tome","player_choice":"Obtained Book","floor":21,"damage_taken":0},{"event_name":"Tomb of Lord Red Mask","player_choice":"Paid","floor":36,"damage_taken":0},{"event_name":"Winding Halls","player_choice":"Embrace Madness","floor":38,"damage_taken":0}],"boss_relics":[{"not_picked":["Cursed Key","Eternal Feather"],"picked":"White Beast Statue"},{"not_picked":["Orrery","Pandora\u0027s Box"],"picked":"Velvet Choker"}],"potions_floor_spawned":[2,5,6,18,24,27,28,29,31,33,35,39,40],"seed_played":"-8756636655409120335","killed_by":"Maw","ascension_level":0,"is_trial":false}