{"gold_per_floor":[113,71,84,84,84,84,95,95,95,95,121,121,137,212,212,289,289,299,314,1,1,0,0,16,35,59,59,59,31,61,61,61,138,138,149,149,169,169,182,182,182,182,205,205,233,256,271,26,26,26],"floor_reached":50,"playtime":1421,"items_purged":["Normality"],"score":1097,"play_id":"9de1ebb4-84fb-4ea3-9e18-fbbb0b7313e9","local_time":"20190115010838","is_ascension_mode":true,"campfire_choices":[{"data":"Inflame","floor":6.0,"key":"SMITH"},{"floor":10.0,"key":"REST"},{"data":"Heavy Blade","floor":12.0,"key":"SMITH"},{"data":"Heavy Blade","floor":15.0,"key":"SMITH"},{"floor":23.0,"key":"REST"},{"data":"Ghostly","floor":32.0,"key":"SMITH"},{"data":"Ghostly","floor":40,"key":"SMITH"},{"data":"Ghostly","floor":42,"key":"SMITH"},{"data":"Limit Break","floor":49,"key":"SMITH"}],"neow_cost":"NONE","seed_source_timestamp":0,"circlet_count":0,"master_deck":["AscendersBane","Strike_R","Strike_R","Strike_R","Strike_R","Defend_R","Defend_R","Defend_R","Defend_R","Bash+1","Power Through","Metallicize+1","Inflame+1","Disarm+1","Heavy Blade+1","Ghostly Armor","Heavy Blade+1","Reaper","True Grit","Disarm","Inflame+1","Apotheosis","Metallicize","Shrug It Off","Ghostly+1","Ghostly+1","Ghostly+1","Feel No Pain","Evolve","Power Through","Havoc","Feel No Pain+1","Limit Break+1","True Grit","Metallicize","Power Through","Decay","Thunderclap","Dark Embrace","Feel No Pain","Battle Trance"],"special_seed":0,"relics":["Mark of Pain","Prayer Wheel","Mercury Hourglass","Philosopher\u0027s Stone","Bag of Preparation","Darkstone Periapt","Cursed Key","Orichalcum","Bottled Flame","Centennial Puzzle"],"potions_floor_usage":[44,47,47],"damage_taken":[{"damage":7.0,"enemies":"Cultist","floor":1.0,"turns":4.0},{"damage":10.0,"enemies":"2 Louse","floor":3.0,"turns":3.0},{"damage":0.0,"enemies":"Jaw Worm","floor":7.0,"turns":4.0},{"damage":3.0,"enemies":"Lagavulin","floor":11.0,"turns":5.0},{"damage":0.0,"enemies":"Large Slime","floor":13.0,"turns":4.0},{"damage":14.0,"enemies":"Slime Boss","floor":16.0,"turns":8.0},{"damage":24.0,"enemies":"Chosen","floor":18.0,"turns":6.0},{"damage":36.0,"enemies":"3 Byrds","floor":19.0,"turns":5.0},{"damage":7.0,"enemies":"Snake Plant","floor":24.0,"turns":7.0},{"damage":5.0,"enemies":"Shelled Parasite and Fungi","floor":25.0,"turns":7.0},{"damage":0.0,"enemies":"Slavers","floor":30.0,"turns":7.0},{"damage":43.0,"enemies":"Collector","floor":33.0,"turns":11.0},{"damage":0.0,"enemies":"3 Shapes","floor":35.0,"turns":4.0},{"damage":17.0,"enemies":"3 Darklings","floor":37.0,"turns":8.0},{"damage":26,"enemies":"Transient","floor":39,"turns":6},{"damage":0,"enemies":"4 Shapes","floor":44,"turns":1},{"damage":11,"enemies":"Nemesis","floor":45,"turns":7},{"damage":4,"enemies":"Jaw Worm Horde","floor":47,"turns":5},{"damage":61,"enemies":"Awakened One","floor":50,"turns":3}],"seed_played":"-4166228861157460645","potions_obtained":[{"floor":1.0,"key":"FearPotion"},{"floor":3.0,"key":"SteroidPotion"},{"floor":13.0,"key":"Dexterity Potion"},{"floor":16.0,"key":"FearPotion"},{"floor":18.0,"key":"PowerPotion"},{"floor":19.0,"key":"Explosive Potion"},{"floor":37.0,"key":"Poison Potion"},{"floor":41,"key":"SmokeBomb"},{"floor":45,"key":"SkillPotion"}],"is_trial":false,"path_per_floor":["M","$","M","?","?","R","M","?","T","R","E","R","M","?","R","B",null,"M","M","$","?","?","R","M","M","T","$","?","$","E","$","R","B",null,"M","?","M","?","M","R","?","R","T","M","E","T","M","$","R","B"],"character_chosen":"IRONCLAD","items_purchased":["Metallicize","Apotheosis","Metallicize","Shrug It Off","Havoc","Feel No Pain","Battle Trance"],"campfire_rested":2,"item_purchase_floors":[2,20,20,20,29,48,48],"current_hp_per_floor":[61,61,51,56,32,32,32,32,32,56,53,53,53,42,42,28,67,43,18,18,18,18,30,27,33,33,33,24,24,44,44,44,2,34,34,34,42,42,32,32,32,32,38,38,27,33,50,50,50,0],"gold":26,"neow_bonus":"BOSS_RELIC","is_prod":false,"is_daily":false,"chose_seed":false,"campfire_upgraded":7,"win_rate":0,"timestamp":1547543318,"path_taken":["M","$","?","?","?","R","M","?","T","R","E","R","M","?","R","BOSS","M","M","$","?","?","R","M","M","T","$","?","$","E","?","R","BOSS","M","?","M","?","M","R","?","R","T","?","E","?","M","$","R","BOSS"],"build_version":"2019-01-10","purchased_purges":1,"victory":false,"max_hp_per_floor":[75,75,75,80,80,80,80,80,80,80,80,80,80,80,80,80,80,80,80,80,40,40,40,40,40,40,40,45,45,45,45,45,45,45,45,45,45,45,45,45,45,45,51,51,51,57,57,57,57,57],"card_choices":[{"not_picked":["Heavy Blade","Warcry"],"picked":"Power Through","floor":1.0},{"not_picked":["Clash","Fire Breathing"],"picked":"Inflame","floor":3.0},{"not_picked":["Battle Trance","Pummel"],"picked":"Disarm","floor":7.0},{"not_picked":["Barricade","Shrug It Off"],"picked":"Heavy Blade","floor":11.0},{"not_picked":["Wild Strike","Pommel Strike"],"picked":"Ghostly Armor","floor":13.0},{"not_picked":["Clothesline","Clash"],"picked":"Heavy Blade","floor":13.0},{"not_picked":["Bludgeon","Dark Embrace"],"picked":"Reaper","floor":16.0},{"not_picked":["Warcry","Anger"],"picked":"True Grit","floor":18.0},{"not_picked":["Warcry","Clash","Dark Embrace"],"picked":"SKIP","floor":18.0},{"not_picked":["Headbutt","Clothesline"],"picked":"Disarm","floor":19.0},{"not_picked":["Uppercut+1","Sword Boomerang+1"],"picked":"Inflame+1","floor":19.0},{"not_picked":["Carnage","Shockwave"],"picked":"Feel No Pain","floor":24.0},{"not_picked":["Anger","Perfected Strike","Rupture"],"picked":"SKIP","floor":24.0},{"not_picked":["Burning Pact","Shrug It Off"],"picked":"Evolve","floor":25.0},{"not_picked":["Dark Embrace","Heavy Blade+1"],"picked":"Power Through","floor":25.0},{"not_picked":["Twin Strike","Armaments"],"picked":"Feel No Pain+1","floor":30.0},{"not_picked":["Dark Embrace","Brutality"],"picked":"Limit Break","floor":33.0},{"not_picked":["Heavy Blade","Warcry"],"picked":"True Grit","floor":35.0},{"not_picked":["Flame Barrier+1","Warcry"],"picked":"Metallicize","floor":35.0},{"not_picked":["Flex","Heavy Blade","Anger"],"picked":"SKIP","floor":37.0},{"not_picked":["Thunderclap+1","Rampage","Armaments"],"picked":"SKIP","floor":37.0},{"not_picked":["Fire Breathing","Clash"],"picked":"Power Through","floor":39},{"not_picked":["Headbutt","Warcry","Cleave+1"],"picked":"SKIP","floor":39},{"not_picked":["Sword Boomerang+1","Twin Strike"],"picked":"Thunderclap","floor":45},{"not_picked":["Warcry","Headbutt"],"picked":"Dark Embrace","floor":47}],"player_experience":1021530,"relics_obtained":[{"floor":9.0,"key":"Prayer Wheel"},{"floor":11.0,"key":"Mercury Hourglass"},{"floor":26.0,"key":"Bag of Preparation"},{"floor":30.0,"key":"Darkstone Periapt"},{"floor":43,"key":"Orichalcum"},{"floor":45,"key":"Bottled Flame"},{"floor":46,"key":"Centennial Puzzle"}],"event_choices":[{"damage_healed":0.0,"max_hp_gain":5.0,"max_hp_loss":0.0,"gold_gain":0.0,"event_name":"Big Fish","player_choice":"Donut","floor":4.0,"gold_loss":0.0,"damage_taken":0.0},{"damage_healed":0.0,"max_hp_gain":0.0,"max_hp_loss":0.0,"gold_gain":0.0,"event_name":"Shining Light","player_choice":"Entered Light","floor":5.0,"gold_loss":0.0,"damage_taken":24.0,"cards_upgraded":["Metallicize","Bash"]},{"damage_healed":0.0,"max_hp_gain":0.0,"max_hp_loss":0.0,"gold_gain":0.0,"event_name":"Living Wall","player_choice":"Grow","floor":8.0,"gold_loss":0.0,"damage_taken":0.0,"cards_upgraded":["Disarm"]},{"damage_healed":0.0,"max_hp_gain":0.0,"max_hp_loss":0.0,"gold_gain":75.0,"event_name":"World of Goop","player_choice":"Gather Gold","floor":14.0,"gold_loss":0.0,"damage_taken":11.0},{"damage_healed":0.0,"max_hp_gain":0.0,"max_hp_loss":40.0,"gold_gain":0.0,"event_name":"Ghosts","player_choice":"Became a Ghost","floor":21.0,"gold_loss":0.0,"damage_taken":0.0,"cards_obtained":["Ghostly","Ghostly","Ghostly"]},{"damage_healed":0.0,"max_hp_gain":0.0,"max_hp_loss":0.0,"gold_gain":0.0,"event_name":"Masked Bandits","player_choice":"Paid Fearfully","floor":22.0,"gold_loss":1.0,"damage_taken":0.0},{"damage_healed":0.0,"max_hp_gain":5.0,"max_hp_loss":0.0,"gold_gain":0.0,"event_name":"Forgotten Altar","player_choice":"Shed Blood","floor":28.0,"gold_loss":0.0,"damage_taken":14.0},{"damage_healed":0.0,"max_hp_gain":0.0,"max_hp_loss":0.0,"gold_gain":0.0,"event_name":"SensoryStone","player_choice":"Memory 1","floor":36.0,"gold_loss":0.0,"damage_taken":0.0},{"cards_removed":["Strike_R"],"damage_healed":0.0,"max_hp_gain":0.0,"max_hp_loss":0.0,"gold_gain":0.0,"event_name":"Falling","player_choice":"Removed Attack","floor":38.0,"gold_loss":0.0,"damage_taken":0.0},{"damage_healed":0,"gold_gain":0,"player_choice":"Got Potions","damage_taken":0,"max_hp_gain":0,"max_hp_loss":0,"event_name":"Lab","floor":41,"gold_loss":0}],"is_beta":true,"boss_relics":[{"not_picked":["Tiny House","Runic Cube"],"picked":"Philosopher\u0027s Stone"},{"not_picked":["Pandora\u0027s Box","Orrery"],"picked":"Cursed Key"}],"items_purged_floors":[48],"is_endless":false,"potions_floor_spawned":[1,3,13,16,18,19,37,44,45],"killed_by":"Awakened One","ascension_level":20}