{"gold_per_floor":[113,131,131,150,169,169,183,200,223,235,246,259,20,31,31,130,130,144,144,144,154,172,172,16,16,16,31,31,31,41,59,59,59],"floor_reached":33,"playtime":2239,"items_purged":[],"score":247,"play_id":"838f00bf-6d6f-4533-be87-9b5a23414f36","local_time":"20181207231049","is_ascension_mode":false,"campfire_choices":[{"data":"Bullet Time","floor":6,"key":"SMITH"},{"data":"After Image","floor":15,"key":"SMITH"},{"floor":23,"key":"REST"},{"floor":25,"key":"REST"},{"floor":32,"key":"REST"}],"neow_cost":"NONE","seed_source_timestamp":13602989482275,"circlet_count":0,"master_deck":["Defend_G","Defend_G","Defend_G","Defend_G","Strike_G","Strike_G","Survivor","Neutralize","Deadly Poison","Crippling Poison","Bullet Time+1","Prepared","Sucker Punch","Backstab","All Out Attack","After Image+1","Crippling Poison","Deadly Poison","Cloak And Dagger+1","Envenom","Outmaneuver+1","Blade Dance+1","Bouncing Flask+1","Backflip+1","Tools of the Trade","Expertise+1","Deadly Poison+1","Cloak And Dagger+1"],"relics":["Ring of the Snake","Bag of Marbles","Toxic Egg 2","WristBlade","Lantern","Matryoshka"],"potions_floor_usage":[5,5,16,16,16,22,31],"damage_taken":[{"damage":2,"enemies":"Small Slimes","floor":1,"turns":4},{"damage":0,"enemies":"Cultist","floor":2,"turns":4},{"damage":0,"enemies":"Jaw Worm","floor":4,"turns":5},{"damage":6,"enemies":"Large Slime","floor":5,"turns":8},{"damage":2,"enemies":"Gremlin Gang","floor":7,"turns":5},{"damage":4,"enemies":"Blue Slaver","floor":8,"turns":4},{"damage":1,"enemies":"2 Fungi Beasts","floor":10,"turns":3},{"damage":0,"enemies":"Gremlin Gang","floor":11,"turns":1},{"damage":4,"enemies":"Red Slaver","floor":12,"turns":2},{"damage":0,"enemies":"Blue Slaver","floor":14,"turns":3},{"damage":8,"enemies":"The Guardian","floor":16,"turns":9},{"damage":11,"enemies":"Spheric Guardian","floor":18,"turns":5},{"damage":20,"enemies":"Chosen","floor":21,"turns":5},{"damage":19,"enemies":"Shelled Parasite and Fungi","floor":22,"turns":7},{"damage":11,"enemies":"3 Cultists","floor":27,"turns":6},{"damage":0,"enemies":"Cultist and Chosen","floor":30,"turns":4},{"damage":4,"enemies":"Snecko","floor":31,"turns":4},{"damage":50,"enemies":"Champ","floor":33,"turns":10}],"seed_played":"-6860002181486488717","potions_obtained":[{"floor":0,"key":"GamblersBrew"},{"floor":0,"key":"Explosive Potion"},{"floor":0,"key":"SpeedPotion"},{"floor":4,"key":"SkillPotion"},{"floor":7,"key":"Fire Potion"},{"floor":8,"key":"SkillPotion"},{"floor":12,"key":"PowerPotion"},{"floor":21,"key":"SpeedPotion"},{"floor":30,"key":"PowerPotion"}],"is_trial":false,"path_per_floor":["M","M","?","M","M","R","M","M","T","M","M","M","$","M","R","B",null,"M","?","?","M","M","R","$","R","T","M","?","?","M","M","R","B"],"character_chosen":"THE_SILENT","items_purchased":["Toxic Egg 2","Lantern"],"campfire_rested":3,"item_purchase_floors":[13,24],"current_hp_per_floor":[68,68,68,68,62,62,60,56,56,55,55,51,51,51,51,43,70,59,59,59,39,20,41,41,62,62,51,51,51,51,47,68,18],"gold":59,"neow_bonus":"THREE_SMALL_POTIONS","is_prod":false,"is_daily":false,"chose_seed":false,"campfire_upgraded":2,"win_rate":0.0,"timestamp":1544177449,"path_taken":["M","M","?","M","?","R","M","M","T","M","M","M","$","M","R","BOSS","M","?","?","?","M","R","$","R","T","M","?","?","?","M","R","BOSS"],"build_version":"2018-12-06","purchased_purges":0,"victory":false,"max_hp_per_floor":[70,70,70,70,70,70,70,70,70,70,70,70,70,70,70,70,70,70,70,70,70,70,70,70,70,70,70,70,70,70,70,70,70],"card_choices":[{"not_picked":["Prepared","Blade Dance"],"picked":"Deadly Poison","floor":1},{"not_picked":["Bane","Blur"],"picked":"Crippling Poison","floor":2},{"not_picked":["PiercingWail","Well Laid Plans"],"picked":"Prepared","floor":4},{"not_picked":["Setup","Dagger Spray"],"picked":"Sucker Punch","floor":5},{"not_picked":["Wraith Form v2","Dodge and Roll"],"picked":"Backstab","floor":7},{"not_picked":["Bane","PiercingWail"],"picked":"All Out Attack","floor":8},{"not_picked":["Outmaneuver","Well Laid Plans"],"picked":"After Image","floor":10},{"not_picked":["Blade Dance","Footwork"],"picked":"Crippling Poison","floor":11},{"not_picked":["Setup","Dagger Throw"],"picked":"Deadly Poison","floor":12},{"not_picked":["Distraction+1","Slice"],"picked":"Cloak And Dagger+1","floor":14},{"not_picked":["Glass Knife","Night Terror+1"],"picked":"Envenom","floor":16},{"not_picked":["Flying Knee+1","Underhanded Strike"],"picked":"Outmaneuver+1","floor":18},{"not_picked":["Cloak And Dagger+1","Bane+1"],"picked":"Blade Dance+1","floor":21},{"not_picked":["Quick Slash","PiercingWail+1"],"picked":"Bouncing Flask+1","floor":22},{"not_picked":["Prepared+1","PiercingWail+1"],"picked":"Backflip+1","floor":27},{"not_picked":["Prepared+1","Dodge and Roll+1"],"picked":"Deadly Poison+1","floor":30},{"not_picked":["Dodge and Roll+1","Dagger Spray"],"picked":"Cloak And Dagger+1","floor":31}],"player_experience":426741,"relics_obtained":[{"floor":9,"key":"Bag of Marbles"},{"floor":26,"key":"Matryoshka"}],"event_choices":[{"damage_healed":0,"gold_gain":0,"cards_transformed":["Strike_G"],"player_choice":"Transformed","damage_taken":0,"max_hp_gain":0,"max_hp_loss":0,"event_name":"Transmorgrifier","floor":3,"gold_loss":0,"cards_obtained":["Bullet Time"]},{"damage_healed":0,"gold_gain":0,"player_choice":"Ignored","damage_taken":0,"max_hp_gain":0,"max_hp_loss":0,"event_name":"Ghosts","floor":19,"gold_loss":0},{"damage_healed":0,"gold_gain":0,"cards_transformed":["Strike_G"],"player_choice":"Transformed","damage_taken":0,"max_hp_gain":0,"max_hp_loss":0,"event_name":"Transmorgrifier","floor":20,"gold_loss":0,"cards_obtained":["Concentrate"]},{"damage_healed":0,"gold_gain":0,"cards_transformed":["Defend_G","Strike_G"],"player_choice":"Became Test Subject","damage_taken":0,"max_hp_gain":0,"max_hp_loss":0,"event_name":"Drug Dealer","floor":28,"gold_loss":0,"cards_obtained":["Tools of the Trade","Expertise"]},{"cards_removed":["Concentrate"],"damage_healed":0,"gold_gain":0,"player_choice":"Purged","damage_taken":0,"max_hp_gain":0,"max_hp_loss":0,"event_name":"Purifier","floor":29,"gold_loss":0}],"is_beta":false,"boss_relics":[{"not_picked":["Busted Crown","Eternal Feather"],"picked":"WristBlade"}],"items_purged_floors":[],"is_endless":false,"potions_floor_spawned":[4,7,8,12,14,21,30],"killed_by":"Champ","ascension_level":0}