{"path_per_floor":["M","M","M","M","M","M","E","M","T","$","E","?","T","?","R","B",null,"M","M","M","?","?"],"character_chosen":"THE_SILENT","items_purchased":[],"gold_per_floor":[119,130,140,158,168,186,215,229,229,229,256,332,382,408,408,510,510,522,533,543,543,543],"floor_reached":23,"campfire_rested":1,"playtime":3708,"current_hp_per_floor":[64,59,56,56,56,55,41,41,41,41,27,27,27,14,35,10,70,70,61,39,39,32],"items_purged":[],"gold":543,"score":205,"play_id":"d25ec883-74a1-459c-93a3-426bf8e252db","local_time":"20180318144413","is_prod":false,"is_daily":false,"is_ascension_mode":false,"campfire_upgraded":0,"timestamp":1521380653,"path_taken":["M","M","M","M","M","M","E","M","T","$","E","?","?","?","R","BOSS","M","M","M","?","?","E"],"build_version":"2018-03-15v3","purchased_purges":0,"victory":false,"master_deck":["Defend_G","Defend_G","Defend_G","Defend_G","Defend_G","Strike_G","Strike_G","Strike_G","Strike_G","Strike_G","Survivor","Neutralize","Calculated Gamble","Accuracy","Storm of Steel","Backflip","Infinite Blades","Flying Knee","Deadly Poison","Adrenaline","PiercingWail","Infinite Blades","Terror","Underhanded Strike","Choke","Accuracy","Blade Dance","Envenom+1","PiercingWail+1","Infinite Blades","PiercingWail+1"],"max_hp_per_floor":[70,70,70,70,70,70,70,70,70,70,70,70,70,70,70,70,70,70,70,70,70,70],"relics":["Orrery","Bag of Marbles","Darkstone Periapt","Juzu Bracelet","Bronze Scales","Odd Mushroom","Sozu"],"card_choices":[{"not_picked":["Dodge and Roll","Deadly Poison"],"picked":"Calculated Gamble"},{"not_picked":["Catalyst","Expertise"],"picked":"Accuracy"},{"not_picked":["Quick Slash","Cloak And Dagger"],"picked":"Storm of Steel"},{"not_picked":["Escape Plan","Deadly Poison"],"picked":"Backflip"},{"not_picked":["Dash","Slice"],"picked":"Infinite Blades"},{"not_picked":["Dagger Throw","Heel Hook"],"picked":"Flying Knee"},{"not_picked":["Catalyst","Reflex"],"picked":"Deadly Poison"},{"not_picked":["Flying Knee","Cloak And Dagger"],"picked":"Adrenaline"},{"not_picked":["Eviscerate","Acrobatics"],"picked":"PiercingWail"},{"not_picked":["Deadly Poison","Footwork"],"picked":"Infinite Blades"},{"not_picked":["Setup","Outmaneuver"],"picked":"Terror"},{"not_picked":["Concentrate","Masterful Stab"],"picked":"Underhanded Strike"},{"not_picked":["Outmaneuver","Deflect"],"picked":"Choke"},{"not_picked":["Deflect","Flechettes"],"picked":"Accuracy"},{"not_picked":["Poisoned Stab","Dodge and Roll"],"picked":"Blade Dance"},{"not_picked":["Night Terror","Venomology"],"picked":"Envenom"},{"not_picked":["Prepared","Well Laid Plans"],"picked":"PiercingWail"},{"not_picked":["Backflip","Underhanded Strike"],"picked":"Infinite Blades"},{"not_picked":["Slice","Deflect"],"picked":"PiercingWail"}],"player_experience":146915,"potions_floor_usage":[4,11,14,14,20],"damage_taken":[{"damage":6,"enemies":"2 Louse","floor":1,"turns":3},{"damage":5,"enemies":"Small Slimes","floor":2,"turns":4},{"damage":3,"enemies":"Jaw Worm","floor":3,"turns":4},{"damage":0,"enemies":"3 Louse","floor":4,"turns":3},{"damage":0,"enemies":"Large Slime","floor":5,"turns":4},{"damage":1,"enemies":"2 Fungi Beasts","floor":6,"turns":4},{"damage":14,"enemies":"3 Sentries","floor":7,"turns":8},{"damage":0,"enemies":"Exordium Thugs","floor":8,"turns":4},{"damage":14,"enemies":"Gremlin Nob","floor":11,"turns":4},{"damage":13,"enemies":"The Mushroom Lair","floor":14,"turns":5},{"damage":25,"enemies":"Slime Boss","floor":16,"turns":4},{"damage":0,"enemies":"Chosen","floor":18,"turns":4},{"damage":9,"enemies":"Shell Parasite","floor":19,"turns":5},{"damage":31,"enemies":"3 Cultists","floor":20,"turns":6},{"damage":36,"enemies":"Slavers","floor":23,"turns":4}],"event_choices":[{"event_name":"Golden Wing","player_choice":"Gained Gold","floor":12,"damage_taken":0},{"event_name":"Mushrooms","player_choice":"Fought Mushrooms","floor":14,"damage_taken":0},{"event_name":"Upgrade Shrine","player_choice":"Upgraded","floor":21,"damage_taken":0},{"event_name":"Wheel of Change","player_choice":"Damage","floor":22,"damage_taken":0}],"boss_relics":[{"not_picked":["Runic Dome","Philosopher\u0027s Stone"],"picked":"Sozu"}],"potions_floor_spawned":[2,3,7,11,16,19],"seed_played":"-8259316327126783646","killed_by":"Slavers","ascension_level":0,"is_trial":false}