{"path_per_floor":["M","M","M","?","M","R","$","?","T","M","$","E","M","?","R","B",null,"M","?","M","M","M","E","$","E","T","$","E","R","$","?","R","B",null,"M","M","M","?","?","E","$","?","T","E","M","M","M","$","R","B"],"character_chosen":"THE_SILENT","items_purchased":["Toolbox","Sucker Punch+1","Dash+1","Bottled Flame","Caltrops","Unload+1","Noxious Fumes","Leg Sweep+1","Dagger Throw+1","Noxious Fumes","Kunai","Calculated Gamble+1"],"gold_per_floor":[114,129,144,319,334,334,36,286,286,301,14,44,59,59,59,184,184,203,203,222,241,290,328,177,215,215,58,96,96,22,22,22,147,147,166,185,204,204,222,260,10,10,10,48,67,86,105,31,31,31],"floor_reached":51,"campfire_rested":0,"playtime":2442,"item_purchase_floors":[7,7,11,11,24,24,27,27,27,30,41,48],"current_hp_per_floor":[70,70,69,75,76,76,76,82,88,88,88,86,86,92,92,95,100,100,100,100,99,99,99,99,100,106,106,106,106,106,106,106,109,112,119,119,118,125,125,125,125,131,137,135,147,147,147,147,147,121],"items_purged":[],"gold":31,"score":1192,"play_id":"11603b28-ee58-4fb6-b932-f9465bf0a566","local_time":"20180622214405","daily_mods":["Allstar","Cursed Run","Vintage"],"is_prod":false,"is_daily":true,"chose_seed":false,"is_ascension_mode":false,"campfire_upgraded":2,"win_rate":0,"timestamp":1529696645,"campfire_choices":[{"data":"Neutralize","floor":6,"key":"SMITH"},{"data":"Jack Of All Trades","floor":15,"key":"SMITH"},{"data":"1","floor":29,"key":"LIFT"},{"data":"2","floor":32,"key":"LIFT"},{"data":"3","floor":49,"key":"LIFT"}],"path_taken":["M","M","M","?","M","R","$","?","T","M","$","E","M","?","R","BOSS","M","?","M","M","?","E","?","E","T","$","E","R","$","?","R","BOSS","M","M","M","?","?","E","?","?","T","E","M","M","M","?","R","BOSS"],"build_version":"2018-06-21","seed_source_timestamp":0,"purchased_purges":0,"circlet_count":0,"victory":true,"master_deck":["Survivor+1","Neutralize+1","Master of Strategy+1","Jack Of All Trades+1","Enlightenment","Bandage Up","Master of Strategy","Doubt","Sucker Punch+1","Regret","Injury","Dash+1","Flying Knee+1","Injury","Decay","Die Die Die+1","Masterful Stab+1","Backstab+1","Flying Knee+1","Backflip","Poisoned Stab+1","Skewer+1","Bouncing Flask","Flying Knee+1","PiercingWail","Footwork","Caltrops","Unload+1","Finisher+1","Decay","Noxious Fumes","Leg Sweep+1","Dagger Throw+1","Dagger Throw+1","Noxious Fumes","Parasite","Night Terror+1","Writhe","Dash+1","Deadly Poison+1","Decay","Parasite","Footwork+1","Calculated Gamble+1","Clumsy"],"max_hp_per_floor":[70,70,70,76,76,76,76,82,88,88,88,88,88,94,94,100,100,100,100,100,100,100,100,100,100,106,106,106,106,106,106,106,112,112,119,119,119,125,125,125,125,131,137,137,147,147,147,147,147,153],"special_seed":17704,"relics":["Cursed Key","Darkstone Periapt","Du-Vu Doll","Molten Egg 2","Dream Catcher","Ornamental Fan","Letter Opener","Toolbox","Dodecahedron","Vajra","Bottled Flame","Gremlin Horn","Happy Flower","Golden Idol","Incense Burner","Pandora\u0027s Box","Mercury Hourglass","Centennial Puzzle","Whetstone","Tiny Chest","War Paint","Toxic Egg 2","Juzu Bracelet","Girya","Paper Crane","Runic Dome","Strawberry","Ancient Tea Set","Frozen Egg 2","Ice Cream","Bronze Scales","Kunai","Tough Bandages","Blood Vial","Pear","Bag of Preparation","Lantern"],"card_choices":[{"not_picked":["Accuracy","Leg Sweep"],"picked":"Flying Knee+1","floor":12},{"not_picked":["Unload+1","Storm of Steel"],"picked":"Die Die Die+1","floor":16},{"not_picked":["Crippling Poison+1","Backflip"],"picked":"Footwork","floor":23},{"not_picked":["Underhanded Strike+1","Bane+1"],"picked":"Finisher+1","floor":25},{"not_picked":["Slice+1","Accuracy"],"picked":"Dagger Throw+1","floor":28},{"not_picked":["Tools of the Trade","After Image"],"picked":"Night Terror+1","floor":33},{"not_picked":["Sucker Punch+1","Quick Slash+1"],"picked":"Dash+1","floor":39},{"not_picked":["Wraith Form v2+1","Deflect+1"],"picked":"Deadly Poison+1","floor":40},{"not_picked":["Endless Agony+1","Expertise+1"],"picked":"Footwork+1","floor":44}],"player_experience":775979,"potions_floor_usage":[50,50,50],"damage_taken":[{"damage":3.0,"enemies":"Jaw Worm","floor":1.0,"turns":3.0},{"damage":0.0,"enemies":"Small Slimes","floor":2.0,"turns":4.0},{"damage":1.0,"enemies":"Cultist","floor":3.0,"turns":5.0},{"damage":0,"enemies":"3 Louse","floor":5,"turns":4},{"damage":0,"enemies":"Large Slime","floor":10,"turns":3},{"damage":2,"enemies":"3 Sentries","floor":12,"turns":3},{"damage":0,"enemies":"Blue Slaver","floor":13,"turns":1},{"damage":5,"enemies":"Slime Boss","floor":16,"turns":9},{"damage":0,"enemies":"Shell Parasite","floor":18,"turns":2},{"damage":0,"enemies":"Chosen","floor":20,"turns":2},{"damage":1,"enemies":"3 Cultists","floor":21,"turns":2},{"damage":0,"enemies":"Cultist and Chosen","floor":22,"turns":2},{"damage":1,"enemies":"Gremlin Leader","floor":23,"turns":3},{"damage":5,"enemies":"Book of Stabbing","floor":25,"turns":3},{"damage":0,"enemies":"Gremlin Leader","floor":28,"turns":2},{"damage":3,"enemies":"Automaton","floor":33,"turns":4},{"damage":0,"enemies":"3 Shapes","floor":35,"turns":2},{"damage":0,"enemies":"3 Darklings","floor":36,"turns":2},{"damage":1,"enemies":"4 Shapes","floor":37,"turns":3},{"damage":0,"floor":39,"turns":2},{"damage":0,"enemies":"2 Orb Walkers","floor":40,"turns":3},{"damage":2,"enemies":"Giant Head","floor":44,"turns":4},{"damage":0,"enemies":"Maw","floor":45,"turns":5},{"damage":0,"enemies":"Sphere and 2 Shapes","floor":46,"turns":1},{"damage":0,"enemies":"3 Darklings","floor":47,"turns":1},{"damage":36,"enemies":"Awakened One","floor":50,"turns":6}],"relics_obtained":[{"floor":1.0,"key":"Molten Egg 2"},{"floor":2.0,"key":"Dream Catcher"},{"floor":3,"key":"Ornamental Fan"},{"floor":5,"key":"Letter Opener"},{"floor":9,"key":"Dodecahedron"},{"floor":10,"key":"Vajra"},{"floor":12,"key":"Gremlin Horn"},{"floor":13,"key":"Happy Flower"},{"floor":16,"key":"Incense Burner"},{"floor":18,"key":"Mercury Hourglass"},{"floor":20,"key":"Centennial Puzzle"},{"floor":21,"key":"Whetstone"},{"floor":22,"key":"Tiny Chest"},{"floor":23,"key":"War Paint"},{"floor":25,"key":"Toxic Egg 2"},{"floor":26,"key":"Juzu Bracelet"},{"floor":28,"key":"Girya"},{"floor":33,"key":"Paper Crane"},{"floor":35,"key":"Strawberry"},{"floor":36,"key":"Ancient Tea Set"},{"floor":37,"key":"Frozen Egg 2"},{"floor":39,"key":"Ice Cream"},{"floor":40,"key":"Bronze Scales"},{"floor":43,"key":"Tough Bandages"},{"floor":44,"key":"Blood Vial"},{"floor":45,"key":"Pear"},{"floor":46,"key":"Bag of Preparation"},{"floor":47,"key":"Lantern"}],"event_choices":[{"event_name":"Liars Game","player_choice":"agreed","floor":4,"damage_taken":0},{"event_name":"Golden Shrine","player_choice":"Desecrate","floor":8,"damage_taken":0},{"event_name":"Golden Idol","player_choice":"Take Wound","floor":14,"damage_taken":0},{"event_name":"Drug Dealer","player_choice":"Ignored","floor":19,"damage_taken":0},{"event_name":"Bonfire Elementals","player_choice":"UNCOMMON","floor":31,"damage_taken":0},{"event_name":"Winding Halls","player_choice":"Writhe","floor":38,"damage_taken":0},{"event_name":"Mysterious Sphere","player_choice":"Fight","floor":39,"damage_taken":0},{"event_name":"Wheel of Change","player_choice":"Curse","floor":42,"damage_taken":0}],"boss_relics":[{"not_picked":["Velvet Choker","Ectoplasm"],"picked":"Pandora\u0027s Box"},{"not_picked":["Snecko Eye","Black Star"],"picked":"Runic Dome"}],"items_purged_floors":[],"is_endless":false,"potions_floor_spawned":[3,10,12,16,18,23,35,36,37],"seed_played":"3074579552746350727","ascension_level":0,"potions_obtained":[{"floor":3,"key":"PowerPotion"},{"floor":10,"key":"GamblersBrew"},{"floor":12,"key":"PowerPotion"},{"floor":16,"key":"SteroidPotion"},{"floor":23,"key":"PowerPotion"}],"is_trial":false}