{"gold_per_floor":[109,34,109,109,123,157,174,174,174,174,193,211,221,282,282,356,356,366,53,68,68,68],"floor_reached":22,"playtime":534,"items_purged":["Defend_R"],"score":442,"play_id":"4e15a535-465a-4524-a5ff-fa7436648863","local_time":"20190131004755","is_ascension_mode":true,"campfire_choices":[{"data":"Uppercut","floor":8.0,"key":"SMITH"},{"data":"Clash","floor":10.0,"key":"SMITH"},{"data":"Dual Wield","floor":15.0,"key":"SMITH"}],"neow_cost":"NONE","seed_source_timestamp":2269244934456,"circlet_count":0,"master_deck":["AscendersBane","Strike_R","Strike_R","Strike_R","Defend_R","Defend_R","Bash","Uppercut+1","Clash+1","Shockwave","Headbutt","Inflame","Dual Wield+1","Flame Barrier","Double Tap","Armaments+1","Apotheosis","Shrug It Off","Battle Trance+1","Reaper"],"special_seed":0,"relics":["Burning Blood","NeowsBlessing","Blue Candle","Blood Vial","Tiny Chest","Sozu"],"potions_floor_usage":[22],"damage_taken":[{"damage":0.0,"enemies":"2 Louse","floor":1.0,"turns":1.0},{"damage":0.0,"enemies":"Jaw Worm","floor":5.0,"turns":1.0},{"damage":0.0,"enemies":"Gremlin Nob","floor":6.0,"turns":1.0},{"damage":4.0,"enemies":"Cultist","floor":7.0,"turns":3.0},{"damage":11.0,"enemies":"Red Slaver","floor":11.0,"turns":3.0},{"damage":17.0,"enemies":"Gremlin Gang","floor":12.0,"turns":4.0},{"damage":9.0,"enemies":"Looter","floor":13.0,"turns":3.0},{"damage":25.0,"enemies":"3 Sentries","floor":14.0,"turns":6.0},{"damage":4.0,"enemies":"Slime Boss","floor":16.0,"turns":6.0},{"damage":30,"enemies":"3 Byrds","floor":18,"turns":4},{"damage":37,"enemies":"Chosen","floor":20,"turns":6},{"damage":0,"enemies":"Shelled Parasite and Fungi","floor":22,"turns":2}],"seed_played":"-5071936465368744438","potions_obtained":[{"floor":1.0,"key":"PowerPotion"},{"floor":6.0,"key":"SpeedPotion"},{"floor":13.0,"key":"Energy Potion"}],"is_trial":false,"path_per_floor":["M","?","?","?","M","E","M","R","T","R","M","M","M","E","R","B",null,"M","$","M","?","M"],"character_chosen":"IRONCLAD","items_purchased":["Apotheosis","Shrug It Off"],"campfire_rested":0,"item_purchase_floors":[19,19],"current_hp_per_floor":[74,74,63,56,62,68,70,70,70,70,67,58,57,40,40,44,67,45,45,16,16,18],"gold":68,"neow_bonus":"THREE_ENEMY_KILL","is_prod":false,"is_daily":false,"chose_seed":false,"campfire_upgraded":3,"win_rate":0,"timestamp":1548924475,"path_taken":["M","?","?","?","M","E","M","R","T","R","M","?","M","E","R","BOSS","M","$","M","?","?"],"build_version":"2019-01-23","purchased_purges":1,"victory":false,"max_hp_per_floor":[75,75,75,75,75,75,75,75,75,75,75,75,75,75,75,75,75,75,75,75,75,75],"card_choices":[{"not_picked":["Entrench","Sentinel"],"picked":"Uppercut","floor":1.0},{"not_picked":["Thunderclap","Corruption"],"picked":"Clash","floor":5.0},{"not_picked":["Twin Strike","Havoc"],"picked":"Shockwave","floor":6.0},{"not_picked":["Cleave","Sword Boomerang"],"picked":"Headbutt","floor":11.0},{"not_picked":["Fire Breathing","Iron Wave"],"picked":"Inflame","floor":12.0},{"not_picked":["Warcry","Shrug It Off"],"picked":"Dual Wield","floor":13.0},{"not_picked":["Spot Weakness","Searing Blow"],"picked":"Flame Barrier","floor":14.0},{"not_picked":["Offering","Limit Break"],"picked":"Double Tap","floor":16.0},{"not_picked":["Fire Breathing","Clothesline"],"picked":"Armaments+1","floor":18},{"not_picked":["Inflame","Spot Weakness"],"picked":"Battle Trance+1","floor":20}],"player_experience":1070964,"relics_obtained":[{"floor":6.0,"key":"Blue Candle"},{"floor":9.0,"key":"Blood Vial"},{"floor":14.0,"key":"Tiny Chest"}],"event_choices":[{"cards_removed":["Strike_R"],"damage_healed":0.0,"max_hp_gain":0.0,"max_hp_loss":0.0,"gold_gain":0.0,"event_name":"The Cleric","player_choice":"Card Removal","floor":2.0,"gold_loss":75.0,"damage_taken":0.0},{"damage_healed":0.0,"max_hp_gain":0.0,"max_hp_loss":0.0,"gold_gain":75.0,"event_name":"World of Goop","player_choice":"Gather Gold","floor":3.0,"gold_loss":0.0,"damage_taken":11.0},{"cards_removed":["Defend_R"],"damage_healed":0.0,"max_hp_gain":0.0,"max_hp_loss":0.0,"gold_gain":0.0,"event_name":"Golden Wing","player_choice":"Card Removal","floor":4.0,"gold_loss":0.0,"damage_taken":7.0},{"damage_healed":0,"gold_gain":0,"cards_transformed":["Strike_R"],"player_choice":"Transformed","damage_taken":0,"max_hp_gain":0,"max_hp_loss":0,"event_name":"Transmorgrifier","floor":21,"gold_loss":0,"cards_obtained":["Reaper"]}],"is_beta":true,"boss_relics":[{"not_picked":["Fusion Hammer","Philosopher\u0027s Stone"],"picked":"Sozu"}],"items_purged_floors":[19],"is_endless":false,"potions_floor_spawned":[1,6,13,14,20],"killed_by":"Shelled Parasite and Fungi","ascension_level":20}