{"gold_per_floor":[145,162,182,196,215,215,229,257,257,4,4,4,4,4,4,79,79,98,23,43,55,89,121,121,151,177,177,177,32,52,52,52,126,126,144,159,43,265,280,343,343,368,422,422,437,437,74,74,74,74],"floor_reached":51,"playtime":2794,"items_purged":["Strike_B","Normality","Normality"],"score":1251,"play_id":"dc4b320e-2ecf-40dd-9998-f1f9e88df81f","local_time":"20180704213059","is_ascension_mode":true,"campfire_choices":[{"data":"Doom and Gloom","floor":6,"key":"SMITH"},{"floor":11,"key":"REST"},{"data":"Coolheaded","floor":15,"key":"SMITH"},{"floor":24,"key":"REST"},{"data":"Multi-Cast","floor":27,"key":"SMITH"},{"data":"Reinforced Body","floor":32,"key":"SMITH"},{"floor":41,"key":"REST"},{"data":"Hologram","floor":44,"key":"SMITH"},{"data":"Loop","floor":49,"key":"SMITH"}],"neow_cost":"NONE","seed_source_timestamp":6087167390487,"circlet_count":0,"master_deck":["Strike_B","Strike_B","Defend_B","Defend_B+1","Defend_B","Zap","Dualcast","AscendersBane","Doom and Gloom+1","Leap","Streamline+1","Redo","Auto Shields","Glacier","Sweeping Beam+1","Coolheaded+1","Multi-Cast+1","White Noise+1","Go for the Eyes+1","Reinforced Body+1","Redo","Hello World+1","Doubt","Steam+1","Reinforced Body+1","Core Surge+1","Loop+1","Hologram+1","Skim+1","Parasite","Finesse"],"relics":["Tiny House","Matryoshka","Lantern","Ginger","Blood Vial","Calipers","Cursed Key","Red Mask","Toolbox","Dodecahedron","Bag of Marbles","Dream Catcher","Letter Opener","Busted Crown","Tiny Chest","Bag of Preparation","Vajra","Whetstone","War Paint"],"potions_floor_usage":[20,22,23,25,42],"damage_taken":[{"damage":0,"enemies":"Cultist","floor":1,"turns":4},{"damage":8,"enemies":"Small Slimes","floor":2,"turns":3},{"damage":3,"enemies":"2 Louse","floor":3,"turns":3},{"damage":11,"enemies":"Exordium Wildlife","floor":4,"turns":5},{"damage":12,"enemies":"2 Fungi Beasts","floor":5,"turns":3},{"damage":7,"enemies":"3 Louse","floor":7,"turns":3},{"damage":9,"enemies":"Lagavulin","floor":8,"turns":8},{"damage":18,"enemies":"The Guardian","floor":16,"turns":11},{"damage":0,"enemies":"Shell Parasite","floor":18,"turns":9},{"damage":11,"enemies":"2 Thieves","floor":20,"turns":3},{"damage":6,"enemies":"Snecko","floor":21,"turns":4},{"damage":13,"floor":22,"turns":6},{"damage":15,"enemies":"Gremlin Leader","floor":23,"turns":8},{"damage":15,"enemies":"Slavers","floor":25,"turns":5},{"damage":0,"enemies":"3 Cultists","floor":30,"turns":5},{"damage":7,"enemies":"Champ","floor":33,"turns":20},{"damage":0,"enemies":"Flame Bruiser 1 Orb","floor":35,"turns":7},{"damage":0,"enemies":"3 Shapes","floor":36,"turns":5},{"damage":0,"enemies":"Transient","floor":39,"turns":5},{"damage":39,"enemies":"2 Orb Walkers","floor":40,"turns":5},{"damage":0,"enemies":"Nemesis","floor":42,"turns":9},{"damage":0,"enemies":"4 Shapes","floor":45,"turns":2},{"damage":36,"enemies":"Awakened One","floor":50,"turns":15}],"seed_played":"-2947467201526842462","potions_obtained":[{"floor":0,"key":"Swift Potion"},{"floor":2,"key":"Dexterity Potion"},{"floor":18,"key":"Fire Potion"},{"floor":21,"key":"Strength Potion"},{"floor":23,"key":"Fire Potion"},{"floor":33,"key":"SpeedPotion"},{"floor":36,"key":"PowerPotion"}],"is_trial":false,"path_per_floor":["M","M","M","M","M","R","M","E","T","$","R","?","?","?","R","B",null,"M","?","M","M","?","E","R","E","T","R","T","$","M","$","R","B",null,"M","M","$","?","M","E","R","E","T","R","M","T","$","T","R","B"],"character_chosen":"DEFECT","items_purchased":["Blood Vial","Coolheaded","Steam","Loop","Hologram","War Paint","Finesse"],"campfire_rested":3,"item_purchase_floors":[10,10,29,37,37,47,47],"current_hp_per_floor":[73,65,62,51,39,39,32,23,23,23,47,40,37,37,37,21,65,67,67,58,54,43,30,54,48,48,48,48,48,50,50,50,45,71,73,75,75,75,77,40,64,66,66,66,68,68,68,68,68,34],"gold":74,"neow_bonus":"BOSS_RELIC","is_prod":false,"is_daily":false,"chose_seed":false,"campfire_upgraded":6,"win_rate":0,"timestamp":1530765059,"path_taken":["M","M","M","M","M","R","?","E","T","$","R","?","?","?","R","BOSS","M","?","M","?","?","E","R","E","T","R","?","$","M","$","R","BOSS","M","?","$","?","M","E","R","E","T","R","M","?","$","?","R","BOSS"],"build_version":"2018-07-03","purchased_purges":3,"victory":true,"max_hp_per_floor":[80,80,80,80,80,80,80,80,80,80,80,80,80,80,80,80,80,80,80,80,80,80,80,80,80,80,80,80,80,80,80,80,80,80,80,80,80,80,80,80,80,80,80,80,80,80,80,80,80,80],"card_choices":[{"not_picked":["Steam","Loop"],"picked":"Doom and Gloom","floor":0},{"not_picked":["Scrape","Chaos"],"picked":"Leap","floor":1},{"not_picked":["Steam","Sunder"],"picked":"Streamline","floor":2},{"not_picked":["Skim","Barrage"],"picked":"Redo","floor":3},{"not_picked":["Steam","Go for the Eyes"],"picked":"Auto Shields","floor":4},{"not_picked":["Conserve Battery","Leap"],"picked":"Glacier","floor":5},{"not_picked":["Compile Driver","Chill"],"picked":"Sweeping Beam","floor":7},{"not_picked":["Hyperbeam","Seek"],"picked":"Multi-Cast","floor":16},{"not_picked":["Chaos","Gash"],"picked":"White Noise+1","floor":18},{"not_picked":["Glacier","Steam"],"picked":"Go for the Eyes+1","floor":20},{"not_picked":["Sweeping Beam","Barrage"],"picked":"Reinforced Body","floor":21},{"not_picked":["Cold Snap","Force Field+1"],"picked":"Redo","floor":22},{"not_picked":["Recycle","Storm"],"picked":"Hello World+1","floor":23},{"not_picked":["Double Energy","Compile Driver+1","Turbo"],"picked":"SKIP","floor":25},{"not_picked":["Chill","Barrage"],"picked":"Reinforced Body+1","floor":30},{"not_picked":["Multi-Cast","Reboot"],"picked":"Core Surge","floor":33},{"not_picked":["Tempest"],"picked":"SKIP","floor":36},{"not_picked":["Beam Cell"],"picked":"SKIP","floor":39},{"not_picked":["Chaos"],"picked":"SKIP","floor":40},{"not_picked":[],"picked":"Skim","floor":42},{"not_picked":["Scrape"],"picked":"SKIP","floor":45}],"player_experience":501492,"relics_obtained":[{"floor":8,"key":"Matryoshka"},{"floor":9,"key":"Lantern"},{"floor":9,"key":"Ginger"},{"floor":22,"key":"Red Mask"},{"floor":23,"key":"Toolbox"},{"floor":25,"key":"Dodecahedron"},{"floor":26,"key":"Bag of Marbles"},{"floor":26,"key":"Dream Catcher"},{"floor":28,"key":"Letter Opener"},{"floor":40,"key":"Tiny Chest"},{"floor":42,"key":"Bag of Preparation"},{"floor":43,"key":"Vajra"},{"floor":46,"key":"Whetstone"}],"event_choices":[{"event_name":"Golden Wing","player_choice":"Card Removal","floor":12,"damage_taken":0},{"event_name":"Scrap Ooze","player_choice":"success","floor":13,"damage_taken":3},{"event_name":"Living Wall","player_choice":"Grow","floor":14,"damage_taken":0},{"event_name":"Beggar","player_choice":"Gave Gold","floor":19,"damage_taken":0},{"event_name":"Masked Bandits","player_choice":"Fought over 55 gold","floor":22,"damage_taken":0},{"event_name":"Tomb of Lord Red Mask","player_choice":"Wore Mask","floor":38,"damage_taken":0}],"boss_relics":[{"not_picked":["Ectoplasm","Runic Dome"],"picked":"Cursed Key"},{"not_picked":["Coffee Dripper","Orrery"],"picked":"Busted Crown"}],"items_purged_floors":[10,29,47],"is_endless":false,"potions_floor_spawned":[2,5,7,18,21,23,33,36,39,40],"ascension_level":13}