{"path_per_floor":["M","M","?","M","M","E","R","?","T","E","M","T","?","E","R","B",null,"M","$","M","?","?","E","M","R","T","R","M","M","$"],"character_chosen":"IRONCLAD","items_purchased":["Strength Potion","Inflame"],"gold_per_floor":[113,131,81,97,110,135,135,135,135,163,175,201,201,227,227,328,328,341,136,153,153,78,112,125,125,125,125,143,161,61],"floor_reached":31,"campfire_rested":1,"playtime":1396,"current_hp_per_floor":[80,80,80,75,68,68,68,61,61,47,53,53,53,52,52,50,83,55,55,61,61,61,24,20,59,59,59,36,33,33],"items_purged":["Strike_R","Defend_R"],"gold":61,"score":275,"play_id":"f2e4ec9b-007f-45b6-95e1-25638f746016","is_prod":false,"is_daily":false,"is_ascension_mode":false,"campfire_upgraded":3,"path_taken":["M","M","?","M","M","E","R","?","T","E","M","?","?","E","R","BOSS","M","$","M","?","?","E","M","R","T","R","M","M","?","E"],"build_version":"2018-02-15-PROD1","purchased_purges":2,"victory":false,"master_deck":["Strike_R","Strike_R","Strike_R","Defend_R","Defend_R","Bash","Infernal Blade","Shockwave","Heavy Blade","Heavy Blade+1","Spot Weakness+1","Feed","Limit Break+1","Inflame","Clash+1","Clash+1"],"max_hp_per_floor":[80,80,80,80,80,80,80,80,80,80,80,80,80,80,80,83,83,83,83,83,83,83,83,83,83,83,83,83,83,83],"relics":["Burning Blood","Regal Pillow","Centennial Puzzle","Oddly Smooth Stone","Calipers","Bronze Scales","Lantern","Pantograph","Question Card","Prayer Wheel","Ice Cream"],"card_choices":[{"not_picked":["Sword Boomerang","Combust"],"picked":"Infernal Blade"},{"not_picked":["Pommel Strike","Iron Wave"],"picked":"Shockwave"},{"not_picked":["Juggernaut","Hemokinesis"],"picked":"Heavy Blade"},{"not_picked":["Pommel Strike","Clash"],"picked":"Heavy Blade"},{"not_picked":["Flame Barrier","Searing Blow"],"picked":"Spot Weakness"},{"not_picked":["Reaper","Feed"],"picked":"Limit Break"},{"not_picked":["Iron Wave","Demon Form","Feel No Pain"],"picked":"Twin Strike"},{"not_picked":["Iron Wave","Bludgeon","Armaments"],"picked":"Clash"},{"not_picked":["Perfected Strike","Second Wind","Metallicize"],"picked":"Clash"}],"player_experience":84646,"potions_floor_usage":[14,14,23,31,31,31],"damage_taken":[{"damage":2,"enemies":"Small Slimes","floor":1,"turns":4},{"damage":6,"enemies":"2 Louse","floor":2,"turns":3},{"damage":11,"enemies":"Jaw Worm","floor":4,"turns":2},{"damage":13,"enemies":"2 Fungi Beasts","floor":5,"turns":3},{"damage":6,"enemies":"Gremlin Nob","floor":6,"turns":3},{"damage":20,"enemies":"Lagavulin","floor":10,"turns":5},{"damage":0,"enemies":"3 Louse","floor":11,"turns":3},{"damage":7,"enemies":"Gremlin Nob","floor":14,"turns":3},{"damage":36,"enemies":"The Guardian","floor":16,"turns":6},{"damage":34,"enemies":"2 Thieves","floor":18,"turns":4},{"damage":0,"enemies":"3 Byrds","floor":20,"turns":4},{"damage":43,"enemies":"Book of Stabbing","floor":23,"turns":5},{"damage":10,"enemies":"Cultist and Chosen","floor":24,"turns":7},{"damage":29,"enemies":"Slaver and Parasite","floor":28,"turns":4},{"damage":9,"enemies":"Snake Plant","floor":29,"turns":3},{"damage":36,"enemies":"Slavers","floor":31,"turns":2}],"event_choices":[{"event_name":"The Cleric","player_choice":"Card Removal","floor":3,"damage_taken":0},{"event_name":"Scrap Ooze","player_choice":"success","floor":8,"damage_taken":7},{"event_name":"Transmorgrifier","player_choice":"Transform","floor":13,"damage_taken":0},{"event_name":"Vampires","player_choice":"Ignored","floor":21,"damage_taken":0},{"event_name":"Beggar","player_choice":"Gave Gold","floor":22,"damage_taken":0}],"boss_relics":[{"not_picked":["Cursed Key","Runic Pyramid"],"picked":"Question Card"}],"potions_floor_spawned":[4,5,6,11,24,28],"seed_played":"7168031402846190622","killed_by":"Slavers","ascension_level":0,"is_trial":false}