{"gold_per_floor":[118,193,193,211,211,241,241,268,291,308,323,323,334,347,347,420,420,433,451,465,482,532,532,547,547,572,572,591,601,601],"floor_reached":30,"playtime":1029,"items_purged":[],"score":492,"play_id":"d2c3f1c0-b2a8-4325-bd1c-bceccdf6aae8","local_time":"20181225224704","is_ascension_mode":true,"campfire_choices":[{"data":"Darkness","floor":7.0,"key":"SMITH"},{"data":"Darkness","floor":12.0,"key":"SMITH"},{"floor":15.0,"key":"REST"},{"data":"Fission","floor":23.0,"key":"SMITH"},{"floor":25,"key":"REST"},{"data":"Dualcast","floor":27,"key":"SMITH"}],"neow_cost":"NONE","seed_source_timestamp":32921524702517,"circlet_count":0,"master_deck":["AscendersBane","Strike_B","Strike_B","Strike_B","Strike_B","Defend_B","Defend_B","Defend_B","Defend_B","Zap","Dualcast+1","Darkness+1","Darkness+1","Loop","Hologram","Steam","BootSequence","White Noise","Fission+1","Coolheaded","Stack"],"special_seed":0,"relics":["Cracked Core","Ancient Tea Set","Happy Flower","Bronze Scales","Darkstone Periapt","Anchor","Lizard Tail","Potion Belt"],"potions_floor_usage":[29],"damage_taken":[{"damage":4.0,"enemies":"Small Slimes","floor":1.0,"turns":4.0},{"damage":1.0,"enemies":"Cultist","floor":4.0,"turns":3.0},{"damage":25.0,"enemies":"3 Sentries","floor":6.0,"turns":6.0},{"damage":10.0,"enemies":"Lagavulin","floor":8.0,"turns":5.0},{"damage":0.0,"enemies":"2 Louse","floor":10.0,"turns":2.0},{"damage":0.0,"enemies":"Blue Slaver","floor":11.0,"turns":3.0},{"damage":0.0,"enemies":"3 Louse","floor":13.0,"turns":2.0},{"damage":6.0,"enemies":"Looter","floor":14.0,"turns":3.0},{"damage":18.0,"enemies":"The Guardian","floor":16.0,"turns":7.0},{"damage":0.0,"enemies":"3 Byrds","floor":18.0,"turns":2.0},{"damage":7.0,"enemies":"Chosen","floor":19.0,"turns":5.0},{"damage":14.0,"enemies":"Centurion and Healer","floor":20.0,"turns":4.0},{"damage":16.0,"enemies":"Snake Plant","floor":21.0,"turns":4.0},{"damage":17,"enemies":"Snecko","floor":24,"turns":6},{"damage":50,"enemies":"Cultist and Chosen","floor":28,"turns":6},{"damage":2,"enemies":"Sentry and Sphere","floor":29,"turns":5},{"damage":21,"enemies":"Shelled Parasite and Fungi","floor":30,"turns":2}],"seed_played":"4074509432273032017","potions_obtained":[{"floor":1.0,"key":"FearPotion"},{"floor":4.0,"key":"Swift Potion"},{"floor":6.0,"key":"Explosive Potion"},{"floor":10.0,"key":"Block Potion"},{"floor":11.0,"key":"Block Potion"},{"floor":18.0,"key":"PowerPotion"},{"floor":28,"key":"Block Potion"}],"is_trial":false,"path_per_floor":["M","?","?","M","?","E","R","E","T","M","M","R","M","M","R","B",null,"M","M","M","M","?","R","M","R","T","R","M","M","M"],"character_chosen":"DEFECT","items_purchased":[],"campfire_rested":2,"item_purchase_floors":[],"current_hp_per_floor":[60,49,44,43,43,18,18,8,8,8,8,8,8,2,23,5,55,55,48,34,18,18,18,1,22,22,22,21,19,0],"gold":601,"neow_bonus":"RANDOM_COMMON_RELIC","is_prod":false,"is_daily":false,"chose_seed":false,"campfire_upgraded":4,"win_rate":0,"timestamp":1545745624,"path_taken":["M","?","?","M","?","E","R","E","T","M","M","R","?","M","R","BOSS","M","?","M","M","?","R","?","R","T","R","M","M","M"],"build_version":"2018-12-20","purchased_purges":0,"victory":false,"max_hp_per_floor":[71,71,71,71,71,71,71,71,71,71,71,71,71,71,71,71,71,71,71,71,71,71,71,71,71,71,71,71,71,71],"card_choices":[{"not_picked":["Consume","Double Energy"],"picked":"Darkness","floor":1.0},{"not_picked":["Ball Lightning","Compile Driver"],"picked":"Darkness","floor":4.0},{"not_picked":["Sweeping Beam","Thunder Strike","Scrape"],"picked":"SKIP","floor":6.0},{"not_picked":["Auto Shields","Gash"],"picked":"Loop","floor":8.0},{"not_picked":["Gash","Rebound"],"picked":"Hologram","floor":10.0},{"not_picked":["Compile Driver","Ball Lightning"],"picked":"Steam","floor":11.0},{"not_picked":["Beam Cell","Melter"],"picked":"BootSequence","floor":13.0},{"not_picked":["Steam","Rebound"],"picked":"White Noise","floor":14.0},{"not_picked":["Meteor Strike","Echo Form"],"picked":"Fission","floor":16.0},{"not_picked":["Streamline+1","Tempest","Turbo"],"picked":"SKIP","floor":18.0},{"not_picked":["White Noise","Conserve Battery"],"picked":"Coolheaded","floor":19.0},{"not_picked":["Rebound","Compile Driver","Sunder"],"picked":"SKIP","floor":20.0},{"not_picked":["Rebound","Compile Driver","Sunder"],"picked":"SKIP","floor":20.0},{"not_picked":["White Noise","Aggregate","Hologram"],"picked":"SKIP","floor":21.0},{"not_picked":["Compile Driver","Conserve Battery","Static Discharge"],"picked":"SKIP","floor":24},{"not_picked":["Sweeping Beam","Compile Driver","Go for the Eyes"],"picked":"SKIP","floor":28},{"not_picked":["Heatsinks+1","Capacitor"],"picked":"Stack","floor":29}],"player_experience":850796,"relics_obtained":[{"floor":6.0,"key":"Bronze Scales"},{"floor":8.0,"key":"Darkstone Periapt"},{"floor":9.0,"key":"Anchor"},{"floor":26,"key":"Potion Belt"}],"event_choices":[{"damage_healed":0.0,"max_hp_gain":0.0,"max_hp_loss":0.0,"gold_gain":75.0,"event_name":"World of Goop","player_choice":"Gather Gold","floor":2.0,"gold_loss":0.0,"damage_taken":11.0},{"damage_healed":0.0,"max_hp_gain":0.0,"max_hp_loss":0.0,"gold_gain":0.0,"event_name":"Scrap Ooze","player_choice":"Success","floor":3.0,"gold_loss":0.0,"damage_taken":5.0,"relics_obtained":["Happy Flower"]},{"damage_healed":0.0,"max_hp_gain":0.0,"max_hp_loss":0.0,"gold_gain":0.0,"event_name":"Lab","player_choice":"Got Potions","floor":5.0,"gold_loss":0.0,"damage_taken":0.0},{"damage_healed":0.0,"max_hp_gain":0.0,"max_hp_loss":0.0,"gold_gain":50.0,"event_name":"Golden Shrine","player_choice":"Pray","floor":22.0,"gold_loss":0.0,"damage_taken":0.0}],"is_beta":false,"boss_relics":[{"not_picked":["Inserter","Calling Bell"],"picked":"Lizard Tail"}],"items_purged_floors":[],"is_endless":false,"potions_floor_spawned":[1,4,6,10,11,18,28],"killed_by":"Shelled Parasite and Fungi","ascension_level":20}