{"gold_per_floor":[110,110,123,137,137,137,137,157,184,38,51,51,68,87,87,192,192],"floor_reached":17,"playtime":204,"items_purged":["Defend_R"],"score":149,"play_id":"b5aec921-9d57-45cb-9c72-0590bbe0060d","local_time":"20180703233546","is_ascension_mode":false,"campfire_choices":[{"data":"Perfected Strike","floor":6,"key":"SMITH"},{"data":"Whirlwind","floor":12,"key":"SMITH"},{"data":"Perfected Strike","floor":15,"key":"SMITH"}],"neow_cost":"NONE","seed_source_timestamp":81105620672710,"circlet_count":0,"master_deck":["Strike_R","Strike_R","Strike_R","Strike_R","Strike_R","Defend_R","Defend_R","Defend_R","Bash+1","Seeing Red","Perfected Strike+1","Parasite","Whirlwind+1","Thunderclap","Perfected Strike+1","Offering"],"relics":["Runic Pyramid","Bronze Scales","Coffee Dripper"],"potions_floor_usage":[14,16],"damage_taken":[{"damage":18,"enemies":"Jaw Worm","floor":1,"turns":3},{"damage":0,"enemies":"Cultist","floor":3,"turns":2},{"damage":10,"enemies":"Small Slimes","floor":4,"turns":2},{"damage":15,"enemies":"Looter","floor":8,"turns":3},{"damage":12,"enemies":"3 Louse","floor":11,"turns":3},{"damage":16,"enemies":"Large Slime","floor":13,"turns":3},{"damage":0,"enemies":"Looter","floor":14,"turns":1},{"damage":32,"enemies":"Hexaghost","floor":16,"turns":6}],"seed_played":"2212303332810500241","potions_obtained":[{"floor":1,"key":"Fire Potion"},{"floor":4,"key":"Block Potion"},{"floor":11,"key":"Fire Potion"},{"floor":16,"key":"Swift Potion"}],"is_trial":false,"path_per_floor":["M","?","M","M","?","R","?","M","T","$","M","R","M","M","R","B"],"character_chosen":"IRONCLAD","items_purchased":["Whirlwind"],"campfire_rested":0,"item_purchase_floors":[10],"current_hp_per_floor":[62,62,62,52,57,57,78,63,63,63,51,51,35,35,35,3,3],"gold":192,"neow_bonus":"BOSS_RELIC","is_prod":false,"is_daily":false,"chose_seed":false,"campfire_upgraded":3,"win_rate":0,"timestamp":1530686146,"path_taken":["M","?","?","M","?","R","?","M","T","$","M","R","M","M","R","BOSS"],"build_version":"2018-07-02","purchased_purges":1,"victory":false,"max_hp_per_floor":[80,80,80,80,85,85,85,85,85,85,85,85,85,85,85,85,85],"card_choices":[{"not_picked":["Shockwave","Corruption"],"picked":"Seeing Red","floor":1},{"not_picked":["Bloodletting","Fire Breathing"],"picked":"Perfected Strike","floor":3},{"not_picked":["Evolve","Body Slam"],"picked":"Thunderclap","floor":11},{"not_picked":["Rupture","Carnage"],"picked":"Perfected Strike","floor":14},{"not_picked":["Bludgeon","Barricade"],"picked":"Offering","floor":16}],"player_experience":483861,"relics_obtained":[{"floor":9,"key":"Bronze Scales"}],"event_choices":[{"event_name":"Upgrade Shrine","player_choice":"Upgraded","floor":2,"damage_taken":0},{"event_name":"Big Fish","player_choice":"Donut","floor":5,"damage_taken":0},{"event_name":"Mushrooms","player_choice":"Healed and dodged fight","floor":7,"damage_taken":0}],"boss_relics":[{"not_picked":["Empty Cage","Pandora\u0027s Box"],"picked":"Coffee Dripper"}],"items_purged_floors":[10],"is_endless":false,"potions_floor_spawned":[1,4,11,13,16],"ascension_level":0}