{"path_per_floor":["M","?","?","M","$","E","R","E","T","?","$","R","M","M","R","B",null,"M","?","?","$","M","E","M","R","T","?","T","E","T"],"character_chosen":"IRONCLAD","items_purchased":["Flex"],"gold_per_floor":[116,116,66,76,1,27,27,61,61,61,12,12,27,43,43,171,171,187,187,187,87,100,173,198,198,252,252,252,290,316],"floor_reached":31,"campfire_rested":0,"playtime":1198,"current_hp_per_floor":[75,75,75,75,75,38,38,30,44,44,44,44,50,49,49,12,97,102,102,102,102,83,37,43,43,43,43,43,25,25],"items_purged":["Defend_R","Injury"],"gold":316,"score":343,"play_id":"4318639f-bc3d-49bb-a404-51413ae2ca17","is_prod":false,"is_daily":false,"is_ascension_mode":true,"campfire_upgraded":4,"path_taken":["M","?","?","M","$","E","R","E","T","?","?","R","M","M","R","BOSS","M","?","?","?","?","E","M","R","T","?","?","E","?","E"],"build_version":"2018-02-15-PROD1","purchased_purges":3,"victory":false,"master_deck":["Strike_R+1","Strike_R+1","Strike_R+1","Strike_R+1","Strike_R+1","Defend_R+1","Bash+1","Inflame+1","Flex+1","Feed+1","Headbutt","Offering","Rampage+1"],"max_hp_per_floor":[80,80,80,80,80,80,80,80,94,94,94,94,94,97,97,97,97,102,102,102,102,107,112,114,114,114,114,114,114,114],"relics":["Burning Blood","Letter Opener","Singing Bowl","Mango","Golden Idol","Black Star","Blood Vial","Tiny Chest","Bag of Marbles","Mercury Hourglass","Unceasing Top","Molten Egg 2","Pantograph","Ancient Tea Set"],"card_choices":[{"not_picked":["Pommel Strike","Havoc"],"picked":"Inflame"},{"not_picked":["Disarm","Warcry"],"picked":"Feed"},{"not_picked":["Intimidate","Rage"],"picked":"Headbutt"},{"not_picked":["Fiend Fire","Demon Form"],"picked":"Offering"},{"not_picked":["Cleave","Perfected Strike"],"picked":"Rampage"}],"player_experience":104244,"potions_floor_usage":[6,8,16,16,16,29],"damage_taken":[{"damage":11,"enemies":"Jaw Worm","floor":1,"turns":2},{"damage":6,"enemies":"Cultist","floor":4,"turns":3},{"damage":43,"enemies":"3 Sentries","floor":6,"turns":8},{"damage":14,"enemies":"Gremlin Nob","floor":8,"turns":3},{"damage":0,"enemies":"Small Slimes","floor":13,"turns":3},{"damage":10,"enemies":"Looter","floor":14,"turns":2},{"damage":43,"enemies":"The Guardian","floor":16,"turns":6},{"damage":4,"enemies":"Chosen","floor":18,"turns":3},{"damage":30,"enemies":"2 Thieves","floor":22,"turns":3},{"damage":57,"enemies":"Slavers","floor":23,"turns":4},{"damage":4,"enemies":"Snake Plant","floor":24,"turns":2},{"damage":26,"enemies":"Book of Stabbing","floor":29,"turns":3},{"damage":27,"enemies":"Slavers","floor":31,"turns":1}],"event_choices":[{"event_name":"Purifier","player_choice":"One Purge","floor":2,"damage_taken":0},{"event_name":"The Cleric","player_choice":"Card Removal","floor":3,"damage_taken":0},{"event_name":"Golden Idol","player_choice":"Take Wound","floor":10,"damage_taken":0},{"event_name":"Drug Dealer","player_choice":"Ignored","floor":19,"damage_taken":0},{"event_name":"Back to Basics","player_choice":"Simplicity","floor":20,"damage_taken":0},{"event_name":"The Mausoleum","player_choice":"Yes","floor":27,"damage_taken":0}],"boss_relics":[{"not_picked":["Runic Pyramid","Velvet Choker"],"picked":"Black Star"}],"potions_floor_spawned":[1,6,13,24],"seed_played":"-8012816567558316040","killed_by":"Slavers","ascension_level":1,"is_trial":false}