{"path_per_floor":["M","$","M","$","M","R","?","M","T","E","R","E","R","M","R","B",null,"M","?","$","M","M","E","R","?","T","M","R","?","R","M","R","B",null,"M","M","?","M","$","R","M","M","T","$","?","R","M","M","R"],"character_chosen":"IRONCLAD","items_purchased":["Good Instincts","Armaments","Apotheosis","Body Slam","Finesse"],"gold_per_floor":[114,21,37,37,51,51,72,83,107,133,133,167,167,184,184,286,286,271,271,27,40,51,86,86,86,109,120,120,120,120,140,140,235,235,249,266,266,276,226,226,237,250,250,103,103,103,118,132,132],"floor_reached":50,"campfire_rested":3,"playtime":4857,"current_hp_per_floor":[80,80,80,80,80,80,72,75,75,75,75,64,64,62,62,25,87,67,67,67,66,55,11,37,37,37,35,61,61,61,71,71,25,87,78,86,87,67,67,67,80,87,87,87,87,87,61,68,87],"items_purged":["Armaments"],"gold":132,"score":451,"play_id":"8f19c132-b36c-4830-960a-fd1dd07e0e3b","local_time":"20180306005457","is_prod":false,"is_daily":false,"is_ascension_mode":false,"campfire_upgraded":8,"timestamp":1520294097,"path_taken":["M","?","M","$","M","R","?","M","T","E","R","E","R","M","R","BOSS","M","?","$","M","M","E","R","?","T","M","R","?","R","M","R","BOSS","M","M","?","M","$","R","M","M","T","$","?","R","M","M","R","BOSS"],"build_version":"2018-03-01-PROD1","purchased_purges":2,"victory":false,"master_deck":["Defend_R+1","Defend_R+1","Defend_R+1","Bash","Rampage+1","Good Instincts+1","Thunderclap","Body Slam+1","Bloodletting","Warcry","Metallicize+1","Seeing Red","Barricade+1","Apotheosis+1","Intimidate+1","Iron Wave","Entrench+1","Body Slam","Bite","Bite","Bite","Bite","Bite","Double Tap","Body Slam+1","Entrench+1","Shrug It Off+1","Headbutt+1","Body Slam","Finesse+1","Iron Wave","Power Through+1"],"max_hp_per_floor":[80,80,80,80,80,80,80,80,80,80,80,87,87,87,87,87,87,87,87,87,87,87,87,87,87,87,87,87,87,87,87,87,87,87,87,87,87,87,87,87,87,87,87,87,87,87,87,87,87],"relics":["Burning Blood","Odd Mushroom","Orichalcum","Frozen Eye","Strawberry","Lizard Tail","Smiling Mask","Lantern","Sozu","Unceasing Top"],"card_choices":[{"not_picked":["Spot Weakness","Seeing Red"],"picked":"Rampage"},{"not_picked":["Sword Boomerang","True Grit"],"picked":"Thunderclap"},{"not_picked":["Flex","Anger"],"picked":"Body Slam"},{"not_picked":["Thunderclap","Clash"],"picked":"Bloodletting"},{"not_picked":["Inflame","Perfected Strike"],"picked":"Warcry"},{"not_picked":["Rampage","Demon Form"],"picked":"Metallicize"},{"not_picked":["Corruption","Reckless Charge"],"picked":"Seeing Red"},{"not_picked":["Impervious","Double Tap"],"picked":"Barricade"},{"not_picked":["Iron Wave","Clothesline"],"picked":"Intimidate"},{"not_picked":["Heavy Blade","Thunderclap"],"picked":"Iron Wave"},{"not_picked":["Rampage","Rage"],"picked":"Entrench"},{"not_picked":["Twin Strike","Clothesline"],"picked":"Dual Wield"},{"not_picked":["Reaper","Demon Form"],"picked":"Double Tap"},{"not_picked":["Headbutt","Thunderclap"],"picked":"Body Slam"},{"not_picked":["Wild Strike","Clothesline"],"picked":"Entrench"},{"not_picked":["Whirlwind","Spot Weakness"],"picked":"Shrug It Off"},{"not_picked":["Berserk","Sword Boomerang"],"picked":"Headbutt"},{"not_picked":["Armaments","Combust"],"picked":"Iron Wave"},{"not_picked":["Burning Pact","Blood for Blood"],"picked":"Power Through"}],"player_experience":53618,"potions_floor_usage":[7,10,12,16,22,31],"damage_taken":[{"damage":5,"enemies":"Cultist","floor":1,"turns":4},{"damage":5,"enemies":"2 Louse","floor":3,"turns":4},{"damage":0,"enemies":"Small Slimes","floor":5,"turns":4},{"damage":14,"enemies":"The Mushroom Lair","floor":7,"turns":4},{"damage":5,"enemies":"2 Fungi Beasts","floor":8,"turns":4},{"damage":8,"enemies":"Gremlin Nob","floor":10,"turns":4},{"damage":26,"enemies":"3 Sentries","floor":12,"turns":8},{"damage":10,"enemies":"3 Louse","floor":14,"turns":4},{"damage":45,"enemies":"The Guardian","floor":16,"turns":12},{"damage":26,"enemies":"2 Thieves","floor":18,"turns":4},{"damage":9,"enemies":"Chosen","floor":21,"turns":8},{"damage":19,"enemies":"Centurion and Healer","floor":22,"turns":12},{"damage":52,"enemies":"Book of Stabbing","floor":23,"turns":8},{"damage":10,"enemies":"Snecko","floor":27,"turns":8},{"damage":15,"enemies":"Cultist and Chosen","floor":31,"turns":10},{"damage":150,"enemies":"Automaton","floor":33,"turns":17},{"damage":30,"enemies":"3 Darklings","floor":35,"turns":7},{"damage":6,"enemies":"Orb Walker","floor":36,"turns":5},{"damage":38,"enemies":"3 Darklings","floor":38,"turns":7},{"damage":8,"enemies":"4 Shapes","floor":41,"turns":7},{"damage":22,"enemies":"Maw","floor":42,"turns":9},{"damage":35,"enemies":"Sphere and 2 Shapes","floor":47,"turns":4},{"damage":17,"enemies":"4 Shapes","floor":48,"turns":12},{"damage":102,"enemies":"Donu and Deca","floor":50,"turns":8}],"event_choices":[{"event_name":"Mushrooms","player_choice":"Fought Mushrooms","floor":7,"damage_taken":0},{"event_name":"Back to Basics","player_choice":"Simplicity","floor":19,"damage_taken":0},{"event_name":"The Library","player_choice":"Read","floor":25,"damage_taken":0},{"event_name":"Vampires","player_choice":"Became a vampire (Vial)","floor":29,"damage_taken":0},{"event_name":"Bonfire Elementals","player_choice":"UNCOMMON","floor":37,"damage_taken":0}],"boss_relics":[{"not_picked":["Black Star","Calling Bell"],"picked":"Lizard Tail"},{"not_picked":["Runic Dome","Runic Cube"],"picked":"Sozu"}],"potions_floor_spawned":[1,5,10,14,18,27,35,38,41],"seed_played":"-1894183041307699700","killed_by":"Donu and Deca","ascension_level":0,"is_trial":false}