{"gold_per_floor":[118,368,368,20,20,20,20,79,79,94,94,106,106,125,125,125],"floor_reached":16,"playtime":268,"items_purged":[],"score":103,"play_id":"b029ab56-dd84-4f32-b546-855b83909fe5","local_time":"20180716230641","is_ascension_mode":true,"campfire_choices":[{"data":"Defragment","floor":6,"key":"SMITH"},{"data":"Dramatic Entrance","floor":11,"key":"SMITH"},{"data":"Go for the Eyes","floor":13,"key":"SMITH"},{"floor":15,"key":"REST"}],"neow_cost":"NONE","seed_source_timestamp":0,"circlet_count":0,"master_deck":["Strike_B","Strike_B","Strike_B","Strike_B","Defend_B","Defend_B","Defend_B","Defend_B","Zap","Dualcast","Defragment+1","Go for the Eyes+1","Conserve Battery","Dramatic Entrance+1","Auto Shields","Clumsy","Glacier","White Noise"],"special_seed":0,"relics":["Cursed Key","Calipers","Tiny Chest","Singing Bowl"],"potions_floor_usage":[8],"damage_taken":[{"damage":0.0,"enemies":"Cultist","floor":1.0,"turns":3.0},{"damage":31,"enemies":"Gremlin Nob","floor":8,"turns":4},{"damage":0,"enemies":"2 Louse","floor":10,"turns":2},{"damage":0,"enemies":"Jaw Worm","floor":12,"turns":5},{"damage":13,"enemies":"Gremlin Gang","floor":14,"turns":5},{"damage":0,"enemies":"Hexaghost","floor":16,"turns":1}],"seed_played":"-8699647454280051281","potions_obtained":[{"floor":1.0,"key":"FearPotion"},{"floor":8,"key":"SneckoOil"},{"floor":10,"key":"FearPotion"}],"is_trial":false,"path_per_floor":["M","?","?","$","?","R","?","E","T","M","R","M","R","M","R"],"character_chosen":"DEFECT","items_purchased":["Go for the Eyes","Calipers"],"campfire_rested":1,"item_purchase_floors":[4,4],"current_hp_per_floor":[75,75,75,75,75,75,75,44,44,44,44,44,44,33,56,56],"gold":125,"neow_bonus":"BOSS_RELIC","is_prod":false,"is_daily":false,"chose_seed":false,"campfire_upgraded":3,"win_rate":0,"timestamp":1531807601,"path_taken":["M","?","?","$","?","R","?","E","T","M","R","?","R","?","R","BOSS"],"build_version":"2018-07-13","purchased_purges":0,"victory":false,"max_hp_per_floor":[75,75,75,75,75,75,75,75,75,75,75,75,75,77,77,77],"card_choices":[{"not_picked":["Genetic Algorithm","Barrage"],"picked":"Defragment","floor":1.0},{"not_picked":["Fusion","Blizzard"],"picked":"Auto Shields","floor":8},{"not_picked":["Reprogram","Gash"],"picked":"Glacier","floor":10},{"not_picked":["Ball Lightning","Conserve Battery"],"picked":"White Noise","floor":12},{"not_picked":["Turbo","Sweeping Beam","Streamline"],"picked":"Singing Bowl","floor":14}],"player_experience":676135,"relics_obtained":[{"floor":8,"key":"Tiny Chest"},{"floor":9,"key":"Singing Bowl"}],"event_choices":[{"event_name":"Golden Shrine","player_choice":"Desecrate","floor":2.0,"damage_taken":0.0},{"event_name":"Purifier","player_choice":"One Purge","floor":3.0,"damage_taken":0.0},{"event_name":"Match and Keep!","player_choice":"2 cards matched","floor":5,"damage_taken":0},{"event_name":"Liars Game","player_choice":"disagreed","floor":7,"damage_taken":0}],"boss_relics":[],"items_purged_floors":[],"is_endless":false,"potions_floor_spawned":[1,8,10],"killed_by":"Hexaghost","ascension_level":1}