{"path_per_floor":["M","M","M","?","T","E","?","$","T","E","?","M","E","$","R","B",null,"M","M","?"],"character_chosen":"IRONCLAD","items_purchased":["Armaments","Impervious","Fire Potion"],"gold_per_floor":[114,125,144,144,144,170,245,54,54,80,80,99,127,78,78,175,175,163,181,181],"floor_reached":21,"campfire_rested":0,"playtime":1673,"current_hp_per_floor":[80,80,80,80,80,63,52,52,52,41,34,42,32,32,32,31,80,79,53,53],"items_purged":["Regret"],"gold":181,"score":197,"play_id":"37b57d77-cf97-4345-b3e0-f1e4ec5ef8d3","is_prod":false,"is_daily":false,"is_ascension_mode":false,"campfire_upgraded":1,"path_taken":["M","M","M","?","?","E","?","$","T","E","?","?","E","?","R","BOSS","M","?","?","M"],"build_version":"2018-02-15-PROD1","purchased_purges":1,"victory":false,"master_deck":["Strike_R","Strike_R","Strike_R","Strike_R","Strike_R","Defend_R","Defend_R","Defend_R","Defend_R","Bash+1","Armaments","Impervious","Shrug It Off","Shrug It Off","Spot Weakness+1","Shrug It Off"],"max_hp_per_floor":[80,80,80,80,80,80,80,80,80,80,80,80,80,80,80,80,80,80,80,80],"relics":["Burning Blood","Blood Vial","Bag of Preparation","Thread and Needle","Anchor","Bottled Lightning","Bottled Flame","Ancient Tea Set","Black Star"],"card_choices":[{"not_picked":["Power Through","Pummel"],"picked":"Sword Boomerang"},{"not_picked":["Dark Embrace","Battle Trance"],"picked":"Shrug It Off"},{"not_picked":["Burning Pact","Heavy Blade"],"picked":"Shrug It Off"},{"not_picked":["Twin Strike","Power Through"],"picked":"Spot Weakness"},{"not_picked":["Sever Soul","Twin Strike"],"picked":"Shrug It Off"}],"player_experience":92726,"potions_floor_usage":[16,16,18,21,21],"damage_taken":[{"damage":6,"enemies":"Jaw Worm","floor":1,"turns":3},{"damage":5,"enemies":"2 Louse","floor":2,"turns":3},{"damage":6,"enemies":"Cultist","floor":3,"turns":3},{"damage":23,"enemies":"3 Sentries","floor":6,"turns":9},{"damage":19,"enemies":"Gremlin Nob","floor":10,"turns":5},{"damage":0,"enemies":"Exordium Wildlife","floor":12,"turns":6},{"damage":18,"enemies":"3 Sentries","floor":13,"turns":16},{"damage":9,"enemies":"The Guardian","floor":16,"turns":16},{"damage":7,"enemies":"2 Thieves","floor":18,"turns":4},{"damage":33,"enemies":"Spheric Guardian","floor":19,"turns":9},{"damage":55,"enemies":"3 Cultists","floor":21,"turns":6}],"event_choices":[{"event_name":"Big Fish","player_choice":"Box","floor":4,"damage_taken":0},{"event_name":"World of Goop","player_choice":"Gather Gold","floor":7,"damage_taken":0},{"event_name":"Golden Wing","player_choice":"Card Removal","floor":11,"damage_taken":0},{"event_name":"Drug Dealer","player_choice":"Ignored","floor":20,"damage_taken":0}],"boss_relics":[{"not_picked":["White Beast Statue","Runic Dome"],"picked":"Black Star"}],"potions_floor_spawned":[6,10,12,16,18],"seed_played":"3092222338844919573","killed_by":"3 Cultists","ascension_level":0,"is_trial":false}