{"gold_per_floor":[111,127,52,23,23,23,53,53,129,129,139,171,185,203,203,278,278,294,305,305,6,26,26,26,26],"floor_reached":25,"playtime":2351,"items_purged":["Strike_G"],"score":422,"play_id":"4b21bf1c-f7cf-40b7-9213-431ec5819423","local_time":"20181010022215","is_ascension_mode":true,"campfire_choices":[{"data":"Dagger Spray","floor":6,"key":"SMITH"},{"floor":8,"key":"REST"},{"data":"Dodge and Roll","floor":15,"key":"SMITH"},{"data":"Blade Dance","floor":23,"key":"SMITH"}],"neow_cost":"","seed_source_timestamp":63583452138498,"circlet_count":0,"master_deck":["Defend_G","Defend_G","Defend_G","Defend_G","Defend_G","Strike_G","Strike_G","Strike_G","Survivor+1","Neutralize+1","AscendersBane","Flying Knee","Heel Hook","Dagger Spray+1","Poisoned Stab","PiercingWail","Well Laid Plans","Sucker Punch+1","Dodge and Roll+1","Bullet Time","Dodge and Roll","Dodge and Roll","Blade Dance+1"],"relics":["Ring of the Snake","Pocketwatch","Ornamental Fan","Kunai","Sozu","Nloth\u0027s Gift"],"potions_floor_usage":[7,19,19],"damage_taken":[{"damage":5,"enemies":"2 Louse","floor":1,"turns":4},{"damage":1,"enemies":"Jaw Worm","floor":2,"turns":4},{"damage":29,"enemies":"3 Sentries","floor":7,"turns":14},{"damage":0,"enemies":"Cultist","floor":11,"turns":3},{"damage":14,"enemies":"Lagavulin","floor":12,"turns":6},{"damage":1,"enemies":"Looter","floor":13,"turns":4},{"damage":0,"enemies":"3 Louse","floor":14,"turns":2},{"damage":2,"enemies":"The Guardian","floor":16,"turns":15},{"damage":0,"enemies":"Chosen","floor":18,"turns":6},{"damage":4,"enemies":"2 Thieves","floor":19,"turns":3},{"damage":11,"enemies":"3 Cultists","floor":22,"turns":8},{"damage":45,"enemies":"Book of Stabbing","floor":25,"turns":8}],"seed_played":"5715245445822017835","potions_obtained":[{"floor":1,"key":"Dexterity Potion"},{"floor":7,"key":"Explosive Potion"},{"floor":12,"key":"Swift Potion"},{"floor":13,"key":"Explosive Potion"}],"is_trial":false,"path_per_floor":["M","M","?","$","?","R","E","R","T","?","M","E","M","M","R","B",null,"M","M","?","$","M","R","?"],"character_chosen":"THE_SILENT","items_purchased":["Dagger Spray","Medical Kit"],"campfire_rested":1,"item_purchase_floors":[4,21],"current_hp_per_floor":[54,53,53,53,53,53,24,43,43,43,43,29,28,28,28,26,56,56,52,52,52,41,41,41,0],"gold":26,"neow_bonus":"","is_prod":false,"is_daily":false,"chose_seed":false,"campfire_upgraded":3,"win_rate":0,"timestamp":1539130935,"path_taken":["M","M","?","$","?","R","E","R","T","?","M","E","M","M","R","BOSS","M","M","?","$","M","R","?","E"],"build_version":"2018-10-04v2","purchased_purges":1,"victory":false,"max_hp_per_floor":[66,66,66,66,66,66,66,66,66,66,66,66,66,66,66,66,66,66,66,66,66,66,66,66,66],"card_choices":[{"not_picked":["Caltrops","Bane"],"picked":"Flying Knee","floor":1},{"not_picked":["Calculated Gamble","Accuracy"],"picked":"Heel Hook","floor":2},{"not_picked":["Deadly Poison","Riddle With Holes"],"picked":"Poisoned Stab","floor":7},{"not_picked":["Concentrate","Deflect"],"picked":"PiercingWail","floor":11},{"not_picked":["Calculated Gamble","Eviscerate"],"picked":"Well Laid Plans","floor":12},{"not_picked":["PiercingWail","Well Laid Plans"],"picked":"Sucker Punch","floor":13},{"not_picked":["Acrobatics","Riddle With Holes"],"picked":"Dodge and Roll","floor":14},{"not_picked":["Tools of the Trade","Burst"],"picked":"Bullet Time","floor":16},{"not_picked":["Quick Slash","Expertise"],"picked":"Dodge and Roll","floor":18},{"not_picked":["Flechettes","Deflect"],"picked":"Dodge and Roll","floor":19},{"not_picked":["Prepared","Deadly Poison"],"picked":"Blade Dance","floor":22}],"player_experience":1397865,"relics_obtained":[{"floor":7,"key":"Pocketwatch"},{"floor":9,"key":"Ornamental Fan"},{"floor":12,"key":"Kunai"}],"event_choices":[{"event_name":"The Cleric","player_choice":"Card Removal","floor":3,"damage_taken":0},{"event_name":"Accursed Blacksmith","player_choice":"Forge","floor":5,"damage_taken":0},{"event_name":"Upgrade Shrine","player_choice":"Upgraded","floor":10,"damage_taken":0},{"event_name":"Upgrade Shrine","player_choice":"Upgraded","floor":20,"damage_taken":0},{"event_name":"N\u0027loth","player_choice":"Traded a Medical Kit","floor":24,"damage_taken":0}],"is_beta":false,"boss_relics":[{"not_picked":["Velvet Choker","Coffee Dripper"],"picked":"Sozu"}],"items_purged_floors":[21],"is_endless":false,"potions_floor_spawned":[1,7,12,13,22],"killed_by":"Book of Stabbing","ascension_level":20}