{"gold_per_floor":[362,378,378,393,239,239,269,269,296,296,35,63,82,112,112,184,184,195,195,214,214],"floor_reached":21,"playtime":907,"items_purged":["Strike_R","Strike_R"],"score":444,"play_id":"74cdfb7c-32a8-433d-bd0a-8eaf336e5bab","local_time":"20181231230055","is_ascension_mode":true,"campfire_choices":[{"data":"Blood for Blood","floor":6.0,"key":"SMITH"},{"data":"Clothesline","floor":10.0,"key":"SMITH"},{"data":"Dual Wield","floor":15.0,"key":"SMITH"}],"neow_cost":"TEN_PERCENT_HP_LOSS","seed_source_timestamp":0,"circlet_count":0,"master_deck":["AscendersBane","Strike_R+1","Defend_R","Defend_R","Bash","Blood for Blood+1","Feel No Pain","Evolve","Clothesline+1","Dual Wield+1","Disarm","True Grit","Feed","Wild Strike+1","Headbutt+1","Feel No Pain+1"],"special_seed":0,"relics":["Burning Blood","PreservedInsect","Anchor","Lantern","Whetstone","Art of War","Astrolabe"],"potions_floor_usage":[],"damage_taken":[{"damage":4.0,"enemies":"Jaw Worm","floor":1.0,"turns":4.0},{"damage":4.0,"enemies":"2 Louse","floor":2.0,"turns":3.0},{"damage":2.0,"enemies":"Cultist","floor":4.0,"turns":4.0},{"damage":10.0,"enemies":"Lagavulin","floor":7.0,"turns":7.0},{"damage":10.0,"enemies":"3 Sentries","floor":12.0,"turns":7.0},{"damage":3.0,"enemies":"Exordium Wildlife","floor":13.0,"turns":4.0},{"damage":0.0,"enemies":"Gremlin Nob","floor":14.0,"turns":3.0},{"damage":20.0,"enemies":"Hexaghost","floor":16.0,"turns":8.0},{"damage":31.0,"enemies":"3 Byrds","floor":18.0,"turns":8.0},{"damage":25,"enemies":"2 Thieves","floor":20,"turns":4},{"damage":12,"enemies":"Centurion and Healer","floor":21,"turns":4}],"seed_played":"-4849178088539722081","potions_obtained":[{"floor":4.0,"key":"Energy Potion"},{"floor":7.0,"key":"Strength Potion"},{"floor":14.0,"key":"Weak Potion"}],"is_trial":false,"path_per_floor":["M","M","?","M","$","R","E","?","T","R","$","E","M","E","R","B",null,"M","?","M","M"],"character_chosen":"IRONCLAD","items_purchased":["Evolve","Dual Wield","Disarm"],"campfire_rested":0,"item_purchase_floors":[5,11,11],"current_hp_per_floor":[68,68,42,46,46,46,42,42,42,42,42,38,41,47,47,33,59,37,37,18,6],"gold":214,"neow_bonus":"TWO_FIFTY_GOLD","is_prod":false,"is_daily":false,"chose_seed":false,"campfire_upgraded":3,"win_rate":0,"timestamp":1546264855,"path_taken":["M","M","?","M","$","R","E","?","T","R","$","E","M","E","R","BOSS","M","?","?","M"],"build_version":"2018-12-20","purchased_purges":2,"victory":false,"max_hp_per_floor":[68,68,68,68,68,68,68,68,68,68,68,68,68,68,68,68,68,71,71,71,71],"card_choices":[{"not_picked":["Pommel Strike","True Grit"],"picked":"Blood for Blood","floor":1.0},{"not_picked":["Shrug It Off","Clash"],"picked":"Feel No Pain","floor":2.0},{"not_picked":["Pommel Strike","Heavy Blade","Anger"],"picked":"SKIP","floor":4.0},{"not_picked":["Pommel Strike","Seeing Red"],"picked":"Clothesline","floor":7.0},{"not_picked":["Anger","Hemokinesis","Carnage"],"picked":"SKIP","floor":12.0},{"not_picked":["Cleave","Rage"],"picked":"True Grit","floor":13.0},{"not_picked":["Pommel Strike","Havoc","Perfected Strike"],"picked":"SKIP","floor":14.0},{"not_picked":["Dark Embrace","Double Tap"],"picked":"Feed","floor":16.0},{"not_picked":["Pommel Strike","Whirlwind","Intimidate"],"picked":"SKIP","floor":18.0},{"not_picked":["Twin Strike","Sword Boomerang","Anger"],"picked":"SKIP","floor":20}],"player_experience":895826,"relics_obtained":[{"floor":7.0,"key":"Anchor"},{"floor":9.0,"key":"Lantern"},{"floor":12.0,"key":"Whetstone"},{"floor":14.0,"key":"Art of War"}],"event_choices":[{"damage_healed":0.0,"max_hp_gain":0.0,"max_hp_loss":0.0,"gold_gain":0.0,"event_name":"Scrap Ooze","player_choice":"Success","floor":3.0,"gold_loss":0.0,"damage_taken":26.0,"relics_obtained":["PreservedInsect"]},{"damage_healed":0.0,"max_hp_gain":0.0,"max_hp_loss":0.0,"gold_gain":0.0,"event_name":"Liars Game","player_choice":"Ignored","floor":8.0,"gold_loss":0.0,"damage_taken":0.0},{"cards_removed":["Strike_R"],"damage_healed":0.0,"max_hp_gain":0.0,"max_hp_loss":0.0,"gold_gain":0.0,"event_name":"Purifier","player_choice":"Purged","floor":19.0,"gold_loss":0.0,"damage_taken":0.0}],"is_beta":false,"boss_relics":[{"not_picked":["Black Star","Black Blood"],"picked":"Astrolabe"}],"items_purged_floors":[5,11],"is_endless":false,"potions_floor_spawned":[4,7,14],"killed_by":"Centurion and Healer","ascension_level":20}