{"gold_per_floor":[366,243,243,266,66,105,105,128,128,149,149,168,186,186,186,315,315,328,349,372,70,85,85,163,163],"floor_reached":25,"playtime":5866,"items_purged":["Strike_G","Strike_G","Strike_G"],"score":205,"play_id":"455cc9c3-ea62-4859-aa7a-6a44674a427c","local_time":"20190128150651","is_ascension_mode":false,"campfire_choices":[{"data":"Noxious Fumes","floor":7,"key":"SMITH"},{"data":"Prepared","floor":11,"key":"SMITH"},{"data":"Neutralize","floor":15,"key":"SMITH"},{"floor":23,"key":"REST"}],"neow_cost":"TEN_PERCENT_HP_LOSS","seed_source_timestamp":157627784192714,"circlet_count":0,"master_deck":["Defend_G","Defend_G","Defend_G","Defend_G","Defend_G","Strike_G","Strike_G","Survivor","Neutralize","Caltrops","Escape Plan","Prepared+1","Noxious Fumes+1","Distraction","Expertise","Prepared","Terror","Neutralize+1","Finisher","After Image","Deflect+1","Calculated Gamble+1","Poisoned Stab","Blade Dance","Bouncing Flask+1"],"relics":["Ring of the Snake","Golden Idol","Ornamental Fan","HoveringKite","Potion Belt","Meat on the Bone"],"potions_floor_usage":[6,10,12,13,13,22,22,22,22,22,22,25],"damage_taken":[{"damage":0,"enemies":"Small Slimes","floor":1,"turns":5},{"damage":1,"enemies":"Jaw Worm","floor":4,"turns":5},{"damage":3,"enemies":"Lagavulin","floor":6,"turns":10},{"damage":0,"enemies":"Cultist","floor":8,"turns":4},{"damage":3,"enemies":"Exordium Thugs","floor":10,"turns":5},{"damage":0,"enemies":"Exordium Wildlife","floor":12,"turns":4},{"damage":0,"enemies":"Red Slaver","floor":13,"turns":4},{"damage":15,"enemies":"Hexaghost","floor":16,"turns":8},{"damage":1,"enemies":"Shell Parasite","floor":18,"turns":7},{"damage":25,"enemies":"Chosen","floor":19,"turns":6},{"damage":28,"enemies":"Centurion and Healer","floor":20,"turns":10},{"damage":0,"enemies":"3 Cultists","floor":22,"turns":5},{"damage":29,"enemies":"Slavers","floor":25,"turns":3}],"seed_played":"-3348303584548411475","potions_obtained":[{"floor":1,"key":"Dexterity Potion"},{"floor":8,"key":"EssenceOfSteel"},{"floor":10,"key":"EssenceOfSteel"},{"floor":12,"key":"Explosive Potion"},{"floor":20,"key":"EntropicBrew"},{"floor":22,"key":"LiquidBronze"}],"is_trial":false,"path_per_floor":["M","$","?","M","$","E","R","M","T","M","R","M","M","?","R","B",null,"M","M","M","$","M","R","T","E"],"character_chosen":"THE_SILENT","items_purchased":["Explosive Potion","Prepared","Noxious Fumes","Potion Belt","Blade Dance"],"campfire_rested":1,"item_purchase_floors":[2,5,5,21,21],"current_hp_per_floor":[63,63,48,47,47,44,44,44,44,41,41,41,41,41,41,26,63,62,37,9,9,9,27,27,0],"gold":163,"neow_bonus":"TWO_FIFTY_GOLD","is_prod":false,"is_daily":false,"chose_seed":false,"campfire_upgraded":3,"win_rate":0,"timestamp":1548688011,"path_taken":["M","$","?","M","$","E","R","M","T","M","R","M","M","?","R","BOSS","M","M","?","$","M","R","?","E"],"build_version":"2019-01-23","purchased_purges":3,"victory":false,"max_hp_per_floor":[63,63,63,63,63,63,63,63,63,63,63,63,63,63,63,63,63,63,63,63,63,63,63,63,63],"card_choices":[{"not_picked":["Dodge and Roll","Dagger Throw"],"picked":"Caltrops","floor":1},{"not_picked":["Sucker Punch","PiercingWail"],"picked":"Escape Plan","floor":4},{"not_picked":["Caltrops","PiercingWail"],"picked":"Distraction","floor":6},{"not_picked":["Bane","Dodge and Roll"],"picked":"Expertise","floor":8},{"not_picked":["Escape Plan","Dagger Throw"],"picked":"Prepared","floor":10},{"not_picked":["Sucker Punch","Blade Dance"],"picked":"Terror","floor":12},{"not_picked":["Well Laid Plans","Dodge and Roll","Eviscerate"],"picked":"SKIP","floor":13},{"not_picked":["Tools of the Trade","Burst"],"picked":"After Image","floor":16},{"not_picked":["Predator","Dash+1"],"picked":"Deflect+1","floor":18},{"not_picked":["Prepared","Riddle With Holes+1"],"picked":"Calculated Gamble+1","floor":19},{"not_picked":["Prepared+1","Quick Slash+1"],"picked":"Poisoned Stab","floor":20},{"not_picked":["Acrobatics+1","Finisher"],"picked":"Bouncing Flask+1","floor":22}],"player_experience":157779,"relics_obtained":[{"floor":6,"key":"Ornamental Fan"},{"floor":24,"key":"Meat on the Bone"}],"event_choices":[{"damage_healed":0,"gold_gain":0,"player_choice":"Take Damage","damage_taken":15,"relics_obtained":["Golden Idol"],"max_hp_gain":0,"max_hp_loss":0,"event_name":"Golden Idol","floor":3,"gold_loss":0},{"damage_healed":0,"gold_gain":0,"player_choice":"2 cards matched","damage_taken":0,"max_hp_gain":0,"max_hp_loss":0,"event_name":"Match and Keep!","floor":14,"gold_loss":0,"cards_obtained":["Neutralize","Finisher"]}],"is_beta":false,"boss_relics":[{"not_picked":["Calling Bell","Coffee Dripper"],"picked":"HoveringKite"}],"items_purged_floors":[2,5,21],"is_endless":false,"potions_floor_spawned":[1,8,10,12,20,22],"killed_by":"Slavers","ascension_level":0}