{"gold_per_floor":[115,130,150,75,93,93,108,108,108,108,124,124,156,156,156,254,254,270,286,2,16,16,16,31,31,31,51,62,62,62,78,78,178,178,191,191,191,228,228,228,245,288,365,382,17,17,17,33,33,33],"floor_reached":50,"playtime":2543,"items_purged":["Defend_B","Parasite","Strike_B"],"score":448,"play_id":"631e7e16-3ddf-467b-bc34-22185c65384e","local_time":"20190118150720","is_ascension_mode":false,"campfire_choices":[{"data":"Zap","floor":6.0,"key":"SMITH"},{"data":"Go for the Eyes","floor":8.0,"key":"SMITH"},{"data":"Hologram","floor":10.0,"key":"SMITH"},{"data":"Defragment","floor":15.0,"key":"SMITH"},{"floor":23.0,"key":"REST"},{"data":"Apotheosis","floor":25.0,"key":"SMITH"},{"data":"Consume","floor":30.0,"key":"SMITH"},{"floor":32.0,"key":"REST"},{"floor":40.0,"key":"REST"},{"floor":49.0,"key":"REST"}],"neow_cost":"NONE","seed_source_timestamp":12928547163221,"circlet_count":0,"master_deck":["Strike_B","Strike_B","Strike_B","Defend_B","Defend_B","Defend_B","Zap+1","Dualcast","Leap","Hologram+1","Reboot","Go for the Eyes+1","Defragment+1","Coolheaded+1","Apotheosis+1","Genetic Algorithm+1","Capacitor","Consume+1","HandOfGreed","Meteor Strike","Defragment+1"],"special_seed":0,"relics":["Nuclear Battery","PreservedInsect","Orichalcum","Sozu","Bag of Marbles","Snecko Eye","Shuriken","Frozen Eye"],"potions_floor_usage":[],"damage_taken":[{"damage":1.0,"enemies":"Cultist","floor":1.0,"turns":4.0},{"damage":1.0,"enemies":"Jaw Worm","floor":2.0,"turns":4.0},{"damage":0.0,"enemies":"2 Louse","floor":3.0,"turns":4.0},{"damage":14.0,"enemies":"Gremlin Gang","floor":5.0,"turns":5.0},{"damage":13.0,"enemies":"Exordium Wildlife","floor":7.0,"turns":5.0},{"damage":4.0,"enemies":"Blue Slaver","floor":11.0,"turns":3.0},{"damage":17.0,"enemies":"Lagavulin","floor":13.0,"turns":6.0},{"damage":27.0,"enemies":"Slime Boss","floor":16.0,"turns":11.0},{"damage":31.0,"enemies":"Spheric Guardian","floor":18.0,"turns":6.0},{"damage":11.0,"enemies":"Chosen","floor":19.0,"turns":6.0},{"damage":16.0,"enemies":"Snake Plant","floor":21.0,"turns":4.0},{"damage":5.0,"enemies":"Snecko","floor":24.0,"turns":7.0},{"damage":6.0,"enemies":"Centurion and Healer","floor":27.0,"turns":7.0},{"damage":0.0,"enemies":"Shelled Parasite and Fungi","floor":28.0,"turns":7.0},{"damage":6.0,"enemies":"Sentry and Sphere","floor":31.0,"turns":5.0},{"damage":22.0,"enemies":"Champ","floor":33.0,"turns":13.0},{"damage":17.0,"enemies":"Orb Walker","floor":35.0,"turns":6.0},{"damage":11.0,"enemies":"3 Darklings","floor":38.0,"turns":6.0},{"damage":0.0,"enemies":"Writhing Mass","floor":41.0,"turns":7.0},{"damage":22.0,"enemies":"Maw","floor":42.0,"turns":12.0},{"damage":7.0,"enemies":"Sphere and 2 Shapes","floor":44.0,"turns":6.0},{"damage":21.0,"enemies":"Spire Growth","floor":48.0,"turns":6.0},{"damage":46,"enemies":"Time Eater","floor":50,"turns":7}],"seed_played":"-1618503273289466629","potions_obtained":[{"floor":5.0,"key":"SteroidPotion"},{"floor":16.0,"key":"Regen Potion"}],"is_trial":false,"path_per_floor":["M","M","M","$","M","R","M","R","T","R","M","?","E","?","R","B",null,"M","M","$","M","$","R","M","R","T","M","M","?","R","M","R","B",null,"M","?","?","M","?","R","M","M","T","M","$","?","?","M","R","B"],"character_chosen":"DEFECT","items_purchased":["Apotheosis","Defragment","Frozen Eye"],"campfire_rested":4,"item_purchase_floors":[20,45,45],"current_hp_per_floor":[74,73,73,73,59,59,46,46,46,46,42,60,43,43,43,16,75,44,33,33,29,29,50,45,45,45,39,39,32,32,26,47,25,72,55,55,55,44,44,65,65,43,43,36,36,36,36,15,35,0],"gold":33,"neow_bonus":"BOSS_RELIC","is_prod":false,"is_daily":false,"chose_seed":false,"campfire_upgraded":6,"win_rate":0,"timestamp":1547820440,"path_taken":["M","?","M","$","M","R","M","R","T","R","M","?","E","?","R","BOSS","M","M","$","?","$","R","M","R","T","M","M","?","R","?","R","BOSS","M","?","?","M","?","R","M","M","T","M","$","?","?","?","R","BOSS"],"build_version":"2019-01-17v2","purchased_purges":3,"victory":false,"max_hp_per_floor":[75,75,75,75,75,75,75,75,75,75,75,75,75,75,75,75,75,75,75,72,72,72,72,72,72,72,72,72,72,72,72,72,72,72,72,72,72,72,72,72,72,72,72,72,72,68,68,68,68,68],"card_choices":[{"not_picked":["Coolheaded","Chaos"],"picked":"Leap","floor":1.0},{"not_picked":["Cold Snap","Double Energy"],"picked":"Hologram","floor":2.0},{"not_picked":["Barrage","Rebound","Sweeping Beam"],"picked":"SKIP","floor":3.0},{"not_picked":["Melter","Stack"],"picked":"Reboot","floor":5.0},{"not_picked":["Streamline","Tempest"],"picked":"Go for the Eyes","floor":7.0},{"not_picked":["Steam","Rebound","Compile Driver"],"picked":"SKIP","floor":11.0},{"not_picked":["Ball Lightning","Cold Snap"],"picked":"Defragment","floor":13.0},{"not_picked":["Melter","Go for the Eyes+1"],"picked":"Coolheaded+1","floor":18.0},{"not_picked":["Streamline+1","Aggregate","Steam+1"],"picked":"SKIP","floor":19.0},{"not_picked":["Beam Cell","Hologram"],"picked":"Genetic Algorithm+1","floor":21.0},{"not_picked":["Rebound+1","Ball Lightning"],"picked":"Capacitor","floor":24.0},{"not_picked":["Leap","Ball Lightning+1","Blizzard"],"picked":"SKIP","floor":27.0},{"not_picked":["Leap","Scrape"],"picked":"Consume","floor":28.0},{"not_picked":["Auto Shields","Amplify","Recycle"],"picked":"SKIP","floor":31.0},{"not_picked":["Beam Cell+1","Turbo","Rebound"],"picked":"SKIP","floor":35.0},{"not_picked":["PanicButton","Dark Shackles"],"picked":"HandOfGreed","floor":37.0},{"not_picked":["Go for the Eyes+1","Turbo+1","Leap"],"picked":"SKIP","floor":38.0},{"not_picked":["Double Energy+1","Sweeping Beam","Reprogram"],"picked":"SKIP","floor":41.0},{"not_picked":["Turbo+1","Stack+1"],"picked":"Meteor Strike","floor":42.0},{"not_picked":["Streamline+1","Turbo","Conserve Battery+1"],"picked":"SKIP","floor":44.0},{"not_picked":["Turbo","Sweeping Beam","Cold Snap"],"picked":"SKIP","floor":48.0}],"player_experience":390009,"relics_obtained":[{"floor":9.0,"key":"PreservedInsect"},{"floor":13.0,"key":"Orichalcum"},{"floor":26.0,"key":"Bag of Marbles"},{"floor":43.0,"key":"Shuriken"}],"event_choices":[{"damage_healed":18.0,"max_hp_gain":0.0,"max_hp_loss":0.0,"gold_gain":0.0,"event_name":"Mushrooms","player_choice":"Healed and dodged fight","floor":12.0,"gold_loss":0.0,"damage_taken":0.0,"cards_obtained":["Parasite"]},{"damage_healed":0.0,"max_hp_gain":0.0,"max_hp_loss":0.0,"gold_gain":0.0,"event_name":"NoteForYourself","player_choice":"Ignored","floor":14.0,"gold_loss":0.0,"damage_taken":0.0},{"damage_healed":0.0,"max_hp_gain":0.0,"max_hp_loss":0.0,"gold_gain":0.0,"event_name":"Knowing Skull","player_choice":"","floor":29.0,"potions_obtained":[],"gold_loss":0.0,"damage_taken":7.0,"cards_obtained":[]},{"damage_healed":0.0,"max_hp_gain":0.0,"max_hp_loss":0.0,"gold_gain":0.0,"event_name":"Tomb of Lord Red Mask","player_choice":"Ignored","floor":36.0,"gold_loss":0.0,"damage_taken":0.0},{"damage_healed":0.0,"max_hp_gain":0.0,"max_hp_loss":0.0,"gold_gain":0.0,"event_name":"SensoryStone","player_choice":"Memory 1","floor":37.0,"gold_loss":0.0,"damage_taken":0.0},{"damage_healed":0.0,"max_hp_gain":0.0,"max_hp_loss":0.0,"gold_gain":0.0,"event_name":"Mysterious Sphere","player_choice":"Ignored","floor":39.0,"gold_loss":0.0,"damage_taken":0.0},{"damage_healed":0.0,"max_hp_gain":0.0,"max_hp_loss":4.0,"gold_gain":0.0,"event_name":"Winding Halls","player_choice":"Max HP","floor":46.0,"gold_loss":0.0,"damage_taken":0.0},{"damage_healed":0.0,"max_hp_gain":0.0,"max_hp_loss":0.0,"gold_gain":0.0,"event_name":"Accursed Blacksmith","player_choice":"Forge","floor":47.0,"gold_loss":0.0,"damage_taken":0.0,"cards_upgraded":["Defragment"]}],"is_beta":false,"boss_relics":[{"not_picked":["Calling Bell","Tiny House"],"picked":"Sozu"},{"not_picked":["Fusion Hammer","Pandora\u0027s Box"],"picked":"Snecko Eye"}],"items_purged_floors":[4,20,45],"is_endless":false,"potions_floor_spawned":[5,16,18,24,27,33,38,42],"killed_by":"Time Eater","ascension_level":0}