{"path_per_floor":["M","?","T","M","$","R","M","R","T","R","M","M","$","M","R","B",null,"M","?","$","M","M","R","E","R","T","R","M","?","?","M","R","B",null,"M","M","$","?","?","R","M","M","T","R","M","M","?","M","R"],"character_chosen":"IRONCLAD","items_purchased":["Flex","Swift Strike","Inflame","Flex","Pummel","Vajra"],"gold_per_floor":[116,96,149,161,16,16,30,30,30,30,43,56,56,70,70,174,174,163,213,44,60,73,73,106,106,106,106,125,125,125,143,143,241,241,259,275,50,0,0,0,12,28,81,81,94,113,113,131,131],"floor_reached":50,"campfire_rested":4,"playtime":3985,"current_hp_per_floor":[80,80,80,80,80,80,80,80,80,80,74,72,72,78,78,53,80,59,59,59,65,52,52,28,52,52,52,59,59,59,63,63,56,80,66,21,21,21,21,45,42,16,16,40,27,46,46,28,52],"items_purged":["Strike_R"],"gold":131,"score":457,"play_id":"0646f111-93c3-4773-866e-bee40c0d4d0b","local_time":"20180305191809","is_prod":false,"is_daily":false,"is_ascension_mode":false,"campfire_upgraded":7,"timestamp":1520273889,"path_taken":["M","?","?","M","$","R","M","R","T","R","?","M","$","M","R","BOSS","M","?","$","M","?","R","E","R","T","R","M","?","?","M","R","BOSS","M","M","$","?","?","R","M","M","T","R","M","M","?","M","R","BOSS"],"build_version":"2018-03-01-PROD1","purchased_purges":1,"victory":false,"master_deck":["Strike_R","Strike_R","Strike_R","Strike_R","Defend_R","Defend_R+1","Defend_R+1","Defend_R","Bash","Twin Strike","Cleave","Cleave","Flex+1","Swift Strike+1","Flex+1","Intimidate","Spot Weakness+1","Limit Break+1","Armaments+1","Inflame+1","Flex","Pummel","Shrug It Off","Headbutt","Shrug It Off","Headbutt","Limit Break+1","Demon Form+1","Limit Break","Cleave+1","Flex+1","Flex+1"],"max_hp_per_floor":[80,80,80,80,80,80,80,80,80,80,80,80,80,80,80,80,80,80,80,80,80,80,80,80,80,80,80,80,80,80,80,80,80,80,80,80,80,80,80,80,80,80,80,80,80,80,80,80,80],"relics":["Burning Blood","War Paint","Bird Faced Urn","Runic Pyramid","Ice Cream","Thread and Needle","Lizard Tail","Vajra","Red Mask","Lantern"],"card_choices":[{"not_picked":["Evolve","Cleave"],"picked":"Twin Strike"},{"not_picked":["Clothesline","Warcry"],"picked":"Cleave"},{"not_picked":["Thunderclap","Combust"],"picked":"Cleave"},{"not_picked":["Anger","Heavy Blade"],"picked":"Flex"},{"not_picked":["Burning Pact","True Grit"],"picked":"Intimidate"},{"not_picked":["Clothesline","Warcry"],"picked":"Iron Wave"},{"not_picked":["Clash","Rage"],"picked":"Spot Weakness"},{"not_picked":["Impervious","Dark Embrace"],"picked":"Limit Break"},{"not_picked":["Wild Strike","Body Slam"],"picked":"Armaments"},{"not_picked":["Second Wind","Clash"],"picked":"Shrug It Off"},{"not_picked":["Rampage","Whirlwind"],"picked":"Headbutt"},{"not_picked":["Thunderclap","Wild Strike"],"picked":"Shrug It Off"},{"not_picked":["Warcry","Perfected Strike"],"picked":"Headbutt"},{"not_picked":["Clash","Cleave"],"picked":"Demon Form"},{"not_picked":["Impervious","Feed"],"picked":"Limit Break"},{"not_picked":["Clothesline","Pommel Strike"],"picked":"Cleave"},{"not_picked":["Infernal Blade","Body Slam"],"picked":"Flex"},{"not_picked":["Rampage","Warcry"],"picked":"Flex"}],"player_experience":37911,"potions_floor_usage":[21,24,28,31,33,33,46,48,50],"damage_taken":[{"damage":1.0,"enemies":"Cultist","floor":1.0,"turns":3.0},{"damage":0.0,"enemies":"Jaw Worm","floor":4.0,"turns":3.0},{"damage":1.0,"enemies":"2 Louse","floor":7.0,"turns":2.0},{"damage":12.0,"enemies":"Gremlin Gang","floor":11.0,"turns":2.0},{"damage":8.0,"enemies":"Red Slaver","floor":12.0,"turns":3.0},{"damage":0.0,"enemies":"Large Slime","floor":14.0,"turns":4.0},{"damage":43.0,"enemies":"The Guardian","floor":16.0,"turns":7.0},{"damage":27.0,"enemies":"2 Thieves","floor":18.0,"turns":4.0},{"damage":0,"enemies":"Spheric Guardian","floor":21,"turns":3},{"damage":21,"enemies":"Centurion and Healer","floor":22,"turns":6},{"damage":32,"enemies":"Gremlin Leader","floor":24,"turns":6},{"damage":1,"enemies":"Cultist and Chosen","floor":28,"turns":4},{"damage":2,"enemies":"Snake Plant","floor":31,"turns":4},{"damage":15,"enemies":"Automaton","floor":33,"turns":6},{"damage":20,"enemies":"Orb Walker","floor":35,"turns":4},{"damage":51,"enemies":"3 Darklings","floor":36,"turns":6},{"damage":11,"enemies":"Maw","floor":41,"turns":5},{"damage":32,"enemies":"4 Shapes","floor":42,"turns":4},{"damage":21,"enemies":"3 Darklings","floor":45,"turns":5},{"damage":29,"enemies":"Sphere and 2 Shapes","floor":46,"turns":5},{"damage":24,"enemies":"4 Shapes","floor":48,"turns":4},{"damage":52,"enemies":"Time Eater","floor":50,"turns":6}],"event_choices":[{"event_name":"The Woman in Blue","player_choice":"Bought 1 Potion","floor":2.0,"damage_taken":0.0},{"event_name":"The Joust","player_choice":"Bet on Murderer","floor":19.0,"damage_taken":0.0},{"event_name":"Duplicator","player_choice":"One dupe","floor":29,"damage_taken":0},{"event_name":"Vampires","player_choice":"Ignored","floor":30,"damage_taken":0},{"event_name":"Tomb of Lord Red Mask","player_choice":"Paid","floor":38,"damage_taken":0},{"event_name":"Mysterious Sphere","player_choice":"Ignore","floor":47,"damage_taken":0}],"boss_relics":[{"not_picked":["Runic Dome","Eternal Feather"],"picked":"Lizard Tail"}],"potions_floor_spawned":[11,14,16,22,24,28,31,41,45,46],"seed_played":"-4421087891467399597","killed_by":"Time Eater","ascension_level":0,"is_trial":false}