{"gold_per_floor":[118,118,118,134,64,64,27,27,50,27,2,18,18,48,48,147,147,164,164,49,64,74,74,84,84,130,147,147,165,165,195,195,292,292,308,19,19,19,0,0,0,0,0,0,13,13,29,29],"floor_reached":48,"playtime":1534,"items_purged":[],"score":790,"play_id":"04d5a455-b601-4d92-bae5-6f54682ef542","local_time":"20180928150055","is_ascension_mode":true,"campfire_choices":[{"data":"Accuracy","floor":6,"key":"SMITH"},{"data":"Footwork","floor":8,"key":"SMITH"},{"data":"Cloak And Dagger","floor":13,"key":"SMITH"},{"data":"Terror","floor":15,"key":"SMITH"},{"data":"Accuracy","floor":23,"key":"SMITH"},{"floor":25,"key":"REST"},{"floor":32,"key":"REST"},{"data":"Leg Sweep","floor":40,"key":"SMITH"},{"floor":42,"key":"REST"},{"data":"J.A.X.","floor":44,"key":"SMITH"}],"neow_cost":"NONE","seed_source_timestamp":12411640314741,"circlet_count":0,"master_deck":["Defend_G","Defend_G","Defend_G","Defend_G","Defend_G","Strike_G","Strike_G","Survivor","Neutralize+1","AscendersBane","Accuracy+1","Deflect","Infinite Blades","Footwork+1","Cloak And Dagger+1","Accuracy+1","Terror+1","Dash","J.A.X.+1","Backstab","After Image","Leg Sweep+1","Blind","Backstab","Finesse"],"relics":["Ring of the Snake","Oddly Smooth Stone","Vajra","The Courier","Empty Cage","PreservedInsect","Anchor","Juzu Bracelet","WristBlade","Bronze Scales","Red Mask","Turnip"],"potions_floor_usage":[31,48,48],"damage_taken":[{"damage":3,"enemies":"Jaw Worm","floor":1,"turns":5},{"damage":0,"enemies":"2 Louse","floor":4,"turns":5},{"damage":7,"enemies":"Cultist","floor":12,"turns":4},{"damage":0,"enemies":"Lagavulin","floor":14,"turns":7},{"damage":13,"enemies":"The Guardian","floor":16,"turns":8},{"damage":3,"enemies":"Shell Parasite","floor":18,"turns":6},{"damage":0,"enemies":"Spheric Guardian","floor":21,"turns":4},{"damage":13,"enemies":"Shelled Parasite and Fungi","floor":22,"turns":8},{"damage":17,"enemies":"Snake Plant","floor":24,"turns":5},{"damage":7,"enemies":"Cultist and Chosen","floor":27,"turns":8},{"damage":5,"enemies":"Centurion and Healer","floor":29,"turns":6},{"damage":3,"enemies":"Gremlin Leader","floor":31,"turns":4},{"damage":102,"enemies":"Automaton","floor":33,"turns":13},{"damage":11,"enemies":"3 Shapes","floor":35,"turns":6},{"damage":32,"enemies":"3 Darklings","floor":45,"turns":5},{"damage":3,"enemies":"Maw","floor":47,"turns":8},{"damage":34,"enemies":"Nemesis","floor":48,"turns":7}],"seed_played":"-6227520644658317110","potions_obtained":[{"floor":1,"key":"Fire Potion"},{"floor":4,"key":"Strength Potion"},{"floor":16,"key":"FairyPotion"},{"floor":33,"key":"SkillPotion"}],"is_trial":false,"path_per_floor":["M","?","?","M","$","R","$","R","T","$","?","M","R","E","R","B",null,"M","?","$","M","M","R","M","R","T","M","?","M","?","E","R","B",null,"M","$","?","?","?","R","$","R","T","R","M","?","M"],"character_chosen":"THE_SILENT","items_purchased":["Infinite Blades","Footwork","Cloak And Dagger","PreservedInsect","Bronze Scales","Leg Sweep","Blind","Strength Potion"],"campfire_rested":3,"item_purchase_floors":[5,7,10,20,36,36,36,36],"current_hp_per_floor":[60,65,65,65,65,65,65,65,65,65,65,58,58,58,58,45,68,65,65,65,65,52,52,35,57,57,50,50,45,45,42,64,7,58,47,47,47,47,47,47,47,69,69,69,37,37,34,0],"gold":29,"neow_bonus":"UPGRADE_CARD","is_prod":false,"is_daily":false,"chose_seed":false,"campfire_upgraded":7,"win_rate":0,"timestamp":1538139655,"path_taken":["M","?","?","M","$","R","$","R","T","$","?","M","R","E","R","BOSS","M","?","$","M","?","R","?","R","T","M","?","?","?","E","R","BOSS","M","$","?","?","?","R","$","R","T","R","M","?","M","E"],"build_version":"2018-09-27","purchased_purges":0,"victory":false,"max_hp_per_floor":[70,75,75,75,75,75,75,75,75,75,75,75,75,75,75,75,75,75,75,75,75,75,75,75,75,75,75,75,75,75,75,75,75,75,75,75,75,75,75,75,75,75,75,75,75,75,75,75],"card_choices":[{"not_picked":["Caltrops","Crippling Poison"],"picked":"Accuracy","floor":1},{"not_picked":["Flying Knee","Sucker Punch"],"picked":"Deflect","floor":4},{"not_picked":["Dagger Spray","Bouncing Flask"],"picked":"Accuracy","floor":12},{"not_picked":["Acrobatics","Die Die Die"],"picked":"Terror","floor":14},{"not_picked":["Bane","All Out Attack","Dagger Spray"],"picked":"SKIP","floor":18},{"not_picked":["Poisoned Stab","Sucker Punch","Heel Hook"],"picked":"SKIP","floor":21},{"not_picked":["Deadly Poison","Poisoned Stab+1"],"picked":"Dash","floor":22},{"not_picked":["Terror+1","Prepared","Choke"],"picked":"SKIP","floor":24},{"not_picked":["Dagger Throw+1","Acrobatics","Accuracy"],"picked":"SKIP","floor":27},{"not_picked":["Backflip","Outmaneuver"],"picked":"Backstab","floor":29},{"not_picked":["Dagger Throw","Concentrate","Flying Knee"],"picked":"SKIP","floor":31},{"not_picked":["Night Terror","Storm of Steel"],"picked":"After Image","floor":33},{"not_picked":["Quick Slash","Deflect","Acrobatics"],"picked":"SKIP","floor":35},{"not_picked":["PanicButton","Enlightenment"],"picked":"Finesse","floor":38},{"not_picked":["Finisher","Flechettes+1","Outmaneuver"],"picked":"SKIP","floor":45},{"not_picked":["Outmaneuver","Skewer","Bane"],"picked":"SKIP","floor":47}],"player_experience":729919,"relics_obtained":[{"floor":9,"key":"Vajra"},{"floor":14,"key":"The Courier"},{"floor":26,"key":"Anchor"},{"floor":31,"key":"Juzu Bracelet"},{"floor":43,"key":"Turnip"}],"event_choices":[{"event_name":"Big Fish","player_choice":"Donut","floor":2,"damage_taken":0},{"event_name":"WeMeetAgain","player_choice":"Potion","floor":3,"damage_taken":0},{"event_name":"World of Goop","player_choice":"Left","floor":11,"damage_taken":0},{"event_name":"Bonfire Elementals","player_choice":"BASIC","floor":19,"damage_taken":0},{"event_name":"Drug Dealer","player_choice":"Got JAX","floor":28,"damage_taken":0},{"event_name":"Cursed Tome","player_choice":"Ignored","floor":30,"damage_taken":0},{"event_name":"Match and Keep!","player_choice":"1 cards matched","floor":37,"damage_taken":0},{"event_name":"SensoryStone","player_choice":"Memory 1","floor":38,"damage_taken":0},{"event_name":"Tomb of Lord Red Mask","player_choice":"Paid","floor":39,"damage_taken":0},{"event_name":"SecretPortal","player_choice":"Rejected Portal.","floor":46,"damage_taken":0}],"is_beta":false,"boss_relics":[{"not_picked":["Calling Bell","White Beast Statue"],"picked":"Empty Cage"},{"not_picked":["Orrery","Eternal Feather"],"picked":"WristBlade"}],"items_purged_floors":[],"is_endless":false,"potions_floor_spawned":[1,4,16,21,24,27,33,45],"killed_by":"Nemesis","ascension_level":12}