{"gold_per_floor":[109,34,53,30,44,44,55,55,81,81,81,102,102,102,114,245,257,283,295,149,173,173,173,196,196,222,243,268,312,333,356,356,484,484,504,518,18,18,44,75,88,88,88,106,150,150,150,165,165,165],"floor_reached":51,"playtime":2946,"items_purged":["Defend_B","Turbo"],"score":719,"play_id":"3a21a89c-4610-472b-bddd-022c8a299d30","local_time":"20181023223456","is_ascension_mode":false,"campfire_choices":[{"data":"Zap","floor":6,"key":"SMITH"},{"data":"Dualcast","floor":8,"key":"SMITH"},{"floor":13,"key":"REST"},{"data":"FTL","floor":15,"key":"SMITH"},{"data":"Beam Cell","floor":23,"key":"SMITH"},{"floor":25,"key":"REST"},{"floor":32,"key":"REST"},{"floor":42,"key":"REST"},{"floor":46,"key":"REST"},{"floor":49,"key":"REST"}],"neow_cost":"NONE","seed_source_timestamp":1052489253707645,"circlet_count":0,"master_deck":["Zap+1","Dualcast+1","All For One","Turbo","FTL+1","Sunder+1","Beam Cell+1","Sweeping Beam","Rebound","Seek","Electrodynamics","Finesse","Hologram+1","Go for the Eyes","Redo","Conserve Battery","Rainbow","Machine Learning","Recycle","Streamline","Gash","Lockon","Stack","Beam Cell+1","Apotheosis","Jack Of All Trades","Madness","Gash+1","Redo+1","Buffer","Chill","Beam Cell+1"],"relics":["Cracked Core","Bag of Preparation","Golden Idol","MawBank","Nuclear Battery","Vajra","Art of War","Pandora\u0027s Box","Regal Pillow","Bag of Marbles","Potion Belt","Dream Catcher","Blood Vial"],"potions_floor_usage":[16,18,29,30,30,33,45,50,50],"damage_taken":[{"damage":6,"enemies":"2 Louse","floor":1,"turns":3},{"damage":3,"enemies":"Jaw Worm","floor":3,"turns":3},{"damage":7,"enemies":"Small Slimes","floor":5,"turns":2},{"damage":5,"enemies":"3 Louse","floor":7,"turns":2},{"damage":0,"enemies":"Large Slime","floor":12,"turns":3},{"damage":8,"enemies":"Slime Boss","floor":16,"turns":5},{"damage":0,"enemies":"Spheric Guardian","floor":18,"turns":3},{"damage":18,"enemies":"2 Thieves","floor":21,"turns":3},{"damage":5,"enemies":"Chosen and Byrds","floor":24,"turns":3},{"damage":18,"enemies":"Snake Plant","floor":27,"turns":3},{"damage":0,"enemies":"3 Cultists","floor":28,"turns":2},{"damage":1,"enemies":"Slavers","floor":29,"turns":2},{"damage":7,"enemies":"Shelled Parasite and Fungi","floor":30,"turns":3},{"damage":0,"enemies":"Centurion and Healer","floor":31,"turns":2},{"damage":32,"enemies":"Collector","floor":33,"turns":6},{"damage":19,"enemies":"3 Darklings","floor":35,"turns":2},{"damage":0,"enemies":"3 Shapes","floor":36,"turns":3},{"damage":16,"enemies":"Giant Head","floor":40,"turns":7},{"damage":4,"enemies":"Transient","floor":41,"turns":5},{"damage":8,"enemies":"Sphere and 2 Shapes","floor":44,"turns":4},{"damage":46,"enemies":"Reptomancer","floor":45,"turns":4},{"damage":0,"enemies":"Spire Growth","floor":48,"turns":3},{"damage":16,"enemies":"Donu and Deca","floor":50,"turns":7}],"seed_played":"77441550859158746","potions_obtained":[{"floor":7,"key":"Dexterity Potion"},{"floor":12,"key":"Block Potion"},{"floor":16,"key":"SkillPotion"},{"floor":27,"key":"SneckoOil"},{"floor":29,"key":"GamblersBrew"},{"floor":31,"key":"Energy Potion"},{"floor":40,"key":"SpeedPotion"},{"floor":44,"key":"Strength Potion"},{"floor":45,"key":"Block Potion"}],"is_trial":false,"path_per_floor":["M","$","M","$","M","R","M","R","T","?","?","M","R","?","R","B",null,"M","?","$","M","?","R","M","R","T","M","M","E","M","M","R","B",null,"M","M","$","?","T","E","M","R","T","M","E","R","?","M","R","B"],"character_chosen":"DEFECT","items_purchased":["FTL","Beam Cell","Finesse","Apotheosis","Jack Of All Trades","Regal Pillow"],"campfire_rested":6,"item_purchase_floors":[2,4,20,37,37,37],"current_hp_per_floor":[69,69,66,66,59,59,54,54,54,47,47,47,67,60,60,52,69,69,69,69,51,51,51,46,66,66,48,48,47,40,40,60,28,69,50,50,50,50,50,34,30,65,65,57,11,46,46,48,66,50],"gold":165,"neow_bonus":"ONE_RANDOM_RARE_CARD","is_prod":false,"is_daily":false,"chose_seed":false,"campfire_upgraded":4,"win_rate":0.0,"timestamp":1540287296,"path_taken":["M","$","M","$","M","R","M","R","T","?","?","M","R","?","R","BOSS","M","?","$","M","?","R","M","R","T","M","?","E","?","M","R","BOSS","M","M","$","?","?","E","M","R","T","?","E","R","?","M","R","BOSS"],"build_version":"2018-10-18","purchased_purges":2,"victory":true,"max_hp_per_floor":[75,75,75,75,75,75,75,75,75,75,69,69,69,69,69,69,69,69,69,69,69,69,69,69,69,69,69,69,69,69,69,69,69,69,69,69,69,69,69,69,69,69,69,69,69,69,66,66,66,66],"card_choices":[{"not_picked":["Hologram","Ball Lightning"],"picked":"Turbo","floor":1},{"not_picked":["Reinforced Body","Glacier"],"picked":"Sunder","floor":3},{"not_picked":["Stack","Compile Driver"],"picked":"Sweeping Beam","floor":5},{"not_picked":["Turbo","Blizzard","Lockon"],"picked":"SKIP","floor":7},{"not_picked":["Loop","Leap"],"picked":"Rebound","floor":12},{"not_picked":["Fission","Multi-Cast"],"picked":"Seek","floor":16},{"not_picked":["Cold Snap","Turbo"],"picked":"Stack","floor":18},{"not_picked":["Auto Shields","Cold Snap"],"picked":"Hologram+1","floor":21},{"not_picked":["Steam","Biased Cognition","Compile Driver"],"picked":"SKIP","floor":24},{"not_picked":["Turbo","Sunder"],"picked":"Go for the Eyes","floor":27},{"not_picked":["Force Field+1","Stack"],"picked":"Redo","floor":28},{"not_picked":["Hyperbeam","Rebound+1"],"picked":"Conserve Battery","floor":29},{"not_picked":["Steam","Ball Lightning+1"],"picked":"Rainbow","floor":30},{"not_picked":["Fusion+1","Leap","Cold Snap+1"],"picked":"SKIP","floor":31},{"not_picked":["Core Surge","Biased Cognition"],"picked":"Machine Learning","floor":33},{"not_picked":["Storm","Reinforced Body","Turbo+1"],"picked":"SKIP","floor":35},{"not_picked":["Darkness","Barrage"],"picked":"Beam Cell+1","floor":36},{"not_picked":["Magnetism","Jack Of All Trades"],"picked":"Madness","floor":38},{"not_picked":["Sweeping Beam","Recycle+1","BootSequence+1"],"picked":"SKIP","floor":40},{"not_picked":["Barrage+1","Streamline"],"picked":"Gash+1","floor":41},{"not_picked":["Recycle+1","Coolheaded+1"],"picked":"Redo+1","floor":44},{"not_picked":["Go for the Eyes","Coolheaded+1"],"picked":"Buffer","floor":45},{"not_picked":["Beam Cell","Ball Lightning"],"picked":"Chill","floor":48},{"not_picked":["Sweeping Beam","Buffer"],"picked":"Beam Cell+1","floor":49}],"player_experience":207320,"relics_obtained":[{"floor":9,"key":"Bag of Preparation"},{"floor":26,"key":"Vajra"},{"floor":29,"key":"Art of War"},{"floor":39,"key":"Bag of Marbles"},{"floor":40,"key":"Potion Belt"},{"floor":43,"key":"Dream Catcher"},{"floor":45,"key":"Blood Vial"}],"event_choices":[{"cards_removed":["Strike_B"],"damage_healed":0,"gold_gain":0,"player_choice":"Card Removal","damage_taken":7,"max_hp_gain":0,"max_hp_loss":0,"event_name":"Golden Wing","floor":10,"gold_loss":0},{"damage_healed":0,"gold_gain":0,"player_choice":"Lose Max HP","damage_taken":0,"relics_obtained":["Golden Idol"],"max_hp_gain":0,"max_hp_loss":6,"event_name":"Golden Idol","floor":11,"gold_loss":0},{"damage_healed":0,"gold_gain":0,"player_choice":"Success","damage_taken":7,"relics_obtained":["MawBank"],"max_hp_gain":0,"max_hp_loss":0,"event_name":"Scrap Ooze","floor":14,"gold_loss":0},{"damage_healed":0,"gold_gain":0,"cards_transformed":["Stack"],"player_choice":"Transformed","damage_taken":0,"max_hp_gain":0,"max_hp_loss":0,"event_name":"Transmorgrifier","floor":19,"gold_loss":0,"cards_obtained":["Electrodynamics"]},{"damage_healed":0,"gold_gain":0,"player_choice":"Forge","damage_taken":0,"max_hp_gain":0,"max_hp_loss":0,"event_name":"Accursed Blacksmith","floor":22,"gold_loss":0,"cards_upgraded":["Sunder"]},{"damage_healed":0,"gold_gain":0,"player_choice":"Memory 1","damage_taken":0,"max_hp_gain":0,"max_hp_loss":0,"event_name":"SensoryStone","floor":38,"gold_loss":0},{"damage_healed":0,"gold_gain":0,"player_choice":"Max HP","damage_taken":0,"max_hp_gain":0,"max_hp_loss":3,"event_name":"Winding Halls","floor":47,"gold_loss":0}],"is_beta":false,"boss_relics":[{"not_picked":["White Beast Statue","Snecko Eye"],"picked":"Nuclear Battery"},{"not_picked":["Lizard Tail","Runic Pyramid"],"picked":"Pandora\u0027s Box"}],"items_purged_floors":[20,37],"is_endless":false,"potions_floor_spawned":[7,12,16,27,29,31,40,44,45],"ascension_level":0}