{"gold_per_floor":[117,67,80,97,97,97,126,126,126,126,6,18,36,36,36,142,142,144,243,243,260,260,260,293,293],"floor_reached":25,"playtime":845,"items_purged":["Defend_B"],"score":409,"play_id":"b64a8bc3-5d5a-457b-b105-816759b5613d","local_time":"20180704220137","is_ascension_mode":true,"campfire_choices":[{"data":"Streamline","floor":6,"key":"SMITH"},{"data":"Go for the Eyes","floor":8,"key":"SMITH"},{"data":"Coolheaded","floor":10,"key":"SMITH"},{"data":"Stack","floor":15,"key":"SMITH"},{"data":"Ghostly","floor":23,"key":"SMITH"}],"neow_cost":"NONE","seed_source_timestamp":9880521920035,"circlet_count":0,"master_deck":["Strike_B","Strike_B","Strike_B","Defend_B","Defend_B","Defend_B","Zap","Dualcast","AscendersBane","Go for the Eyes+1","Coolheaded+1","Streamline+1","Leap","Stack+1","Darkness","Stack","HandOfGreed","Multi-Cast","Stack+1","Ghostly+1","Ghostly+1","Ghostly","Ghostly","Ghostly","Coolheaded","Glacier+1"],"relics":["Coffee Dripper","Incense Burner","Du-Vu Doll","Runic Dome"],"potions_floor_usage":[7,7,25],"damage_taken":[{"damage":9,"enemies":"Small Slimes","floor":1,"turns":3},{"damage":4,"enemies":"2 Louse","floor":3,"turns":2},{"damage":0,"enemies":"Cultist","floor":4,"turns":5},{"damage":0,"enemies":"Lagavulin","floor":7,"turns":7},{"damage":0,"enemies":"Lots of Slimes","floor":12,"turns":5},{"damage":4,"enemies":"Blue Slaver","floor":13,"turns":4},{"damage":3,"enemies":"Slime Boss","floor":16,"turns":13},{"damage":11,"enemies":"2 Thieves","floor":18,"turns":4},{"damage":2,"enemies":"Spheric Guardian","floor":21,"turns":5},{"damage":15,"enemies":"Centurion and Healer","floor":24,"turns":9},{"damage":34,"enemies":"Gremlin Leader","floor":25,"turns":7}],"seed_played":"-3745364472551136539","potions_obtained":[{"floor":3,"key":"EssenceOfSteel"},{"floor":5,"key":"Dexterity Potion"},{"floor":24,"key":"Fruit Juice"}],"is_trial":false,"path_per_floor":["M","?","M","M","?","R","E","R","T","R","$","M","M","?","R","B",null,"M","?","?","M","?","R","M"],"character_chosen":"DEFECT","items_purchased":["Stack"],"campfire_rested":0,"item_purchase_floors":[11],"current_hp_per_floor":[55,55,51,51,51,51,51,51,51,51,51,51,47,47,47,44,64,53,53,35,33,33,33,18,0],"gold":293,"neow_bonus":"BOSS_RELIC","is_prod":false,"is_daily":false,"chose_seed":false,"campfire_upgraded":5,"win_rate":0,"timestamp":1530766897,"path_taken":["M","?","?","?","?","R","E","R","T","R","$","M","M","?","R","BOSS","M","?","?","?","?","R","M","E"],"build_version":"2018-07-03","purchased_purges":1,"victory":false,"max_hp_per_floor":[71,71,71,71,71,71,71,71,71,71,71,71,71,71,71,71,71,71,71,35,35,35,35,35,40],"card_choices":[{"not_picked":["Ball Lightning","Turbo"],"picked":"Go for the Eyes","floor":1},{"not_picked":["Go for the Eyes","Hologram"],"picked":"Coolheaded","floor":3},{"not_picked":["Aggregate","Consume"],"picked":"Streamline","floor":4},{"not_picked":["Barrage","Turbo"],"picked":"Leap","floor":7},{"not_picked":["Auto Shields","Tempest"],"picked":"Darkness","floor":12},{"not_picked":["Hyperbeam","Sweeping Beam"],"picked":"Stack","floor":13},{"not_picked":["Thunder Strike","Seek"],"picked":"Multi-Cast","floor":16},{"not_picked":["Recycle","Gash"],"picked":"Stack+1","floor":18},{"not_picked":["Leap","Ball Lightning"],"picked":"Coolheaded","floor":21},{"not_picked":["Compile Driver","Blizzard"],"picked":"Glacier+1","floor":24}],"player_experience":504286,"relics_obtained":[{"floor":7,"key":"Incense Burner"},{"floor":9,"key":"Du-Vu Doll"}],"event_choices":[{"event_name":"The Cleric","player_choice":"Card Removal","floor":2,"damage_taken":0},{"event_name":"The Lab","player_choice":"Got Potions","floor":5,"damage_taken":0},{"event_name":"Match and Keep!","player_choice":"1 cards matched","floor":14,"damage_taken":0},{"event_name":"Nest","player_choice":"Stole From Cult","floor":19,"damage_taken":0},{"event_name":"Ghosts","player_choice":"Became a Ghost","floor":20,"damage_taken":0},{"event_name":"Accursed Blacksmith","player_choice":"Forge","floor":22,"damage_taken":0}],"boss_relics":[{"not_picked":["Fusion Hammer","Empty Cage"],"picked":"Runic Dome"}],"items_purged_floors":[11],"is_endless":false,"potions_floor_spawned":[3,24],"killed_by":"Gremlin Leader","ascension_level":14}