{"gold_per_floor":[116,116,134,59,78,78,109,109,109,109,164,164,175,195,195,274,274,274,274,229,229,179,179,179,179,179,179,179,65,65,65,65,65],"floor_reached":33,"playtime":1642,"items_purged":[],"score":467,"play_id":"ee5e2952-c209-49cb-aba3-3adbdec5b05e","local_time":"20190130210421","is_ascension_mode":true,"campfire_choices":[{"data":"Zap","floor":6.0,"key":"SMITH"},{"data":"Streamline","floor":8.0,"key":"SMITH"},{"data":"Consume","floor":10.0,"key":"SMITH"},{"floor":15.0,"key":"REST"},{"data":"Electrodynamics","floor":23.0,"key":"SMITH"},{"floor":28.0,"key":"DIG"},{"floor":32,"key":"REST"}],"neow_cost":"NONE","seed_source_timestamp":0,"circlet_count":0,"master_deck":["AscendersBane","Strike_B+1","Strike_B","Strike_B","Defend_B","Defend_B","Defend_B+1","Defend_B","Zap+1","Dualcast","Reboot","Ball Lightning","Coolheaded","Consume+1","Streamline+1","Conserve Battery","Stack","Electrodynamics+1","Steam+1","Tempest","White Noise","Go for the Eyes","Coolheaded","Defragment","Glacier","Redo","Coolheaded"],"special_seed":0,"relics":["Cracked Core","Shovel","StoneCalendar","Ectoplasm","Bottled Tornado","Anchor","Blood Vial","Bottled Lightning"],"potions_floor_usage":[31,31],"damage_taken":[{"damage":6.0,"enemies":"2 Louse","floor":1.0,"turns":2.0},{"damage":0.0,"enemies":"Small Slimes","floor":3.0,"turns":3.0},{"damage":2.0,"enemies":"Jaw Worm","floor":5.0,"turns":4.0},{"damage":34.0,"enemies":"3 Sentries","floor":7.0,"turns":8.0},{"damage":6.0,"enemies":"Looter","floor":13.0,"turns":2.0},{"damage":7.0,"enemies":"Exordium Thugs","floor":14.0,"turns":3.0},{"damage":14.0,"enemies":"The Guardian","floor":16.0,"turns":8.0},{"damage":0.0,"enemies":"3 Byrds","floor":18.0,"turns":2.0},{"damage":13.0,"enemies":"2 Thieves","floor":20.0,"turns":3.0},{"damage":0.0,"enemies":"Cultist and Chosen","floor":24.0,"turns":4.0},{"damage":0.0,"enemies":"Centurion and Healer","floor":25.0,"turns":3.0},{"damage":10.0,"enemies":"Snecko","floor":27.0,"turns":4.0},{"damage":6.0,"enemies":"Shelled Parasite and Fungi","floor":30.0,"turns":7.0},{"damage":8,"enemies":"Book of Stabbing","floor":31,"turns":6},{"damage":80,"enemies":"Automaton","floor":33,"turns":12}],"seed_played":"225093873923760493","potions_obtained":[{"floor":3.0,"key":"FearPotion"},{"floor":7.0,"key":"GamblersBrew"},{"floor":14.0,"key":"Strength Potion"},{"floor":18.0,"key":"Poison Potion"},{"floor":25.0,"key":"Swift Potion"},{"floor":27.0,"key":"FocusPotion"},{"floor":31,"key":"FearPotion"}],"is_trial":false,"path_per_floor":["M","?","M","?","M","R","E","R","T","R","?","?","M","M","R","B",null,"M","?","M","T","?","R","M","M","T","M","R","$","M","E","R","B"],"character_chosen":"DEFECT","items_purchased":["Defragment","Glacier"],"campfire_rested":2,"item_purchase_floors":[29,29],"current_hp_per_floor":[58,63,63,63,61,61,27,27,27,27,27,27,21,14,36,22,63,63,63,50,50,50,50,50,50,50,40,40,40,36,30,52,0],"gold":65,"neow_bonus":"ONE_RANDOM_RARE_CARD","is_prod":false,"is_daily":false,"chose_seed":false,"campfire_upgraded":4,"win_rate":0,"timestamp":1548878661,"path_taken":["M","?","M","?","M","R","E","R","T","R","?","?","M","?","R","BOSS","M","?","M","?","?","R","M","M","T","M","R","$","?","E","R","BOSS"],"build_version":"2019-01-23","purchased_purges":0,"victory":false,"max_hp_per_floor":[71,76,76,76,76,76,76,76,76,76,76,76,76,76,76,76,76,76,76,76,76,76,76,76,76,76,76,76,76,76,76,76,76],"card_choices":[{"not_picked":["Gash","Force Field"],"picked":"Ball Lightning","floor":1.0},{"not_picked":["Ball Lightning","Gash"],"picked":"Coolheaded","floor":3.0},{"not_picked":["Go for the Eyes","Rebound"],"picked":"Consume","floor":5.0},{"not_picked":["Static Discharge","Turbo"],"picked":"Streamline","floor":7.0},{"not_picked":["Gash","Fission"],"picked":"Conserve Battery","floor":13.0},{"not_picked":["Genetic Algorithm","Rebound"],"picked":"Stack","floor":14.0},{"not_picked":["Meteor Strike","Multi-Cast"],"picked":"Electrodynamics","floor":16.0},{"not_picked":["Chaos","Barrage"],"picked":"Steam+1","floor":18.0},{"not_picked":["Steam","Rebound"],"picked":"Tempest","floor":20.0},{"not_picked":["Recycle","Hello World+1"],"picked":"White Noise","floor":24.0},{"not_picked":["Genetic Algorithm","Turbo"],"picked":"Go for the Eyes","floor":25.0},{"not_picked":["Conserve Battery","Hologram"],"picked":"Coolheaded","floor":27.0},{"not_picked":["Sweeping Beam","Streamline"],"picked":"Redo","floor":30},{"not_picked":["Scrape","Conserve Battery"],"picked":"Coolheaded","floor":31}],"player_experience":1142330,"relics_obtained":[{"floor":7.0,"key":"Shovel"},{"floor":9.0,"key":"StoneCalendar"},{"floor":21.0,"key":"Bottled Tornado"},{"floor":26.0,"key":"Anchor"},{"floor":28.0,"key":"Blood Vial"},{"floor":31,"key":"Bottled Lightning"}],"event_choices":[{"damage_healed":0.0,"max_hp_gain":5.0,"max_hp_loss":0.0,"gold_gain":0.0,"event_name":"Big Fish","player_choice":"Donut","floor":2.0,"gold_loss":0.0,"damage_taken":0.0},{"cards_removed":["Strike_B"],"damage_healed":0.0,"max_hp_gain":0.0,"max_hp_loss":0.0,"gold_gain":0.0,"event_name":"The Cleric","player_choice":"Card Removal","floor":4.0,"gold_loss":75.0,"damage_taken":0.0},{"damage_healed":0.0,"max_hp_gain":0.0,"max_hp_loss":0.0,"gold_gain":55.0,"event_name":"Golden Wing","player_choice":"Gained Gold","floor":11.0,"gold_loss":0.0,"damage_taken":0.0},{"damage_healed":0.0,"max_hp_gain":0.0,"max_hp_loss":0.0,"gold_gain":0.0,"event_name":"Shining Light","player_choice":"Ignored","floor":12.0,"gold_loss":0.0,"damage_taken":0.0},{"damage_healed":0.0,"max_hp_gain":0.0,"max_hp_loss":0.0,"gold_gain":0.0,"event_name":"Ghosts","player_choice":"Ignored","floor":19.0,"gold_loss":0.0,"damage_taken":0.0},{"damage_healed":0.0,"max_hp_gain":0.0,"max_hp_loss":0.0,"gold_gain":0.0,"event_name":"Designer","player_choice":"Upgraded Two","floor":22.0,"gold_loss":50.0,"damage_taken":0.0,"cards_upgraded":["Defend_B","Strike_B"]}],"is_beta":false,"boss_relics":[{"not_picked":["Runic Dome","Calling Bell"],"picked":"Ectoplasm"}],"items_purged_floors":[],"is_endless":false,"potions_floor_spawned":[3,7,14,18,25,27,31],"killed_by":"Automaton","ascension_level":15}