{"gold_per_floor":[144,189,234,0,45,135,135,180,180,225,270,270,315,405,405,705,705,750,175,475,520,18,18,108,108,133,133,178,178,223,313,313,613,613,658,658,703,53,98,188,278,323,398,398,443,533,578,668,668,668],"floor_reached":51,"playtime":5286,"items_purged":["Strike_R","Strike_R","Strike_R"],"score":1121,"play_id":"c0998813-a002-413b-92f5-6157fd9d4399","local_time":"20181010035137","daily_mods":["Cursed Run","Colorless Cards","Midas"],"is_ascension_mode":false,"campfire_choices":[{"floor":7,"key":"REST"},{"floor":12,"key":"REST"},{"floor":15,"key":"DIG"},{"floor":23,"key":"DIG"},{"floor":25,"key":"REST"},{"floor":29,"key":"DIG"},{"floor":32,"key":"DIG"},{"floor":49,"key":"DIG"}],"neow_cost":"","seed_source_timestamp":63583452138498,"circlet_count":0,"master_deck":["Strike_R","Strike_R","Defend_R","Defend_R","Defend_R","Defend_R","Bash","True Grit","Twin Strike","Blind+1","Reckless Charge","Dark Embrace","Cleave+1","Metallicize","Parasite","Corruption","Finesse","Impatience+1","Magnetism","Pain","Exhume","Bandage Up+1","Heavy Blade+1","Armaments","Panache+1","Inflame+1","True Grit+1","Normality","Finesse+1","Trip+1","Thunderclap+1","Shame","Fiend Fire+1","Parasite","Parasite","Normality","Forethought+1","Jack Of All Trades+1","Sadistic Nature+1","Rupture+1","Evolve+1","Normality","True Grit+1","Metallicize+1","Apotheosis+1","Violence+1","Writhe"],"special_seed":17814,"relics":["Cursed Key","Darkstone Periapt","Du-Vu Doll","Medical Kit","Centennial Puzzle","Lantern","Shovel","Strawberry","Fusion Hammer","ClockworkSouvenir","FossilizedHelix","Thread and Needle","Frozen Egg 2","Vajra","Ancient Tea Set","Toxic Egg 2","Mango","Ice Cream","StoneCalendar","Calling Bell","War Paint","Paper Frog","Bird Faced Urn","WingedGreaves","Bag of Marbles","Whetstone","Peace Pipe","Letter Opener","Meat on the Bone","Dead Branch","Potion Belt"],"potions_floor_usage":[11,14,16,16,24,31,33,40,47,50,50],"damage_taken":[{"damage":1,"enemies":"Cultist","floor":1,"turns":3},{"damage":0,"enemies":"2 Louse","floor":2,"turns":4},{"damage":6,"enemies":"Jaw Worm","floor":3,"turns":3},{"damage":5,"enemies":"2 Fungi Beasts","floor":5,"turns":3},{"damage":14,"enemies":"3 Sentries","floor":6,"turns":7},{"damage":0,"enemies":"3 Louse","floor":8,"turns":2},{"damage":2,"enemies":"Exordium Thugs","floor":10,"turns":4},{"damage":6,"enemies":"Exordium Wildlife","floor":11,"turns":4},{"damage":1,"enemies":"Red Slaver","floor":13,"turns":2},{"damage":5,"enemies":"Lagavulin","floor":14,"turns":6},{"damage":25,"enemies":"Hexaghost","floor":16,"turns":8},{"damage":19,"enemies":"2 Thieves","floor":18,"turns":5},{"damage":15,"enemies":"Colosseum Slavers","floor":20,"turns":4},{"damage":71,"enemies":"Colosseum Nobs","floor":20,"turns":6},{"damage":4,"enemies":"Shell Parasite","floor":21,"turns":4},{"damage":18,"enemies":"Book of Stabbing","floor":24,"turns":5},{"damage":8,"enemies":"Centurion and Healer","floor":28,"turns":2},{"damage":6,"enemies":"Chosen and Byrds","floor":30,"turns":6},{"damage":13,"enemies":"Slavers","floor":31,"turns":4},{"damage":6,"enemies":"Collector","floor":33,"turns":6},{"damage":2,"enemies":"3 Shapes","floor":35,"turns":5},{"damage":4,"enemies":"Orb Walker","floor":37,"turns":3},{"damage":0,"enemies":"Maw","floor":39,"turns":6},{"damage":76,"enemies":"Nemesis","floor":40,"turns":7},{"damage":33,"enemies":"2 Orb Walkers","floor":41,"turns":6},{"damage":2,"enemies":"4 Shapes","floor":42,"turns":6},{"damage":12,"enemies":"3 Darklings","floor":45,"turns":4},{"damage":54,"enemies":"Giant Head","floor":46,"turns":8},{"damage":27,"enemies":"Reptomancer","floor":47,"turns":3},{"damage":39,"enemies":"2 Orb Walkers","floor":48,"turns":3},{"damage":0,"enemies":"Time Eater","floor":50,"turns":1}],"seed_played":"2650368186018201532","potions_obtained":[{"floor":3,"key":"Energy Potion"},{"floor":6,"key":"BloodPotion"},{"floor":10,"key":"Dexterity Potion"},{"floor":13,"key":"AttackPotion"},{"floor":14,"key":"Swift Potion"},{"floor":20,"key":"SteroidPotion"},{"floor":28,"key":"Fire Potion"},{"floor":30,"key":"GamblersBrew"},{"floor":35,"key":"Weak Potion"},{"floor":37,"key":"PowerPotion"},{"floor":39,"key":"SteroidPotion"},{"floor":45,"key":"Regen Potion"}],"is_trial":false,"path_per_floor":["M","M","M","$","M","E","R","M","T","M","M","R","M","E","R","B",null,"M","$","?","M","$","R","E","R","T","?","M","R","M","E","R","B",null,"M","?","M","$","M","E","E","M","T","?","M","E","M","E","R","B"],"character_chosen":"IRONCLAD","items_purchased":["Medical Kit","Reckless Charge","ClockworkSouvenir","FossilizedHelix","Vajra","Panache+1","Inflame+1","Rupture+1","WingedGreaves","Bag of Marbles"],"campfire_rested":3,"item_purchase_floors":[4,4,19,19,22,22,22,38,38,38],"current_hp_per_floor":[79,79,73,73,68,54,78,78,84,82,76,86,85,80,87,68,99,80,80,12,14,14,14,11,40,46,81,73,87,93,86,86,98,143,143,133,139,139,143,85,68,92,98,98,94,64,72,61,61,79],"gold":668,"neow_bonus":"","is_prod":false,"is_daily":true,"chose_seed":false,"campfire_upgraded":0,"win_rate":0,"timestamp":1539136297,"path_taken":["M","M","M","?","M","E","R","M","T","?","M","R","M","E","R","BOSS","M","$","?","M","$","R","E","R","T","?","?","R","M","E","R","BOSS","M","?","M","$","?","E","E","M","T","?","M","E","?","E","R","BOSS"],"build_version":"2018-10-04v2","purchased_purges":3,"victory":true,"max_hp_per_floor":[80,80,80,80,80,80,80,80,86,86,86,86,86,86,93,99,99,99,99,99,99,99,99,99,99,105,105,105,119,119,119,119,125,143,143,143,143,143,143,143,143,143,149,149,149,149,149,149,149,155],"card_choices":[{"not_picked":["Twin Strike","Armaments"],"picked":"True Grit","floor":1},{"not_picked":["Pommel Strike","Shrug It Off"],"picked":"Twin Strike","floor":2},{"not_picked":["Iron Wave","Finesse"],"picked":"Blind","floor":3},{"not_picked":["Pommel Strike","Wild Strike"],"picked":"Dark Embrace","floor":5},{"not_picked":["Havoc","Discovery"],"picked":"Cleave","floor":6},{"not_picked":["Twin Strike","Fire Breathing"],"picked":"Metallicize","floor":8},{"not_picked":["Headbutt","Perfected Strike"],"picked":"Corruption","floor":10},{"not_picked":["Burning Pact","True Grit"],"picked":"Finesse","floor":11},{"not_picked":["Blind","Forethought"],"picked":"Impatience","floor":13},{"not_picked":["Sword Boomerang","Perfected Strike"],"picked":"Magnetism","floor":14},{"not_picked":["Secret Weapon","Double Tap"],"picked":"Exhume","floor":16},{"not_picked":["Mind Blast","Pommel Strike"],"picked":"Bandage Up+1","floor":18},{"not_picked":["Headbutt+1","Flash of Steel"],"picked":"Heavy Blade+1","floor":20},{"not_picked":["Flex","Dramatic Entrance"],"picked":"Armaments","floor":21},{"not_picked":["Iron Wave","Searing Blow"],"picked":"True Grit","floor":24},{"not_picked":["Shrug It Off+1","Flex+1"],"picked":"Finesse+1","floor":28},{"not_picked":["Mind Blast","Good Instincts+1"],"picked":"Trip+1","floor":30},{"not_picked":["Chrysalis+1","Dramatic Entrance"],"picked":"Thunderclap+1","floor":31},{"not_picked":["Thinking Ahead+1","Impervious+1"],"picked":"Fiend Fire","floor":33},{"not_picked":["Pommel Strike","Good Instincts+1","Perfected Strike+1"],"picked":"SKIP","floor":35},{"not_picked":["Mind Blast","Good Instincts+1"],"picked":"Forethought+1","floor":36},{"not_picked":["HandOfGreed","Enlightenment+1"],"picked":"Jack Of All Trades+1","floor":36},{"not_picked":["Jack Of All Trades+1","Trip+1"],"picked":"Sadistic Nature+1","floor":36},{"not_picked":["Deep Breath+1","Flex+1","Anger+1"],"picked":"SKIP","floor":37},{"not_picked":["Perfected Strike","Flex+1","Rupture+1"],"picked":"SKIP","floor":39},{"not_picked":["Body Slam","Madness+1","Pommel Strike"],"picked":"SKIP","floor":40},{"not_picked":["Brutality+1","Cleave"],"picked":"Evolve+1","floor":41},{"not_picked":["Twin Strike+1","Clothesline+1","Purity+1"],"picked":"SKIP","floor":42},{"not_picked":["Cleave","Carnage+1"],"picked":"Metallicize+1","floor":45},{"not_picked":["Shrug It Off+1","Dramatic Entrance"],"picked":"Apotheosis+1","floor":46},{"not_picked":["Warcry+1","Cleave","Anger+1"],"picked":"SKIP","floor":47},{"not_picked":["Anger+1","Thunderclap+1"],"picked":"Violence+1","floor":48}],"player_experience":1400216,"relics_obtained":[{"floor":6,"key":"Centennial Puzzle"},{"floor":9,"key":"Lantern"},{"floor":14,"key":"Shovel"},{"floor":15,"key":"Strawberry"},{"floor":20,"key":"Thread and Needle"},{"floor":20,"key":"Frozen Egg 2"},{"floor":23,"key":"Ancient Tea Set"},{"floor":24,"key":"Toxic Egg 2"},{"floor":29,"key":"Mango"},{"floor":31,"key":"Ice Cream"},{"floor":32,"key":"StoneCalendar"},{"floor":34,"key":"War Paint"},{"floor":34,"key":"Paper Frog"},{"floor":34,"key":"Bird Faced Urn"},{"floor":40,"key":"Whetstone"},{"floor":41,"key":"Peace Pipe"},{"floor":43,"key":"Letter Opener"},{"floor":46,"key":"Meat on the Bone"},{"floor":48,"key":"Dead Branch"},{"floor":49,"key":"Potion Belt"}],"event_choices":[{"event_name":"Colosseum","player_choice":"Fight","floor":20,"damage_taken":0},{"event_name":"Colosseum","player_choice":"Fought Nobs","floor":20,"damage_taken":0},{"event_name":"The Library","player_choice":"Heal","floor":27,"damage_taken":0},{"event_name":"SensoryStone","player_choice":"Memory 3","floor":36,"damage_taken":0},{"event_name":"Duplicator","player_choice":"One dupe","floor":44,"damage_taken":0}],"is_beta":false,"boss_relics":[{"not_picked":["Philosopher\u0027s Stone","Runic Cube"],"picked":"Fusion Hammer"},{"not_picked":["Lizard Tail","Tiny House"],"picked":"Calling Bell"}],"items_purged_floors":[19,22,38],"is_endless":false,"potions_floor_spawned":[3,6,10,13,14,20,20,28,30,35,37,39,45],"ascension_level":0}