{"gold_per_floor":[145,145,145,155,169,224,149,149,173,192,92,39,39,53,53,156,156,175,187,187,187,187,187,10,10,10,38,38,56,66,86,86,183,183,202,202,202,217,236,236,268,268,268,82,93,93,0,0,0,0],"floor_reached":50,"playtime":724,"items_purged":["Defend_R","Defend_R+1","Strike_R"],"score":513,"play_id":"d69647fa-17cf-4e92-b0f1-f6c4a8f94915","local_time":"20180703011158","is_ascension_mode":false,"campfire_choices":[{"data":"Clash","floor":8,"key":"SMITH"},{"data":"Clash","floor":13,"key":"SMITH"},{"data":"Clash","floor":15,"key":"SMITH"},{"data":"Pommel Strike","floor":23,"key":"SMITH"},{"data":"Clash","floor":25,"key":"SMITH"},{"floor":32,"key":"REST"},{"floor":40,"key":"REST"},{"floor":42,"key":"REST"},{"floor":46,"key":"REST"},{"data":"Double Tap","floor":49,"key":"SMITH"}],"neow_cost":"NONE","seed_source_timestamp":20182738619242,"circlet_count":0,"master_deck":["Strike_R","Strike_R","Strike_R","Defend_R+1","Bash+1","Pommel Strike","Clash+1","Flex+1","Clash+1","Clash+1","Limit Break+1","Pommel Strike+1","Clash+1","Double Tap+1","Clash","Demon Form+1"],"relics":["Tiny House","Tiny Chest","War Paint","Runic Dome","Blue Candle","Bronze Scales","Frozen Egg 2","Philosopher\u0027s Stone","Happy Flower","Mummified Hand","Red Mask"],"potions_floor_usage":[6,6,33,33,41,50],"damage_taken":[{"damage":18,"enemies":"Jaw Worm","floor":1,"turns":3},{"damage":17,"enemies":"Small Slimes","floor":4,"turns":3},{"damage":6,"enemies":"Cultist","floor":5,"turns":3},{"damage":16,"enemies":"3 Sentries","floor":6,"turns":6},{"damage":5,"enemies":"2 Fungi Beasts","floor":10,"turns":3},{"damage":0,"enemies":"Gremlin Gang","floor":14,"turns":3},{"damage":14,"enemies":"Hexaghost","floor":16,"turns":5},{"damage":10,"enemies":"3 Byrds","floor":18,"turns":3},{"damage":10,"enemies":"2 Thieves","floor":19,"turns":2},{"damage":12,"enemies":"Book of Stabbing","floor":27,"turns":2},{"damage":13,"enemies":"Snake Plant","floor":29,"turns":2},{"damage":13,"enemies":"Chosen and Byrds","floor":30,"turns":4},{"damage":14,"enemies":"Slaver and Parasite","floor":31,"turns":3},{"damage":30,"enemies":"Automaton","floor":33,"turns":4},{"damage":30,"enemies":"3 Shapes","floor":35,"turns":5},{"damage":21,"enemies":"3 Darklings","floor":38,"turns":3},{"damage":28,"enemies":"Spire Growth","floor":39,"turns":3},{"damage":17,"enemies":"2 Orb Walkers","floor":41,"turns":2},{"damage":20,"enemies":"Sphere and 2 Shapes","floor":45,"turns":3},{"damage":60,"enemies":"Time Eater","floor":50,"turns":3}],"seed_played":"-722126852992079158","potions_obtained":[{"floor":0,"key":"Poison Potion"},{"floor":1,"key":"GamblersBrew"},{"floor":4,"key":"Explosive Potion"},{"floor":14,"key":"Strength Potion"},{"floor":18,"key":"Energy Potion"},{"floor":19,"key":"Energy Potion"},{"floor":33,"key":"Strength Potion"},{"floor":41,"key":"SpeedPotion"},{"floor":45,"key":"Regen Potion"}],"is_trial":false,"path_per_floor":["M","?","?","M","M","E","$","R","T","M","$","$","R","M","R","B",null,"M","M","?","?","T","R","$","R","T","E","$","M","M","M","R","B",null,"M","?","?","M","M","R","E","R","T","$","M","R","?","$","R"],"character_chosen":"IRONCLAD","items_purchased":["Clash","Clash","Clash","Demon Form+1"],"campfire_rested":4,"item_purchase_floors":[12,24,44,44],"current_hp_per_floor":[67,67,67,50,44,28,28,28,28,23,23,23,23,23,23,9,85,75,65,65,65,65,65,65,65,65,53,53,40,27,13,38,8,85,55,55,55,34,6,31,14,39,39,39,19,44,44,44,44,0],"gold":0,"neow_bonus":"BOSS_RELIC","is_prod":false,"is_daily":false,"chose_seed":false,"campfire_upgraded":6,"win_rate":0,"timestamp":1530605518,"path_taken":["M","?","?","M","M","E","$","R","T","M","?","$","R","M","R","BOSS","M","?","?","?","?","R","?","R","T","E","$","M","M","?","R","BOSS","M","?","?","M","M","R","E","R","T","$","M","R","?","$","R","BOSS"],"build_version":"2018-06-29","purchased_purges":3,"victory":false,"max_hp_per_floor":[85,85,85,85,85,85,85,85,85,85,85,85,85,85,85,85,85,85,85,85,85,85,85,85,85,85,85,85,85,85,85,85,85,85,85,85,85,85,85,85,85,85,85,85,85,85,85,85,85,85],"card_choices":[{"not_picked":["Corruption","Dropkick"],"picked":"Pommel Strike","floor":0},{"not_picked":["Iron Wave","Shrug It Off"],"picked":"Clash","floor":4},{"not_picked":["Heavy Blade","Barricade"],"picked":"Flex","floor":6},{"not_picked":["Burning Pact","Second Wind"],"picked":"Clash","floor":14},{"not_picked":["Bludgeon","Brutality"],"picked":"Limit Break","floor":16},{"not_picked":["Sword Boomerang","Armaments"],"picked":"Pommel Strike","floor":19},{"not_picked":["Offering","Immolate"],"picked":"Double Tap","floor":33},{"not_picked":["Rage+1","Bloodletting+1","Wild Strike+1"],"picked":"SKIP","floor":38}],"player_experience":465356,"relics_obtained":[{"floor":6,"key":"Tiny Chest"},{"floor":9,"key":"War Paint"},{"floor":22,"key":"Blue Candle"},{"floor":26,"key":"Bronze Scales"},{"floor":27,"key":"Frozen Egg 2"},{"floor":41,"key":"Happy Flower"},{"floor":43,"key":"Mummified Hand"}],"event_choices":[{"event_name":"Living Wall","player_choice":"Forget","floor":2,"damage_taken":0},{"event_name":"Upgrade Shrine","player_choice":"Upgraded","floor":3,"damage_taken":0},{"event_name":"The Lab","player_choice":"Got Potions","floor":20,"damage_taken":0},{"event_name":"Upgrade Shrine","player_choice":"Upgraded","floor":21,"damage_taken":0},{"event_name":"Mysterious Sphere","player_choice":"Ignore","floor":36,"damage_taken":0},{"event_name":"Bonfire Elementals","player_choice":"BASIC","floor":37,"damage_taken":0},{"event_name":"Tomb of Lord Red Mask","player_choice":"Paid","floor":47,"damage_taken":0}],"boss_relics":[{"not_picked":["Lizard Tail","Coffee Dripper"],"picked":"Runic Dome"},{"not_picked":["White Beast Statue","Fusion Hammer"],"picked":"Philosopher\u0027s Stone"}],"items_purged_floors":[7,11,24],"is_endless":false,"potions_floor_spawned":[1,4,14,18,19,29,33,41,45],"killed_by":"Time Eater","ascension_level":0}