{"gold_per_floor":[114,114,129,144,159,159,189,189,189,219,234,287,287,317,317,417,417],"floor_reached":17,"playtime":6037,"items_purged":[],"score":275,"play_id":"69ae7f9e-124f-42c5-bdce-846264bc4117","local_time":"20180808210134","daily_mods":["Brewmaster","Lethality","Hoarder"],"is_ascension_mode":false,"campfire_choices":[{"data":"Venomology","floor":6.0,"key":"SMITH"},{"data":"Venomology","floor":8.0,"key":"SMITH"},{"data":"Venomology","floor":15.0,"key":"SMITH"}],"neow_cost":"","seed_source_timestamp":0,"circlet_count":0,"master_deck":["Strike_B","Strike_B","Strike_B","Strike_B","Defend_B","Defend_B","Defend_B","Defend_B","Zap","Dualcast","Venomology+1","Venomology","Venomology+1","Venomology","Venomology+1","Venomology+1","Venomology","Venomology","Venomology","Venomology","Venomology","Venomology","Venomology","Venomology","Venomology","Defragment","Defragment","Defragment","Melter","Melter","Melter","Sunder","Sunder","Sunder","Doom and Gloom","Doom and Gloom","Doom and Gloom","Chaos","Chaos","Chaos","Cold Snap","Cold Snap","Cold Snap","Stack","Stack","Stack","Go for the Eyes","Go for the Eyes","Go for the Eyes","Compile Driver","Compile Driver","Compile Driver","Echo Form","Echo Form","Echo Form"],"special_seed":17749,"relics":["Cracked Core","White Beast Statue","Gambling Chip","Darkstone Periapt","Vajra","Symbiotic Virus","Dream Catcher"],"potions_floor_usage":[],"damage_taken":[{"damage":19.0,"enemies":"2 Louse","floor":1.0,"turns":5.0},{"damage":9.0,"enemies":"Small Slimes","floor":3.0,"turns":5.0},{"damage":9.0,"enemies":"Cultist","floor":4.0,"turns":3.0},{"damage":0.0,"enemies":"2 Fungi Beasts","floor":5.0,"turns":2.0},{"damage":5.0,"enemies":"Lagavulin","floor":7.0,"turns":3.0},{"damage":11.0,"enemies":"3 Sentries","floor":10.0,"turns":2.0},{"damage":8.0,"enemies":"3 Louse","floor":11.0,"turns":2.0},{"damage":7.0,"enemies":"3 Sentries","floor":12.0,"turns":4.0},{"damage":0.0,"enemies":"Lagavulin","floor":14.0,"turns":3.0},{"damage":3.0,"enemies":"The Guardian","floor":16.0,"turns":6.0}],"seed_played":"-5940167209622730239","potions_obtained":[{"floor":1.0,"key":"GamblersBrew"},{"floor":3.0,"key":"GamblersBrew"},{"floor":5.0,"key":"Fire Potion"},{"floor":10.0,"key":"EssenceOfSteel"},{"floor":11.0,"key":"FocusPotion"},{"floor":12.0,"key":"AttackPotion"},{"floor":14.0,"key":"Strength Potion"},{"floor":16.0,"key":"FairyPotion"}],"is_trial":false,"path_per_floor":["M","?","M","M","M","R","E","R","T","E","M","?","?","E","R","B"],"character_chosen":"DEFECT","items_purchased":[],"campfire_rested":0,"item_purchase_floors":[],"current_hp_per_floor":[68,68,64,60,60,60,55,55,55,44,36,29,29,29,29,26,26],"gold":417,"neow_bonus":"","is_prod":false,"is_daily":true,"chose_seed":false,"campfire_upgraded":3,"win_rate":0,"timestamp":1533754894,"path_taken":["M","?","M","?","M","R","E","R","T","E","M","?","?","E","R","BOSS"],"build_version":"2018-08-02","purchased_purges":0,"victory":false,"max_hp_per_floor":[75,75,75,75,75,75,75,75,75,75,75,75,75,75,75,75,75],"card_choices":[{"not_picked":["Turbo","Go for the Eyes"],"picked":"Defragment","floor":1.0},{"not_picked":["Redo","Conserve Battery"],"picked":"Melter","floor":3.0},{"not_picked":["Gash","Coolheaded"],"picked":"Sunder","floor":4.0},{"not_picked":["Redo","Conserve Battery"],"picked":"Doom and Gloom","floor":5.0},{"not_picked":["Static Discharge","Steam"],"picked":"Chaos","floor":7.0},{"not_picked":["Reprogram","Skim"],"picked":"Cold Snap","floor":10.0},{"not_picked":["Barrage","Undo"],"picked":"Stack","floor":11.0},{"not_picked":["Stack","Gash"],"picked":"Go for the Eyes","floor":12.0},{"not_picked":["Storm","Rebound"],"picked":"Compile Driver","floor":14.0},{"not_picked":["Hyperbeam","Amplify"],"picked":"Echo Form","floor":16.0}],"player_experience":847881,"relics_obtained":[{"floor":7.0,"key":"Gambling Chip"},{"floor":9.0,"key":"Darkstone Periapt"},{"floor":10.0,"key":"Vajra"},{"floor":14.0,"key":"Dream Catcher"}],"event_choices":[{"event_name":"Golden Wing","player_choice":"Ignored","floor":2.0,"damage_taken":0.0},{"event_name":"Dead Adventurer","player_choice":"Searched \u00273\u0027 times","floor":12.0,"damage_taken":0.0},{"event_name":"Living Wall","player_choice":"Grow","floor":13.0,"damage_taken":0.0}],"is_beta":false,"boss_relics":[],"items_purged_floors":[],"is_endless":false,"potions_floor_spawned":[1,3,4,5,7,10,11,12,12,14,16],"ascension_level":0}