{"path_per_floor":["M","$","?","M","?","E","R","M","T","R","E","M","$","M","R","B",null,"M","M","M","?","$","R","M","?","T","T","E","R","M","E","R","B",null,"M","M","M","$","M"],"character_chosen":"DEFECT","items_purchased":["Mercury Hourglass","Happy Flower","Stack","Sweeping Beam","War Paint","Swift Potion","Bottled Tornado","Buffer+1"],"gold_per_floor":[359,97,172,188,188,218,218,234,234,234,264,280,65,80,80,178,178,188,202,220,319,125,125,143,143,143,166,198,198,215,244,244,342,342,359,370,389,75,95,95],"floor_reached":40,"campfire_rested":5,"playtime":3090,"item_purchase_floors":[2,13,13,13,22,22,38,38],"current_hp_per_floor":[66,66,55,55,48,26,26,18,18,38,25,25,25,26,47,27,59,45,45,13,13,13,34,33,17,17,17,19,41,39,7,29,29,63,57,57,37,37,27,0],"items_purged":[],"gold":95,"score":769,"play_id":"6f87ebd2-fee9-464a-a933-3d22f7c25d1b","local_time":"20180618005716","is_prod":false,"is_daily":false,"chose_seed":false,"is_ascension_mode":true,"campfire_upgraded":1,"win_rate":0,"timestamp":1529276236,"campfire_choices":[{"data":"Zap","floor":7,"key":"SMITH"},{"floor":10,"key":"REST"},{"floor":15,"key":"REST"},{"floor":23,"key":"REST"},{"floor":29,"key":"REST"},{"floor":32,"key":"REST"}],"path_taken":["M","$","?","M","?","E","R","M","T","R","E","M","?","M","R","BOSS","M","M","M","?","?","R","M","?","T","?","E","R","M","E","R","BOSS","M","M","?","$","?","E"],"build_version":"2018-06-14v2","seed_source_timestamp":17740889717767,"purchased_purges":0,"victory":false,"master_deck":["Zap+1","Dualcast+1","Rebound","Go for the Eyes","Defragment","Loop","Seek","Hello World","Stack","Sweeping Beam","Buffer","Hologram","Barrage","Hologram+1","Coolheaded","Force Field","Beam Cell","Leap","Chaos+1","Sunder","Coolheaded+1","Cold Snap+1","Core Surge","Creative AI+1","Double Energy+1","Coolheaded+1","Buffer+1","Storm+1"],"max_hp_per_floor":[68,68,68,68,68,68,68,68,68,68,68,68,68,70,70,70,70,70,70,70,70,70,70,72,72,72,72,74,74,74,74,74,74,74,74,74,76,76,76,76],"relics":["Cracked Core","Mercury Hourglass","Singing Bowl","Toolbox","Bottled Lightning","Happy Flower","Pandora\u0027s Box","War Paint","Enchiridion","Oddly Smooth Stone","DataDisk","Frozen Egg 2","Gremlin Horn","Nuclear Battery","Bottled Tornado"],"card_choices":[{"not_picked":["Force Field","Redo"],"picked":"Rebound","floor":1},{"not_picked":["Gash","Rip and Tear"],"picked":"Go for the Eyes","floor":4},{"not_picked":["Reinforced Body","Double Energy"],"picked":"Defragment","floor":6},{"not_picked":["Darkness","Hello World"],"picked":"Loop","floor":8},{"not_picked":["Reinforced Body","Consume"],"picked":"Seek","floor":11},{"not_picked":["Double Energy","Gash"],"picked":"Hello World","floor":12},{"not_picked":["Tempest","Turbo","Rebound"],"picked":"Singing Bowl","floor":14},{"not_picked":["Amplify","Core Surge"],"picked":"Buffer","floor":16},{"not_picked":["Turbo+1","Coolheaded+1"],"picked":"Chaos+1","floor":18},{"not_picked":["Go for the Eyes","Ball Lightning"],"picked":"Sunder","floor":19},{"not_picked":["Cold Snap","Reinforced Body"],"picked":"Coolheaded+1","floor":20},{"not_picked":["Stack","Rip and Tear","Streamline"],"picked":"Singing Bowl","floor":24},{"not_picked":["Barrage","Gash+1","Streamline"],"picked":"Singing Bowl","floor":28},{"not_picked":["Double Energy","Rebound"],"picked":"Cold Snap+1","floor":30},{"not_picked":["Reprogram","Darkness"],"picked":"Core Surge","floor":31},{"not_picked":["Biased Cognition+1","Fission"],"picked":"Creative AI+1","floor":33},{"not_picked":["Consume+1","Rebound"],"picked":"Double Energy+1","floor":35},{"not_picked":["Leap+1","Cold Snap"],"picked":"Coolheaded+1","floor":36},{"not_picked":["Stack","Rebound","Reinforced Body"],"picked":"Singing Bowl","floor":37},{"not_picked":["Go for the Eyes","Leap+1"],"picked":"Storm+1","floor":39}],"player_experience":765989,"potions_floor_usage":[6,11,16,20,28,35,35,40],"damage_taken":[{"damage":2,"enemies":"Jaw Worm","floor":1,"turns":3},{"damage":0,"enemies":"Cultist","floor":4,"turns":2},{"damage":22,"enemies":"Gremlin Nob","floor":6,"turns":4},{"damage":8,"enemies":"2 Louse","floor":8,"turns":2},{"damage":13,"enemies":"Lagavulin","floor":11,"turns":5},{"damage":0,"enemies":"Large Slime","floor":12,"turns":3},{"damage":1,"enemies":"2 Fungi Beasts","floor":14,"turns":3},{"damage":20,"enemies":"Hexaghost","floor":16,"turns":9},{"damage":14,"enemies":"2 Thieves","floor":18,"turns":4},{"damage":0,"enemies":"Chosen","floor":19,"turns":3},{"damage":32,"enemies":"Slaver and Parasite","floor":20,"turns":6},{"damage":3,"enemies":"Chosen and Byrds","floor":24,"turns":5},{"damage":0,"enemies":"Gremlin Leader","floor":28,"turns":6},{"damage":9,"enemies":"Sentry and Sphere","floor":30,"turns":4},{"damage":32,"enemies":"Slavers","floor":31,"turns":3},{"damage":0,"enemies":"Collector","floor":33,"turns":7},{"damage":13,"enemies":"3 Darklings","floor":35,"turns":4},{"damage":0,"enemies":"Orb Walker","floor":36,"turns":3},{"damage":22,"enemies":"Maw","floor":37,"turns":7},{"damage":10,"enemies":"4 Shapes","floor":39,"turns":4},{"damage":32,"enemies":"2 Orb Walkers","floor":40,"turns":3}],"relics_obtained":[{"floor":6,"key":"Singing Bowl"},{"floor":9,"key":"Toolbox"},{"floor":11,"key":"Bottled Lightning"},{"floor":25,"key":"Enchiridion"},{"floor":26,"key":"Oddly Smooth Stone"},{"floor":27,"key":"DataDisk"},{"floor":28,"key":"Frozen Egg 2"},{"floor":31,"key":"Gremlin Horn"}],"event_choices":[{"event_name":"World of Goop","player_choice":"Gather Gold","floor":3,"damage_taken":0},{"event_name":"Golden Wing","player_choice":"Card Removal","floor":5,"damage_taken":0},{"event_name":"Nest","player_choice":"Stole From Cult","floor":21,"damage_taken":0},{"event_name":"Cursed Tome","player_choice":"Obtained Book","floor":25,"damage_taken":0}],"boss_relics":[{"not_picked":["Snecko Eye","Runic Pyramid"],"picked":"Pandora\u0027s Box"},{"not_picked":["Fusion Hammer","Busted Crown"],"picked":"Nuclear Battery"}],"items_purged_floors":[],"is_endless":false,"potions_floor_spawned":[1,6,11,16,18,20,28,33,35,36],"seed_played":"-5264355136820996000","killed_by":"2 Orb Walkers","ascension_level":9,"potions_obtained":[{"floor":1,"key":"Poison Potion"},{"floor":6,"key":"Dexterity Potion"},{"floor":11,"key":"LiquidBronze"},{"floor":16,"key":"GamblersBrew"},{"floor":18,"key":"SkillPotion"},{"floor":20,"key":"SkillPotion"},{"floor":28,"key":"GamblersBrew"},{"floor":33,"key":"Block Potion"},{"floor":35,"key":"PowerPotion"},{"floor":36,"key":"Dexterity Potion"}],"is_trial":false}