{"path_per_floor":["M","M","?","T","M","E","R","?","T","?","$","M","?","E","R","B"],"character_chosen":"THE_SILENT","items_purchased":["Noxious Fumes","Cloak And Dagger"],"gold_per_floor":[119,132,307,332,342,375,375,375,375,375,178,191,220,251,251,350,350],"floor_reached":17,"campfire_rested":0,"playtime":904,"current_hp_per_floor":[82,82,82,82,78,61,61,61,61,61,61,61,60,52,52,48,84],"items_purged":["Decay"],"gold":350,"score":163,"play_id":"92622f03-0f56-4eb5-95f0-a08123bfe1b2","local_time":"20180426192112","is_prod":false,"is_daily":false,"chose_seed":false,"is_ascension_mode":false,"campfire_upgraded":2,"timestamp":1524763272,"path_taken":["M","M","?","?","M","E","R","?","T","?","$","M","?","E","R","BOSS"],"build_version":"2018-04-19","seed_source_timestamp":3574275440586,"purchased_purges":1,"victory":false,"master_deck":["Defend_G","Defend_G","Defend_G","Defend_G","Defend_G","Strike_G","Strike_G","Strike_G","Strike_G","Survivor","Neutralize","Terror+1","Infinite Blades","Doubt","Cloak And Dagger","Dagger Spray","Sucker Punch","Noxious Fumes+1","Cloak And Dagger","Storm of Steel","Deflect","Deadly Poison","Adrenaline"],"max_hp_per_floor":[84,84,84,84,84,84,84,84,84,84,84,84,84,84,84,84,84],"relics":["Ring of the Snake","Omamori","Torii","Thread and Needle","Bag of Preparation","Odd Mushroom","Blue Candle","Cursed Key"],"card_choices":[{"not_picked":["Predator","Underhanded Strike"],"picked":"Terror","floor":1},{"not_picked":["Poisoned Stab","Backflip"],"picked":"Infinite Blades","floor":2},{"not_picked":["Eviscerate","Choke"],"picked":"Cloak And Dagger","floor":5},{"not_picked":["Terror","Endless Agony"],"picked":"Dagger Spray","floor":6},{"not_picked":["Prepared","Endless Agony"],"picked":"Storm of Steel","floor":12},{"not_picked":["Underhanded Strike","Flechettes"],"picked":"Deflect","floor":13},{"not_picked":["Masterful Stab","Setup"],"picked":"Deadly Poison","floor":14},{"not_picked":["Envenom","Phantasmal Killer"],"picked":"Adrenaline","floor":16}],"player_experience":668657,"potions_floor_usage":[],"damage_taken":[{"damage":2,"enemies":"Jaw Worm","floor":1,"turns":6},{"damage":0,"enemies":"Small Slimes","floor":2,"turns":4},{"damage":4,"enemies":"Cultist","floor":5,"turns":5},{"damage":17,"enemies":"3 Sentries","floor":6,"turns":11},{"damage":0,"enemies":"Exordium Thugs","floor":12,"turns":5},{"damage":1,"enemies":"The Mushroom Lair","floor":13,"turns":4},{"damage":8,"enemies":"Lagavulin","floor":14,"turns":6},{"damage":4,"enemies":"The Guardian","floor":16,"turns":11}],"event_choices":[{"event_name":"Liars Game","player_choice":"agreed","floor":3,"damage_taken":0},{"event_name":"Living Wall","player_choice":"Change","floor":8,"damage_taken":0},{"event_name":"Big Fish","player_choice":"Box","floor":10,"damage_taken":0},{"event_name":"Mushrooms","player_choice":"Fought Mushrooms","floor":13,"damage_taken":0}],"boss_relics":[{"not_picked":["Velvet Choker","Ectoplasm"],"picked":"Cursed Key"}],"potions_floor_spawned":[5,6],"seed_played":"-410367324807673906","ascension_level":0,"is_trial":false}