{"gold_per_floor":[114,76,93,111,111,111,139,139,166,166],"floor_reached":10,"playtime":458,"items_purged":[],"score":132,"play_id":"a82a00b4-ebf5-47d1-83f8-1ebfd9a23546","local_time":"20181012145234","is_ascension_mode":true,"campfire_choices":[{"data":"Unload","floor":6.0,"key":"SMITH"}],"neow_cost":"TEN_PERCENT_HP_LOSS","seed_source_timestamp":21941927252275,"circlet_count":0,"master_deck":["Defend_G","Defend_G","Defend_G","Defend_G","Defend_G","Strike_G","Strike_G","Strike_G","Strike_G+1","Strike_G","Survivor","Neutralize","AscendersBane","Cloak And Dagger","Caltrops","Endless Agony","Unload+1","Poisoned Stab","Well Laid Plans","Escape Plan","Backstab+1"],"special_seed":0,"relics":["Ring of the Snake","Prayer Wheel","Vajra","Boot","Whetstone"],"potions_floor_usage":[10],"damage_taken":[{"damage":2.0,"enemies":"Cultist","floor":1.0,"turns":5.0},{"damage":2.0,"enemies":"Small Slimes","floor":3.0,"turns":3.0},{"damage":2.0,"enemies":"Jaw Worm","floor":4.0,"turns":4.0},{"damage":51.0,"enemies":"Gremlin Nob","floor":7.0,"turns":5.0},{"damage":21,"enemies":"Lagavulin","floor":10,"turns":3}],"seed_played":"6414136281490139772","potions_obtained":[{"floor":7.0,"key":"Swift Potion"}],"is_trial":false,"path_per_floor":["M","$","M","M","?","R","E","?","T"],"character_chosen":"THE_SILENT","items_purchased":["Endless Agony"],"campfire_rested":0,"item_purchase_floors":[2],"current_hp_per_floor":[57,57,55,53,53,53,2,2,2,0],"gold":166,"neow_bonus":"ONE_RARE_RELIC","is_prod":false,"is_daily":false,"chose_seed":false,"campfire_upgraded":1,"win_rate":0,"timestamp":1539348754,"path_taken":["M","?","?","M","?","R","E","?","T","E"],"build_version":"2018-10-11","purchased_purges":0,"victory":false,"max_hp_per_floor":[60,60,60,60,60,60,60,60,60,60],"card_choices":[{"not_picked":["Prepared","Flying Knee"],"picked":"Cloak And Dagger","floor":1.0},{"not_picked":["Setup","Choke"],"picked":"Caltrops","floor":1.0},{"not_picked":["Finisher","Deflect"],"picked":"Unload","floor":3.0},{"not_picked":["Dagger Throw","Concentrate"],"picked":"Poisoned Stab","floor":3.0},{"not_picked":["Caltrops","Dodge and Roll"],"picked":"Well Laid Plans","floor":4.0},{"not_picked":["Quick Slash","Underhanded Strike"],"picked":"Escape Plan","floor":4.0},{"not_picked":["Eviscerate","Dodge and Roll"],"picked":"Backstab","floor":7.0}],"player_experience":1426908,"relics_obtained":[{"floor":7.0,"key":"Vajra"},{"floor":9,"key":"Whetstone"}],"event_choices":[{"event_name":"The Cleric","player_choice":"Leave","floor":5.0,"damage_taken":0.0},{"event_name":"Dead Adventurer","player_choice":"Searched \u00271\u0027 times","floor":8,"damage_taken":0}],"is_beta":false,"boss_relics":[],"items_purged_floors":[],"is_endless":false,"potions_floor_spawned":[7],"killed_by":"Lagavulin","ascension_level":20}