{"gold_per_floor":[114,189,159,170,182,213,213,225,252,279,279,296,308,324,324,324],"floor_reached":16,"playtime":11880,"items_purged":[],"score":228,"play_id":"50dcf225-a5dd-4bbc-9550-99ee7ba9ff70","local_time":"20190127003211","is_ascension_mode":true,"campfire_choices":[{"data":"Steam","floor":7.0,"key":"SMITH"},{"data":"Creative AI","floor":11,"key":"SMITH"},{"floor":15,"key":"REST"}],"neow_cost":"NONE","seed_source_timestamp":0,"circlet_count":0,"master_deck":["AscendersBane","Strike_B","Strike_B","Strike_B","Strike_B","Defend_B","Defend_B","Defend_B","Defend_B","Zap","Dualcast","Melter","Stack","Redo","Steam+1","Steam","Creative AI+1","Doom and Gloom","White Noise"],"special_seed":0,"relics":["Cracked Core","Potion Belt","Strawberry","Centennial Puzzle"],"potions_floor_usage":[10,12,16],"damage_taken":[{"damage":7.0,"enemies":"Jaw Worm","floor":1.0,"turns":3.0},{"damage":1.0,"enemies":"Cultist","floor":4.0,"turns":3.0},{"damage":3.0,"enemies":"Small Slimes","floor":5.0,"turns":2.0},{"damage":26.0,"enemies":"3 Sentries","floor":6.0,"turns":4.0},{"damage":3.0,"enemies":"Blue Slaver","floor":8.0,"turns":3.0},{"damage":9,"enemies":"Lagavulin","floor":10,"turns":6},{"damage":0,"enemies":"3 Louse","floor":12,"turns":3},{"damage":12,"enemies":"Large Slime","floor":13,"turns":6},{"damage":1,"enemies":"2 Fungi Beasts","floor":14,"turns":2},{"damage":36,"enemies":"Hexaghost","floor":16,"turns":7}],"seed_played":"539660148765525835","potions_obtained":[{"floor":3.0,"key":"SpeedPotion"},{"floor":3.0,"key":"SkillPotion"},{"floor":8.0,"key":"Dexterity Potion"},{"floor":13,"key":"Energy Potion"},{"floor":14,"key":"EssenceOfSteel"}],"is_trial":false,"path_per_floor":["M","?","?","M","M","E","R","M","T","E","R","M","M","M","R","B"],"character_chosen":"DEFECT","items_purchased":[],"campfire_rested":1,"item_purchase_floors":[],"current_hp_per_floor":[64,53,53,52,49,23,23,20,27,18,18,18,6,5,30,0],"gold":324,"neow_bonus":"TEN_PERCENT_HP_BONUS","is_prod":false,"is_daily":false,"chose_seed":false,"campfire_upgraded":2,"win_rate":0,"timestamp":1548516731,"path_taken":["M","?","?","M","M","E","R","M","T","E","R","M","M","?","R","BOSS"],"build_version":"2019-01-23","purchased_purges":0,"victory":false,"max_hp_per_floor":[78,78,78,78,78,78,78,78,85,85,85,85,85,85,85,85],"card_choices":[{"not_picked":["Redo","Recycle"],"picked":"Melter","floor":1.0},{"not_picked":["Force Field","Capacitor"],"picked":"Stack","floor":4.0},{"not_picked":["Hello World","Leap"],"picked":"Redo","floor":5.0},{"not_picked":["Streamline","Skim"],"picked":"Steam","floor":6.0},{"not_picked":["White Noise","Reprogram"],"picked":"Steam","floor":8.0},{"not_picked":["Reinforced Body","Doom and Gloom"],"picked":"Creative AI","floor":10},{"not_picked":["Turbo","Barrage","Static Discharge"],"picked":"SKIP","floor":12},{"not_picked":["Sweeping Beam","Tempest"],"picked":"Doom and Gloom","floor":13},{"not_picked":["Rebound","Coolheaded"],"picked":"White Noise","floor":14}],"player_experience":1079164,"relics_obtained":[{"floor":6.0,"key":"Potion Belt"},{"floor":9.0,"key":"Strawberry"},{"floor":10,"key":"Centennial Puzzle"}],"event_choices":[{"damage_healed":0.0,"max_hp_gain":0.0,"max_hp_loss":0.0,"gold_gain":75.0,"event_name":"World of Goop","player_choice":"Gather Gold","floor":2.0,"gold_loss":0.0,"damage_taken":11.0},{"damage_healed":0.0,"max_hp_gain":0.0,"max_hp_loss":0.0,"gold_gain":0.0,"event_name":"The Woman in Blue","player_choice":"Bought 2 Potions","floor":3.0,"gold_loss":0.0,"damage_taken":0.0}],"is_beta":false,"boss_relics":[],"items_purged_floors":[],"is_endless":false,"potions_floor_spawned":[4,5,8,13,14],"killed_by":"Hexaghost","ascension_level":20}