{"gold_per_floor":[216,216,216,234,247,247,45,45,117,117,133,133,133,153,153,255,255,274,285,33,33,49,49,148,148,198,213,213,233,283,15,15,117,117,131,3,3,3,21,21,49,49,98,128,100,129,141,168,180,192],"floor_reached":51,"playtime":2708,"items_purged":["Doubt"],"score":967,"play_id":"6900985d-2855-43f8-b741-b15d8e2bfce5","local_time":"20180927102723","is_ascension_mode":true,"campfire_choices":[{"data":"Glacier","floor":6,"key":"SMITH"},{"data":"Zap","floor":8,"key":"SMITH"},{"data":"Self Repair","floor":10,"key":"SMITH"},{"floor":12,"key":"REST"},{"data":"Redo","floor":15,"key":"SMITH"},{"data":"Streamline","floor":23,"key":"SMITH"},{"data":"Coolheaded","floor":25,"key":"SMITH"},{"data":"Conserve Battery","floor":28,"key":"SMITH"},{"data":"Metamorphosis","floor":32,"key":"SMITH"},{"floor":40,"key":"REST"},{"floor":42,"key":"REST"},{"floor":49,"key":"REST"}],"neow_cost":"NONE","seed_source_timestamp":36657446364342,"circlet_count":0,"master_deck":["Strike_B","Strike_B","Strike_B","Defend_B","Defend_B+1","Defend_B","Defend_B+1","Zap+1","Dualcast","Coolheaded+1","Glacier+1","Self Repair+1","Conserve Battery+1","Go for the Eyes+1","Redo+1","Core Surge","Rebound+1","Barrage+1","Streamline+1","Hologram+1","Metamorphosis+1","Creative AI","Beam Cell","Loop+1","Discovery","Swift Strike","FTL+1","Electrodynamics","Clumsy","Seek","Conserve Battery+1"],"relics":["Cracked Core","Oddly Smooth Stone","Mummified Hand","Cursed Key","Matryoshka","Darkstone Periapt","Ornamental Fan","Lantern","Fusion Hammer","Anchor","MawBank","Strawberry"],"potions_floor_usage":[11,16,33,39,41,46,50],"damage_taken":[{"damage":0,"enemies":"2 Louse","floor":1,"turns":3},{"damage":0,"enemies":"Cultist","floor":4,"turns":3},{"damage":11,"enemies":"Small Slimes","floor":5,"turns":5},{"damage":19,"enemies":"Gremlin Gang","floor":11,"turns":7},{"damage":1,"enemies":"Exordium Wildlife","floor":14,"turns":5},{"damage":12,"enemies":"Slime Boss","floor":16,"turns":30},{"damage":2,"enemies":"Spheric Guardian","floor":18,"turns":8},{"damage":0,"enemies":"Chosen","floor":19,"turns":5},{"damage":14,"enemies":"Snake Plant","floor":22,"turns":6},{"damage":10,"enemies":"Shelled Parasite and Fungi","floor":27,"turns":6},{"damage":18,"enemies":"Snecko","floor":29,"turns":6},{"damage":75,"enemies":"Champ","floor":33,"turns":10},{"damage":0,"enemies":"Orb Walker","floor":35,"turns":3},{"damage":12,"enemies":"3 Darklings","floor":39,"turns":4},{"damage":30,"enemies":"Giant Head","floor":41,"turns":8},{"damage":16,"enemies":"Reptomancer","floor":44,"turns":4},{"damage":43,"enemies":"4 Shapes","floor":46,"turns":5},{"damage":1,"enemies":"Spire Growth","floor":48,"turns":5},{"damage":45,"enemies":"Awakened One","floor":50,"turns":16}],"seed_played":"7986298148050762619","potions_obtained":[{"floor":5,"key":"Ancient Potion"},{"floor":14,"key":"FocusPotion"},{"floor":19,"key":"Regen Potion"},{"floor":29,"key":"Dexterity Potion"},{"floor":39,"key":"Strength Potion"},{"floor":44,"key":"Fire Potion"},{"floor":46,"key":"Energy Potion"}],"is_trial":false,"path_per_floor":["M","?","?","M","M","R","$","R","T","R","M","R","?","M","R","B",null,"M","M","$","?","M","R","?","R","T","M","R","M","?","$","R","B",null,"M","$","?","$","M","R","E","R","T","M","?","M","?","M","R","B"],"character_chosen":"DEFECT","items_purchased":["Oddly Smooth Stone","Conserve Battery","Matryoshka","Metamorphosis","Loop","PowerPotion"],"campfire_rested":4,"item_purchase_floors":[7,7,20,31,36,36],"current_hp_per_floor":[68,53,53,53,42,42,42,42,42,42,33,55,55,64,64,62,72,75,75,75,75,71,71,71,71,77,77,77,69,69,69,69,19,66,66,66,61,61,59,81,61,81,94,78,78,45,45,54,82,37],"gold":204,"neow_bonus":"HUNDRED_GOLD","is_prod":false,"is_daily":false,"chose_seed":false,"campfire_upgraded":8,"win_rate":0,"timestamp":1538036843,"path_taken":["M","?","?","M","M","R","$","R","T","R","M","R","?","M","R","BOSS","M","M","$","?","M","R","?","R","T","M","R","M","?","$","R","BOSS","M","$","?","$","?","R","E","R","T","M","?","M","?","M","R","BOSS"],"build_version":"2018-09-20","purchased_purges":1,"victory":true,"max_hp_per_floor":[75,75,75,75,75,75,75,75,75,75,75,75,75,75,75,75,75,75,75,75,75,75,75,75,75,81,81,81,81,81,81,81,81,81,81,81,81,81,81,81,81,81,94,94,94,94,94,94,94,94],"card_choices":[{"not_picked":["Barrage","Hologram"],"picked":"Coolheaded","floor":1},{"not_picked":["Steam","Compile Driver"],"picked":"Glacier","floor":4},{"not_picked":["Redo","Turbo"],"picked":"Self Repair","floor":5},{"not_picked":["Stack","Blizzard"],"picked":"Go for the Eyes","floor":11},{"not_picked":["Compile Driver","Gash"],"picked":"Redo","floor":14},{"not_picked":["Buffer","Reboot"],"picked":"Core Surge","floor":16},{"not_picked":["Double Energy","Steam Power"],"picked":"Rebound+1","floor":18},{"not_picked":["Fusion","Gash"],"picked":"Barrage+1","floor":19},{"not_picked":["Turbo","Rebound"],"picked":"Streamline","floor":22},{"not_picked":["Gash","Redo","Go for the Eyes"],"picked":"SKIP","floor":27},{"not_picked":["Rebound","Streamline"],"picked":"Hologram+1","floor":29},{"not_picked":["Core Surge","Buffer"],"picked":"Creative AI","floor":33},{"not_picked":["Auto Shields+1","Force Field"],"picked":"Beam Cell","floor":35},{"not_picked":["Master of Strategy","The Bomb"],"picked":"Discovery","floor":37},{"not_picked":["Panache","Jack Of All Trades"],"picked":"Swift Strike","floor":37},{"not_picked":["Steam","Beam Cell+1"],"picked":"FTL+1","floor":39},{"not_picked":["Compile Driver","Blizzard+1"],"picked":"Electrodynamics","floor":41},{"not_picked":["Sweeping Beam","Coolheaded","Gash+1"],"picked":"SKIP","floor":44},{"not_picked":["Streamline+1","Scrape+1","Turbo+1"],"picked":"SKIP","floor":46},{"not_picked":["Coolheaded+1","Turbo"],"picked":"Conserve Battery+1","floor":48}],"player_experience":699902,"relics_obtained":[{"floor":9,"key":"Mummified Hand"},{"floor":26,"key":"Ornamental Fan"},{"floor":26,"key":"Lantern"},{"floor":41,"key":"Anchor"},{"floor":43,"key":"MawBank"},{"floor":43,"key":"Strawberry"}],"event_choices":[{"event_name":"Shining Light","player_choice":"Entered Light","floor":2,"damage_taken":0},{"event_name":"Bonfire Elementals","player_choice":"BASIC","floor":3,"damage_taken":0},{"event_name":"Living Wall","player_choice":"Grow","floor":13,"damage_taken":0},{"event_name":"The Mausoleum","player_choice":"Yes","floor":21,"damage_taken":0},{"event_name":"Nest","player_choice":"Stole From Cult","floor":24,"damage_taken":0},{"event_name":"The Joust","player_choice":"Bet on Murderer","floor":30,"damage_taken":0},{"event_name":"SensoryStone","player_choice":"Memory 2","floor":37,"damage_taken":0},{"event_name":"Designer","player_choice":"Upgrade Card","floor":45,"damage_taken":0},{"event_name":"Match and Keep!","player_choice":"1 cards matched","floor":47,"damage_taken":0}],"is_beta":false,"boss_relics":[{"not_picked":["Black Star","Empty Cage"],"picked":"Cursed Key"},{"not_picked":["Philosopher\u0027s Stone","White Beast Statue"],"picked":"Fusion Hammer"}],"items_purged_floors":[31],"is_endless":false,"potions_floor_spawned":[5,14,19,29,39,44,46],"ascension_level":9}