{"gold_per_floor":[122,20,20,20,33,33,44,62,62,62,81,111,126,26,26,126,126,145,20,20,31,47,78,52,52,52,83,98,108,128,141,141,141],"floor_reached":33,"playtime":1803,"items_purged":["Parasite","Regret","Decay"],"score":291,"play_id":"3e2f3a71-7de7-4253-a534-264889e859a0","local_time":"20181023205043","is_ascension_mode":false,"campfire_choices":[{"data":"Spot Weakness","floor":6,"key":"SMITH"},{"data":"Heavy Blade","floor":10,"key":"SMITH"},{"floor":15,"key":"REST"},{"floor":25,"key":"REST"},{"floor":32,"key":"REST"}],"neow_cost":"NONE","seed_source_timestamp":1047409747377586,"circlet_count":0,"master_deck":["Strike_R","Strike_R","Strike_R","Strike_R","Strike_R","Defend_R","Defend_R","Defend_R","Bash","Writhe","Flex","Rupture","Spot Weakness+1","Thunderclap","Clothesline","Heavy Blade+1","Dropkick","Twin Strike","Immolate","Battle Trance","Combust","Sword Boomerang","Sword Boomerang","Flex","Headbutt+1","Flex"],"relics":["Calling Bell","Pantograph","MawBank","Thread and Needle","Ornamental Fan","Gremlin Horn","Art of War","Busted Crown","Omamori","Torii","Bottled Tornado"],"potions_floor_usage":[5,16,16,23,27,28,31],"damage_taken":[{"damage":0,"enemies":"Jaw Worm","floor":1,"turns":5},{"damage":12,"enemies":"2 Louse","floor":5,"turns":2},{"damage":8,"enemies":"Small Slimes","floor":7,"turns":3},{"damage":11,"enemies":"2 Fungi Beasts","floor":8,"turns":3},{"damage":11,"enemies":"Blue Slaver","floor":11,"turns":3},{"damage":26,"enemies":"Lagavulin","floor":12,"turns":5},{"damage":1,"enemies":"3 Louse","floor":13,"turns":3},{"damage":35,"enemies":"Slime Boss","floor":16,"turns":9},{"damage":16,"enemies":"Spheric Guardian","floor":18,"turns":4},{"damage":2,"enemies":"Chosen","floor":21,"turns":3},{"damage":5,"enemies":"3 Cultists","floor":22,"turns":3},{"damage":14,"enemies":"Gremlin Leader","floor":23,"turns":3},{"damage":23,"enemies":"Book of Stabbing","floor":27,"turns":4},{"damage":2,"enemies":"Chosen and Byrds","floor":28,"turns":3},{"damage":3,"enemies":"Snecko","floor":29,"turns":4},{"damage":6,"enemies":"Snake Plant","floor":30,"turns":3},{"damage":19,"enemies":"Shelled Parasite and Fungi","floor":31,"turns":3},{"damage":61,"enemies":"Champ","floor":33,"turns":9}],"seed_played":"-7208432013707148051","potions_obtained":[{"floor":1,"key":"Explosive Potion"},{"floor":5,"key":"Dexterity Potion"},{"floor":13,"key":"GamblersBrew"},{"floor":22,"key":"EssenceOfSteel"},{"floor":23,"key":"SteroidPotion"},{"floor":27,"key":"SkillPotion"},{"floor":29,"key":"FearPotion"}],"is_trial":false,"path_per_floor":["M","$","?","?","M","R","M","M","T","R","M","E","M","$","R","B",null,"M","$","?","M","M","E","$","R","T","E","M","M","M","M","R"],"character_chosen":"IRONCLAD","items_purchased":["Rupture","Flex"],"campfire_rested":3,"item_purchase_floors":[2,24],"current_hp_per_floor":[80,77,77,77,65,65,57,46,46,46,35,9,8,8,31,21,77,61,61,61,59,54,40,40,63,63,40,38,35,29,10,33,0],"gold":141,"neow_bonus":"BOSS_RELIC","is_prod":false,"is_daily":false,"chose_seed":false,"campfire_upgraded":2,"win_rate":0.0,"timestamp":1540281043,"path_taken":["M","$","?","?","M","R","M","M","T","R","M","E","M","$","R","BOSS","M","$","?","M","M","E","?","R","T","E","?","M","M","M","R","BOSS"],"build_version":"2018-10-18","purchased_purges":3,"victory":false,"max_hp_per_floor":[80,77,77,77,77,77,77,77,77,77,77,77,77,77,77,77,77,77,77,77,77,77,77,77,77,77,77,77,77,77,77,77,77],"card_choices":[{"not_picked":["Shrug It Off","True Grit"],"picked":"Flex","floor":1},{"not_picked":["Pummel","Shrug It Off"],"picked":"Thunderclap","floor":5},{"not_picked":["Warcry","Intimidate"],"picked":"Clothesline","floor":7},{"not_picked":["Impervious","True Grit"],"picked":"Heavy Blade","floor":8},{"not_picked":["Perfected Strike","Clash"],"picked":"Dropkick","floor":11},{"not_picked":["Burning Pact","Havoc","Ghostly Armor"],"picked":"SKIP","floor":12},{"not_picked":["Heavy Blade","Havoc"],"picked":"Twin Strike","floor":13},{"not_picked":["Reaper","Barricade"],"picked":"Immolate","floor":16},{"not_picked":[],"picked":"Battle Trance","floor":18},{"not_picked":["Havoc"],"picked":"SKIP","floor":21},{"not_picked":[],"picked":"Sword Boomerang","floor":22},{"not_picked":[],"picked":"Sword Boomerang","floor":23},{"not_picked":[],"picked":"Headbutt+1","floor":27},{"not_picked":["Sever Soul"],"picked":"SKIP","floor":28},{"not_picked":[],"picked":"Flex","floor":29},{"not_picked":["Dropkick"],"picked":"SKIP","floor":30},{"not_picked":["Ghostly Armor"],"picked":"SKIP","floor":31}],"player_experience":202397,"relics_obtained":[{"floor":0,"key":"Pantograph"},{"floor":0,"key":"MawBank"},{"floor":0,"key":"Thread and Needle"},{"floor":9,"key":"Gremlin Horn"},{"floor":12,"key":"Art of War"},{"floor":23,"key":"Omamori"},{"floor":26,"key":"Torii"},{"floor":27,"key":"Bottled Tornado"}],"event_choices":[{"damage_healed":0,"gold_gain":0,"cards_transformed":["Defend_R"],"player_choice":"Change","damage_taken":0,"max_hp_gain":0,"max_hp_loss":0,"event_name":"Living Wall","floor":3,"gold_loss":0,"cards_obtained":["Spot Weakness"]},{"damage_healed":0,"gold_gain":0,"player_choice":"Box","damage_taken":0,"relics_obtained":["Ornamental Fan"],"max_hp_gain":0,"max_hp_loss":0,"event_name":"Big Fish","floor":4,"gold_loss":0,"cards_obtained":["Regret"]},{"damage_healed":0,"gold_gain":0,"player_choice":"Read","damage_taken":0,"max_hp_gain":0,"max_hp_loss":0,"event_name":"The Library","floor":20,"gold_loss":0,"cards_obtained":["Combust"]}],"is_beta":false,"boss_relics":[{"not_picked":["Runic Pyramid","Velvet Choker"],"picked":"Busted Crown"}],"items_purged_floors":[2,14,19],"is_endless":false,"potions_floor_spawned":[1,5,13,22,23,27,29],"killed_by":"Champ","ascension_level":0}