{"path_per_floor":["M","$","M","?","?","R","E","M","T","M","R","$","M","M","R","B",null,"M","?","?","$","?","R","M","R","T","$","?","R","?","M","R","B",null,"M","$","M","M","?","R","?","R","T","M","M","M","R","M","R"],"character_chosen":"IRONCLAD","items_purchased":["Bottled Flame","Shrug It Off"],"gold_per_floor":[110,35,55,11,11,11,44,59,86,111,111,11,36,50,50,173,173,189,189,189,64,64,64,87,87,114,114,214,214,214,238,238,359,359,382,88,104,119,119,119,178,178,178,197,216,239,239,260,260,260],"floor_reached":50,"campfire_rested":1,"playtime":2043,"current_hp_per_floor":[83,83,83,83,80,80,70,78,78,81,81,81,78,87,87,79,92,81,66,50,50,50,50,60,60,60,60,60,60,60,61,61,12,69,69,69,69,59,50,50,71,71,71,71,46,7,43,72,72,0],"items_purged":["Strike_R","Strike_R","Bite"],"gold":260,"score":442,"play_id":"dbbb3371-b84d-4efa-b8d4-4c1838fd2d8b","local_time":"20180325204023","is_prod":false,"is_daily":false,"is_ascension_mode":false,"campfire_upgraded":10,"timestamp":1522003223,"path_taken":["M","$","M","?","?","R","E","M","T","?","R","$","M","M","R","BOSS","M","?","?","$","?","R","?","R","T","$","?","R","?","M","R","BOSS","M","$","?","M","?","R","?","R","T","M","M","M","R","M","R","BOSS"],"build_version":"2018-03-22v2","purchased_purges":3,"victory":false,"master_deck":["Defend_R","Defend_R","Defend_R","Bash+1","Feed","Seeing Red","Shrug It Off+1","Flame Barrier+1","Twin Strike","Disarm+1","Rage+1","Bludgeon+1","Flex+1","Bite","Bite","Bite","Necronomicurse","Shrug It Off+1","Reaper","Shrug It Off+1","Madness+1","Madness+1"],"max_hp_per_floor":[83,83,86,86,80,80,83,86,86,89,89,89,89,92,92,92,92,95,66,66,66,66,66,66,66,66,66,66,66,66,69,69,69,69,69,69,69,69,69,69,72,72,72,72,72,72,72,72,72,72],"relics":["Burning Blood","Golden Idol","Regal Pillow","Prayer Wheel","Mark of Pain","Necronomicon","Dream Catcher","Velvet Choker","Bottled Flame","Bird Faced Urn","Blue Candle"],"card_choices":[{"not_picked":["Sever Soul","Headbutt"],"picked":"Seeing Red","floor":1},{"not_picked":["Body Slam","Thunderclap"],"picked":"Shrug It Off","floor":3},{"not_picked":["Ghostly Armor","Blood for Blood"],"picked":"Flame Barrier","floor":7},{"not_picked":["Clash","Wild Strike"],"picked":"Twin Strike","floor":8},{"not_picked":["Heavy Blade","Body Slam"],"picked":"Disarm","floor":10},{"not_picked":["Seeing Red","Wild Strike"],"picked":"Rage","floor":14},{"not_picked":["Impervious","Dark Embrace"],"picked":"Bludgeon","floor":16},{"not_picked":["Flame Barrier","Clothesline"],"picked":"Flex","floor":18},{"not_picked":["Armaments","Pommel Strike"],"picked":"Shrug It Off","floor":31},{"not_picked":["Double Tap","Fiend Fire"],"picked":"Reaper","floor":33}],"player_experience":146086,"potions_floor_usage":[7,13,33,38,41,50,50,50],"damage_taken":[{"damage":4,"enemies":"Small Slimes","floor":1,"turns":4},{"damage":9,"enemies":"2 Louse","floor":3,"turns":5},{"damage":19,"enemies":"Lagavulin","floor":7,"turns":10},{"damage":1,"enemies":"Jaw Worm","floor":8,"turns":5},{"damage":6,"enemies":"2 Fungi Beasts","floor":10,"turns":5},{"damage":9,"enemies":"Large Slime","floor":13,"turns":9},{"damage":0,"enemies":"Blue Slaver","floor":14,"turns":6},{"damage":14,"enemies":"The Guardian","floor":16,"turns":17},{"damage":20,"enemies":"3 Byrds","floor":18,"turns":6},{"damage":0,"enemies":"Shell Parasite","floor":24,"turns":2},{"damage":10,"enemies":"Sentry and Sphere","floor":31,"turns":3},{"damage":75,"enemies":"Automaton","floor":33,"turns":11},{"damage":6,"enemies":"3 Shapes","floor":35,"turns":7},{"damage":0,"enemies":"Orb Walker","floor":37,"turns":2},{"damage":16,"enemies":"Maw","floor":38,"turns":7},{"damage":10,"enemies":"Sphère mystérieuse","floor":41,"turns":5},{"damage":13,"enemies":"3 Darklings","floor":44,"turns":7},{"damage":34,"enemies":"4 Shapes","floor":45,"turns":7},{"damage":65,"enemies":"Maw","floor":46,"turns":10},{"damage":11,"enemies":"3 Darklings","floor":48,"turns":6},{"damage":94,"enemies":"Donu and Deca","floor":50,"turns":7}],"event_choices":[{"event_name":"World of Goop","player_choice":"Left","floor":4,"damage_taken":0},{"event_name":"Golden Idol","player_choice":"Lose Max HP","floor":5,"damage_taken":0},{"event_name":"Vampires","player_choice":"Became a vampire","floor":19,"damage_taken":0},{"event_name":"Cursed Tome","player_choice":"Obtained Book","floor":20,"damage_taken":0},{"event_name":"Back to Basics","player_choice":"Elegance","floor":22,"damage_taken":0},{"event_name":"Golden Shrine","player_choice":"Pray","floor":28,"damage_taken":0},{"event_name":"Bonfire Elementals","player_choice":"BASIC","floor":30,"damage_taken":0},{"event_name":"Winding Halls","player_choice":"Embrace Madness","floor":39,"damage_taken":0},{"event_name":"Mysterious Sphere","player_choice":"Fight","floor":41,"damage_taken":0}],"boss_relics":[{"not_picked":["Question Card","Runic Dome"],"picked":"Mark of Pain"},{"not_picked":["Pandora\u0027s Box","Astrolabe"],"picked":"Velvet Choker"}],"potions_floor_spawned":[1,7,13,24,31,33,35,37,38,48],"seed_played":"-8125553549656625705","killed_by":"Donu and Deca","ascension_level":0,"is_trial":false}