{"gold_per_floor":[119,69,86,104,119,119,136,150,150,150],"floor_reached":10,"playtime":437,"items_purged":["Strike_G"],"score":109,"play_id":"7ddcb18e-4eb0-4723-9f62-5a8ecd1ca3ed","local_time":"20190129143851","is_ascension_mode":true,"campfire_choices":[{"data":"Flechettes","floor":6,"key":"SMITH"}],"neow_cost":"NONE","seed_source_timestamp":23660908875672,"circlet_count":0,"master_deck":["AscendersBane","Defend_G","Defend_G","Defend_G","Defend_G","Defend_G","Strike_G","Strike_G","Strike_G","Strike_G","Survivor","Neutralize","Flechettes","Flechettes+1","Setup","Cloak And Dagger","Flechettes"],"relics":["Ring of the Snake","Smiling Mask","Sundial"],"potions_floor_usage":[],"damage_taken":[{"damage":5,"enemies":"Cultist","floor":1,"turns":6},{"damage":0,"enemies":"2 Louse","floor":3,"turns":3},{"damage":4,"enemies":"Small Slimes","floor":4,"turns":3},{"damage":1,"enemies":"Exordium Wildlife","floor":5,"turns":3},{"damage":18,"enemies":"Large Slime","floor":7,"turns":8},{"damage":0,"enemies":"Looter","floor":8,"turns":3},{"damage":41,"enemies":"Lagavulin","floor":10,"turns":7}],"seed_played":"-9014800148685333607","potions_obtained":[{"floor":4,"key":"Ancient Potion"},{"floor":7,"key":"Explosive Potion"}],"is_trial":false,"path_per_floor":["M","$","M","M","M","R","M","M","T","E"],"character_chosen":"THE_SILENT","items_purchased":[],"campfire_rested":0,"item_purchase_floors":[],"current_hp_per_floor":[54,54,54,50,49,49,31,31,31,0],"gold":150,"neow_bonus":"RANDOM_COMMON_RELIC","is_prod":false,"is_daily":false,"chose_seed":false,"campfire_upgraded":1,"win_rate":0,"timestamp":1548769131,"path_taken":["M","$","M","M","M","R","M","M","T","E"],"build_version":"2019-01-23","purchased_purges":1,"victory":false,"max_hp_per_floor":[66,66,66,66,66,66,66,66,66,66],"card_choices":[{"not_picked":["Blade Dance","Deflect"],"picked":"Flechettes","floor":1},{"not_picked":["Flying Knee","Slice"],"picked":"Flechettes","floor":3},{"not_picked":["Dagger Throw","Endless Agony"],"picked":"Setup","floor":4},{"not_picked":["Dagger Throw","Underhanded Strike","Prepared"],"picked":"SKIP","floor":5},{"not_picked":["Backstab","Finisher"],"picked":"Cloak And Dagger","floor":7},{"not_picked":["Sucker Punch","Skewer"],"picked":"Flechettes","floor":8}],"player_experience":420859,"relics_obtained":[{"floor":9,"key":"Sundial"}],"event_choices":[],"is_beta":false,"boss_relics":[],"items_purged_floors":[2],"is_endless":false,"potions_floor_spawned":[4,7],"killed_by":"Lagavulin","ascension_level":15}