{"gold_per_floor":[113,129,146,96,96,96,96,116,116,116,135,135,152,179,179,280,280,280,280,280,280,280,280,4,4,4,4,4,4,4,4,4,4,4,4,4,4,4,4,4,4,4,4,4,4,4,4,4,4,4],"floor_reached":51,"playtime":2209,"items_purged":[],"score":791,"play_id":"213046b8-536c-4254-9b7e-7b01594c144d","local_time":"20190201160208","is_ascension_mode":false,"campfire_choices":[{"data":"Zap","floor":6.0,"key":"SMITH"},{"data":"Loop","floor":10.0,"key":"SMITH"},{"data":"Tempest","floor":12.0,"key":"SMITH"},{"floor":15.0,"key":"REST"},{"data":"Machine Learning","floor":27.0,"key":"SMITH"},{"floor":29.0,"key":"REST"},{"floor":32,"key":"REST"},{"floor":42,"key":"REST"},{"data":"Echo Form","floor":47,"key":"SMITH"},{"data":"White Noise","floor":49,"key":"SMITH"}],"neow_cost":"NONE","seed_source_timestamp":16502961488594,"circlet_count":0,"master_deck":["Strike_B+1","Strike_B","Strike_B","Defend_B+1","Defend_B","Defend_B","Defend_B","Zap+1","Dualcast","Sweeping Beam+1","Ball Lightning","Loop+1","Tempest+1","Coolheaded+1","White Noise+1","Core Surge","Leap","Ball Lightning+1","Double Energy+1","Machine Learning+1","Conserve Battery","Go for the Eyes","Storm+1","Sweeping Beam","Ghostly+1","Ghostly+1","Ghostly+1","Ghostly+1","Ghostly+1","Echo Form+1","Echo Form","Defragment+1","Compile Driver","Coolheaded+1","Bandage Up+1","Good Instincts+1","Blind+1","Conserve Battery+1","Hologram+1","Undo+1","Defragment+1","Stack+1"],"special_seed":0,"relics":["Philosopher\u0027s Stone","Cables","Sundial","Gremlin Horn","Ectoplasm","Strange Spoon","Toxic Egg 2","Mercury Hourglass","Tiny House","Incense Burner","Centennial Puzzle"],"potions_floor_usage":[31,39,50,50,50],"damage_taken":[{"damage":2.0,"enemies":"Jaw Worm","floor":1.0,"turns":3.0},{"damage":3.0,"enemies":"Small Slimes","floor":2.0,"turns":3.0},{"damage":2.0,"enemies":"Cultist","floor":3.0,"turns":3.0},{"damage":0.0,"enemies":"Lots of Slimes","floor":8.0,"turns":2.0},{"damage":6.0,"enemies":"Gremlin Gang","floor":11.0,"turns":3.0},{"damage":1.0,"enemies":"Looter","floor":13.0,"turns":2.0},{"damage":10.0,"enemies":"3 Sentries","floor":14.0,"turns":4.0},{"damage":0.0,"enemies":"Slime Boss","floor":16.0,"turns":4.0},{"damage":11.0,"enemies":"Spheric Guardian","floor":18.0,"turns":4.0},{"damage":6.0,"enemies":"Shell Parasite","floor":19.0,"turns":5.0},{"damage":0.0,"enemies":"Snake Plant","floor":20.0,"turns":2.0},{"damage":3.0,"enemies":"Cultist and Chosen","floor":22.0,"turns":4.0},{"damage":0.0,"enemies":"Slavers","floor":23.0,"turns":1.0},{"damage":11.0,"enemies":"Sentry and Sphere","floor":25.0,"turns":3.0},{"damage":21.0,"enemies":"Snake Plant","floor":28.0,"turns":3.0},{"damage":16,"enemies":"Gremlin Leader","floor":31,"turns":5},{"damage":3,"enemies":"Automaton","floor":33,"turns":8},{"damage":0,"enemies":"Orb Walker","floor":35,"turns":4},{"damage":1,"enemies":"Mind Bloom Boss Battle","floor":36,"turns":7},{"damage":12,"enemies":"3 Darklings","floor":39,"turns":3},{"damage":17,"enemies":"Spire Growth","floor":40,"turns":4},{"damage":0,"enemies":"4 Shapes","floor":44,"turns":2},{"damage":6,"enemies":"Transient","floor":46,"turns":5},{"damage":13,"enemies":"Sphere and 2 Shapes","floor":48,"turns":3},{"damage":3,"enemies":"Time Eater","floor":50,"turns":13}],"seed_played":"-869814226783942852","potions_obtained":[{"floor":1.0,"key":"Explosive Potion"},{"floor":13.0,"key":"FearPotion"},{"floor":14.0,"key":"PowerPotion"},{"floor":20.0,"key":"SmokeBomb"},{"floor":22.0,"key":"SpeedPotion"},{"floor":28.0,"key":"Dexterity Potion"},{"floor":34,"key":"LiquidBronze"},{"floor":35,"key":"SneckoOil"},{"floor":44,"key":"SteroidPotion"}],"is_trial":false,"path_per_floor":["M","M","M","?","?","R","T","M","T","R","M","R","M","E","R","B",null,"M","M","M","?","M","E","$","M","T","R","M","R","?","E","R","B",null,"M","?","?","?","M","M","$","R","T","M","$","M","R","M","R","B",null],"character_chosen":"DEFECT","items_purchased":["Strange Spoon","Conserve Battery","Go for the Eyes"],"campfire_rested":4,"item_purchase_floors":[24,24,24],"current_hp_per_floor":[73,70,68,68,53,53,53,53,53,53,47,47,46,36,58,58,75,64,58,58,44,41,41,41,30,30,30,9,33,33,17,29,26,45,45,44,34,34,28,23,23,36,36,36,36,42,42,41,41,45],"gold":4,"neow_bonus":"BOSS_RELIC","is_prod":false,"is_daily":false,"chose_seed":false,"campfire_upgraded":6,"win_rate":0,"timestamp":1549058528,"path_taken":["M","M","M","?","?","R","?","?","T","R","M","R","?","E","R","BOSS","M","?","M","?","M","E","$","M","T","R","M","R","?","E","R","BOSS","M","?","?","?","M","M","$","R","T","M","$","M","R","?","R","BOSS"],"build_version":"2019-01-23","purchased_purges":0,"victory":true,"max_hp_per_floor":[75,75,75,75,75,75,75,75,75,75,75,75,75,75,75,75,75,75,75,75,80,80,80,80,80,80,80,80,80,40,40,40,40,45,45,45,45,45,45,45,45,45,45,45,45,45,45,45,45,45],"card_choices":[{"not_picked":["Rip and Tear","Stack"],"picked":"Sweeping Beam","floor":1.0},{"not_picked":["Melter","Stack"],"picked":"Ball Lightning","floor":2.0},{"not_picked":["Sunder","Recycle","Static Discharge"],"picked":"SKIP","floor":3.0},{"not_picked":["Reprogram","Force Field"],"picked":"Loop","floor":8.0},{"not_picked":["Streamline","Leap"],"picked":"Tempest","floor":11.0},{"not_picked":["Heatsinks","Streamline"],"picked":"Coolheaded","floor":13.0},{"not_picked":["Rip and Tear","Barrage"],"picked":"White Noise","floor":14.0},{"not_picked":["Seek","Rainbow"],"picked":"Core Surge","floor":16.0},{"not_picked":["Redo","Storm"],"picked":"Leap","floor":18.0},{"not_picked":["Steam","Stack"],"picked":"Ball Lightning+1","floor":19.0},{"not_picked":["Hello World","Turbo+1"],"picked":"Double Energy+1","floor":20.0},{"not_picked":["Chaos","Beam Cell"],"picked":"Machine Learning","floor":22.0},{"not_picked":["Hello World","Blizzard"],"picked":"Storm+1","floor":25.0},{"not_picked":["Redo+1","Barrage"],"picked":"Sweeping Beam","floor":28.0},{"not_picked":["Chill+1","Steam+1"],"picked":"Echo Form","floor":31},{"not_picked":["Biased Cognition","Buffer"],"picked":"Echo Form","floor":33},{"not_picked":["Hologram+1","Rebound"],"picked":"Defragment+1","floor":34},{"not_picked":["Sweeping Beam+1","Melter"],"picked":"Compile Driver","floor":35},{"not_picked":["Streamline","Gash"],"picked":"Coolheaded+1","floor":36},{"not_picked":["Dark Shackles+1","Impatience+1"],"picked":"Bandage Up+1","floor":37},{"not_picked":["Thinking Ahead+1","Panacea+1"],"picked":"Good Instincts+1","floor":37},{"not_picked":["Magnetism","Enlightenment+1"],"picked":"Blind+1","floor":37},{"not_picked":["Lockon","Go for the Eyes+1"],"picked":"Conserve Battery+1","floor":39},{"not_picked":["Streamline+1","Darkness+1"],"picked":"Hologram+1","floor":40},{"not_picked":["Streamline+1","Barrage+1"],"picked":"Undo+1","floor":44},{"not_picked":["White Noise+1","Compile Driver+1"],"picked":"Defragment+1","floor":46},{"not_picked":["Loop","Rebound"],"picked":"Stack+1","floor":48}],"player_experience":699504,"relics_obtained":[{"floor":7.0,"key":"Cables"},{"floor":9.0,"key":"Sundial"},{"floor":14.0,"key":"Gremlin Horn"},{"floor":26.0,"key":"Toxic Egg 2"},{"floor":31,"key":"Mercury Hourglass"},{"floor":36,"key":"Incense Burner"},{"floor":43,"key":"Centennial Puzzle"}],"event_choices":[{"cards_removed":["Strike_B"],"damage_healed":0.0,"max_hp_gain":0.0,"max_hp_loss":0.0,"gold_gain":0.0,"event_name":"The Cleric","player_choice":"Card Removal","floor":4.0,"gold_loss":50.0,"damage_taken":0.0},{"damage_healed":0.0,"max_hp_gain":0.0,"max_hp_loss":0.0,"gold_gain":0.0,"event_name":"Shining Light","player_choice":"Entered Light","floor":5.0,"gold_loss":0.0,"damage_taken":15.0,"cards_upgraded":["Sweeping Beam","Strike_B"]},{"damage_healed":0.0,"max_hp_gain":5.0,"max_hp_loss":0.0,"gold_gain":0.0,"event_name":"Forgotten Altar","player_choice":"Shed Blood","floor":21.0,"gold_loss":0.0,"damage_taken":19.0},{"damage_healed":0.0,"max_hp_gain":0.0,"max_hp_loss":40.0,"gold_gain":0.0,"event_name":"Ghosts","player_choice":"Became a Ghost","floor":30.0,"gold_loss":0.0,"damage_taken":0.0,"cards_obtained":["Ghostly","Ghostly","Ghostly","Ghostly","Ghostly"]},{"damage_healed":0,"gold_gain":0,"player_choice":"Fight","damage_taken":0,"max_hp_gain":0,"max_hp_loss":0,"event_name":"MindBloom","floor":36,"gold_loss":0},{"damage_healed":0,"gold_gain":0,"player_choice":"Memory 3","damage_taken":10,"max_hp_gain":0,"max_hp_loss":0,"event_name":"SensoryStone","floor":37,"gold_loss":0},{"damage_healed":0,"gold_gain":0,"player_choice":"Upgraded","damage_taken":0,"max_hp_gain":0,"max_hp_loss":0,"event_name":"Upgrade Shrine","floor":38,"gold_loss":0,"cards_upgraded":["Coolheaded"]}],"is_beta":false,"boss_relics":[{"not_picked":["Snecko Eye","Empty Cage"],"picked":"Ectoplasm"},{"not_picked":["Lizard Tail","Runic Pyramid"],"picked":"Tiny House"}],"items_purged_floors":[],"is_endless":false,"potions_floor_spawned":[1,13,14,20,22,23,28,35,36,44],"ascension_level":0}