{"path_per_floor":["M","M","?","M","M","R","M","E","T","R","E","M","?","E","R","B",null,"M","M","$","M","M","E","?"],"character_chosen":"THE_SILENT","items_purchased":["Toxic Egg 2","Dash"],"gold_per_floor":[118,128,128,144,162,162,181,207,230,230,256,276,226,255,255,360,360,348,366,38,48,58,91,191,191],"floor_reached":25,"campfire_rested":0,"playtime":3499,"current_hp_per_floor":[61,61,54,54,54,54,54,54,54,54,62,62,62,61,61,59,74,75,62,62,64,50,17,17,0],"items_purged":["Normality"],"gold":191,"score":365,"play_id":"35689adc-d1f2-401a-a7a8-dc725db7a2cf","local_time":"20180422150840","is_prod":false,"is_daily":false,"chose_seed":false,"is_ascension_mode":true,"campfire_upgraded":3,"timestamp":1524402520,"path_taken":["M","M","?","M","M","R","M","E","T","R","E","M","?","E","R","BOSS","M","M","$","M","M","E","?","E"],"build_version":"2018-04-19","seed_source_timestamp":1672891791850,"purchased_purges":1,"victory":false,"master_deck":["Defend_G","Defend_G","Defend_G","Defend_G","Defend_G","Strike_G","Strike_G","Strike_G","Survivor","Neutralize","Cloak And Dagger","Leg Sweep+1","Quick Slash","Glass Knife+1","Acrobatics","Infinite Blades+1","Cloak And Dagger","Cloak And Dagger","Crippling Poison","Night Terror","Clumsy","Injury","Sucker Punch+1","Dash","A Thousand Cuts","Leg Sweep+1"],"max_hp_per_floor":[70,70,70,70,70,70,70,70,70,70,70,70,70,70,70,70,77,79,79,79,79,81,81,81,81],"relics":["Runic Dome","Lantern","Bag of Preparation","Happy Flower","Singing Bowl","Calling Bell","Strawberry","Smiling Mask","Bird Faced Urn","Toxic Egg 2","Oddly Smooth Stone"],"card_choices":[{"not_picked":["Setup","Dodge and Roll"],"picked":"Cloak And Dagger","floor":1},{"not_picked":["Calculated Gamble","Cloak And Dagger"],"picked":"Leg Sweep","floor":2},{"not_picked":["Riddle With Holes","Outmaneuver"],"picked":"Quick Slash","floor":4},{"not_picked":["Quick Slash","Underhanded Strike"],"picked":"Glass Knife","floor":5},{"not_picked":["Dagger Spray","Riddle With Holes"],"picked":"Acrobatics","floor":7},{"not_picked":["Reflex","Underhanded Strike"],"picked":"Infinite Blades","floor":8},{"not_picked":["Poisoned Stab","Sucker Punch"],"picked":"Cloak And Dagger","floor":11},{"not_picked":["Dodge and Roll","Accuracy"],"picked":"Cloak And Dagger","floor":12},{"not_picked":["Deadly Poison","Quick Slash"],"picked":"Crippling Poison","floor":14},{"not_picked":["Corpse Explosion","Tactician"],"picked":"Night Terror","floor":16},{"not_picked":["Catalyst","Cloak And Dagger"],"picked":"Sucker Punch","floor":19},{"not_picked":["Masterful Stab","Malaise"],"picked":"A Thousand Cuts","floor":21},{"not_picked":["Dodge and Roll","Underhanded Strike"],"picked":"Leg Sweep","floor":23}],"player_experience":619763,"potions_floor_usage":[11,16,16,18,21,25],"damage_taken":[{"damage":2,"enemies":"Jaw Worm","floor":1,"turns":4},{"damage":0,"enemies":"2 Louse","floor":2,"turns":3},{"damage":0,"enemies":"Small Slimes","floor":4,"turns":5},{"damage":0,"enemies":"Exordium Wildlife","floor":5,"turns":6},{"damage":0,"enemies":"3 Louse","floor":7,"turns":3},{"damage":0,"enemies":"3 Sentries","floor":8,"turns":9},{"damage":4,"enemies":"Lagavulin","floor":11,"turns":5},{"damage":0,"enemies":"Large Slime","floor":12,"turns":3},{"damage":1,"enemies":"Gremlin Nob","floor":14,"turns":4},{"damage":2,"enemies":"Slime Boss","floor":16,"turns":7},{"damage":3,"enemies":"2 Thieves","floor":18,"turns":4},{"damage":15,"enemies":"Shell Parasite","floor":19,"turns":7},{"damage":0,"enemies":"Chosen and Byrds","floor":21,"turns":6},{"damage":20,"enemies":"Snake Plant","floor":22,"turns":6},{"damage":35,"enemies":"Book of Stabbing","floor":23,"turns":8},{"damage":27,"enemies":"Slavers","floor":25,"turns":3}],"event_choices":[{"event_name":"Golden Wing","player_choice":"Card Removal","floor":3,"damage_taken":0},{"event_name":"The Cleric","player_choice":"Card Removal","floor":13,"damage_taken":0},{"event_name":"Golden Shrine","player_choice":"Pray","floor":24,"damage_taken":0}],"boss_relics":[{"not_picked":["Astrolabe","Cursed Key"],"picked":"Calling Bell"}],"potions_floor_spawned":[1,7,8,11,12,18,19],"seed_played":"1523650291326761304","killed_by":"Slavers","ascension_level":7,"is_trial":false}