{"gold_per_floor":[115,65,140,150,161,180,180,180,180,195,195,215,232,249,249,347,347,359,372,372,372],"floor_reached":21,"playtime":1345,"items_purged":[],"score":175,"play_id":"8964a374-8c9e-4d37-9168-086572160ed2","local_time":"20181206162727","is_ascension_mode":false,"campfire_choices":[{"floor":7,"key":"REST"},{"data":"Choke","floor":11,"key":"SMITH"},{"data":"Bouncing Flask","floor":15,"key":"SMITH"}],"neow_cost":"NONE","seed_source_timestamp":866876204044875,"circlet_count":0,"master_deck":["Defend_G","Defend_G","Defend_G","Defend_G","Strike_G","Strike_G","Strike_G","Survivor","Neutralize","Bouncing Flask","Blur","Bouncing Flask+1","Bane","Choke+1","Catalyst","Poisoned Stab","Choke","Corpse Explosion","Quick Slash","PiercingWail","Shame"],"relics":["Ring of the Snake","The Courier","Gremlin Horn","Empty Cage","Paper Crane"],"potions_floor_usage":[1,6,6,6,6,10,14,16,18],"damage_taken":[{"damage":0,"enemies":"Jaw Worm","floor":1,"turns":3},{"damage":5,"enemies":"Small Slimes","floor":4,"turns":4},{"damage":0,"enemies":"Cultist","floor":5,"turns":4},{"damage":13,"enemies":"Exordium Thugs","floor":6,"turns":4},{"damage":0,"enemies":"2 Fungi Beasts","floor":10,"turns":2},{"damage":2,"enemies":"Looter","floor":12,"turns":3},{"damage":4,"enemies":"Blue Slaver","floor":13,"turns":4},{"damage":0,"enemies":"2 Fungi Beasts","floor":14,"turns":2},{"damage":35,"enemies":"The Guardian","floor":16,"turns":7},{"damage":17,"enemies":"2 Thieves","floor":18,"turns":4},{"damage":34,"enemies":"Shell Parasite","floor":19,"turns":6},{"damage":21,"enemies":"Centurion and Healer","floor":21,"turns":5}],"seed_played":"-2907500671858292860","potions_obtained":[{"floor":0,"key":"Fire Potion"},{"floor":0,"key":"EntropicBrew"},{"floor":0,"key":"FearPotion"},{"floor":1,"key":"Weak Potion"},{"floor":10,"key":"SteroidPotion"},{"floor":12,"key":"Explosive Potion"},{"floor":14,"key":"Dexterity Potion"},{"floor":16,"key":"FearPotion"}],"is_trial":false,"path_per_floor":["M","?","?","M","M","M","R","T","T","M","R","M","M","M","R","B",null,"M","M","?","M"],"character_chosen":"THE_SILENT","items_purchased":[],"campfire_rested":1,"item_purchase_floors":[],"current_hp_per_floor":[70,70,59,54,54,41,62,62,62,62,62,60,56,56,56,21,70,53,19,19,0],"gold":372,"neow_bonus":"THREE_SMALL_POTIONS","is_prod":false,"is_daily":false,"chose_seed":false,"campfire_upgraded":2,"win_rate":0.0,"timestamp":1544066847,"path_taken":["M","?","?","M","M","M","R","?","T","M","R","M","?","M","R","BOSS","M","?","?","M"],"build_version":"2018-11-15","purchased_purges":0,"victory":false,"max_hp_per_floor":[70,70,70,70,70,70,70,70,70,70,70,70,70,70,70,70,70,70,70,70,70],"card_choices":[{"not_picked":["Backflip","Dagger Throw"],"picked":"Bouncing Flask","floor":1},{"not_picked":["Blade Dance","Catalyst"],"picked":"Blur","floor":4},{"not_picked":["Distraction","Outmaneuver"],"picked":"Bouncing Flask","floor":5},{"not_picked":["Dagger Throw","Infinite Blades"],"picked":"Bane","floor":6},{"not_picked":["Deflect","Outmaneuver"],"picked":"Choke","floor":10},{"not_picked":["Blade Dance","Flying Knee"],"picked":"Catalyst","floor":12},{"not_picked":["Calculated Gamble","Endless Agony"],"picked":"Poisoned Stab","floor":13},{"not_picked":["Terror","Reflex"],"picked":"Choke","floor":14},{"not_picked":["Glass Knife","Doppelganger"],"picked":"Corpse Explosion","floor":16},{"not_picked":["Dodge and Roll+1","Acrobatics+1"],"picked":"Quick Slash","floor":18},{"not_picked":["All Out Attack","Cloak And Dagger+1"],"picked":"PiercingWail","floor":19}],"player_experience":397504,"relics_obtained":[{"floor":8,"key":"The Courier"},{"floor":9,"key":"Gremlin Horn"}],"event_choices":[{"cards_removed":["Strike_G"],"damage_healed":0,"gold_gain":0,"player_choice":"Card Removal","damage_taken":0,"max_hp_gain":0,"max_hp_loss":0,"event_name":"The Cleric","floor":2,"gold_loss":50},{"damage_healed":0,"gold_gain":75,"player_choice":"Gather Gold","damage_taken":11,"max_hp_gain":0,"max_hp_loss":0,"event_name":"World of Goop","floor":3,"gold_loss":0},{"damage_healed":0,"gold_gain":0,"player_choice":"Stole Relic","damage_taken":0,"relics_obtained":["Paper Crane"],"max_hp_gain":0,"max_hp_loss":0,"event_name":"Addict","floor":20,"gold_loss":0,"cards_obtained":["Shame"]}],"is_beta":false,"boss_relics":[{"not_picked":["Calling Bell","Philosopher\u0027s Stone"],"picked":"Empty Cage"}],"items_purged_floors":[],"is_endless":false,"potions_floor_spawned":[1,10,12,14,16],"killed_by":"Centurion and Healer","ascension_level":0}