{"gold_per_floor":[117,130,205,8,26,26,52,52,52,68,68,17,36,63,63,161,161,173,188,188,207,132,132,163,163,186,205,205,223,258,276,276,378,378,395,413,373,389,289,289,322,322,375,375,387,23,39,84,84,84,84,84,33,64,64],"floor_reached":56,"playtime":2868,"items_purged":["Strike_R","Pain"],"score":1227,"play_id":"acc6f96d-a0f3-4c4d-b3ed-00f23313817e","local_time":"20190128234641","is_ascension_mode":false,"campfire_choices":[{"data":"Bash","floor":6.0,"key":"SMITH"},{"data":"Sucker Punch","floor":8.0,"key":"SMITH"},{"data":"Dagger Spray","floor":11.0,"key":"SMITH"},{"data":"Leg Sweep","floor":15.0,"key":"SMITH"},{"data":"Juggernaut","floor":23.0,"key":"SMITH"},{"data":"Deep Breath","floor":25.0,"key":"SMITH"},{"data":"Leap","floor":28.0,"key":"SMITH"},{"data":"Chrysalis","floor":32.0,"key":"SMITH"},{"data":"Barricade","floor":40.0,"key":"SMITH"},{"data":"Shrug It Off","floor":42.0,"key":"SMITH"},{"floor":44.0,"key":"RECALL"},{"data":"Inflame","floor":49.0,"key":"SMITH"},{"data":"Body Slam","floor":52.0,"key":"SMITH"}],"neow_cost":"NONE","seed_source_timestamp":344479253561799,"circlet_count":0,"master_deck":["Strike_R","Strike_R","Strike_R","Defend_R","Defend_R","Defend_R","Defend_R","Bash+1","Deep Breath+1","Dropkick","Shrug It Off+1","Sucker Punch+1","Dagger Spray+1","Dark Shackles","Shrug It Off+1","Thunderclap","Leg Sweep+1","Juggernaut+1","Leap+1","Dagger Spray+1","Shrug It Off+1","Go for the Eyes","Chrysalis+1","Barricade+1","Backstab","Parasite","Armaments+1","Parasite","Body Slam+1","Inflame+1"],"special_seed":0,"relics":["Burning Blood","PrismaticShard","Letter Opener","FossilizedHelix","Blood Vial","Cursed Key","Shuriken","Art of War","Pen Nib","Busted Crown","Oddly Smooth Stone","Mango","Gambling Chip","Blue Candle"],"potions_floor_usage":[55,55,55],"damage_taken":[{"damage":14.0,"enemies":"Jaw Worm","floor":1.0,"turns":4.0},{"damage":5.0,"enemies":"2 Louse","floor":2.0,"turns":3.0},{"damage":1.0,"enemies":"Cultist","floor":5.0,"turns":3.0},{"damage":31.0,"enemies":"Lagavulin","floor":7.0,"turns":6.0},{"damage":0.0,"enemies":"3 Louse","floor":10.0,"turns":2.0},{"damage":0.0,"enemies":"Gremlin Gang","floor":13.0,"turns":3.0},{"damage":18.0,"enemies":"3 Sentries","floor":14.0,"turns":5.0},{"damage":42.0,"enemies":"Hexaghost","floor":16.0,"turns":15.0},{"damage":0.0,"enemies":"3 Byrds","floor":18.0,"turns":5.0},{"damage":0.0,"enemies":"Shell Parasite","floor":19.0,"turns":6.0},{"damage":0.0,"enemies":"Chosen and Byrds","floor":21.0,"turns":6.0},{"damage":18.0,"enemies":"Gremlin Leader","floor":24.0,"turns":6.0},{"damage":1.0,"enemies":"Snecko","floor":27.0,"turns":4.0},{"damage":9.0,"enemies":"Centurion and Healer","floor":29.0,"turns":5.0},{"damage":8.0,"enemies":"Book of Stabbing","floor":30.0,"turns":7.0},{"damage":0.0,"enemies":"Snake Plant","floor":31.0,"turns":4.0},{"damage":34.0,"enemies":"Champ","floor":33.0,"turns":11.0},{"damage":2.0,"enemies":"3 Shapes","floor":35.0,"turns":6.0},{"damage":4.0,"enemies":"Orb Walker","floor":36.0,"turns":4.0},{"damage":9.0,"enemies":"Writhing Mass","floor":38.0,"turns":7.0},{"damage":0.0,"enemies":"Giant Head","floor":41.0,"turns":9.0},{"damage":0.0,"enemies":"Sphere and 2 Shapes","floor":45.0,"turns":4.0},{"damage":0.0,"enemies":"Transient","floor":47.0,"turns":5.0},{"damage":1.0,"enemies":"2 Orb Walkers","floor":48.0,"turns":3.0},{"damage":53.0,"enemies":"Time Eater","floor":50.0,"turns":14.0},{"damage":6.0,"enemies":"Shield and Spear","floor":54.0,"turns":8.0},{"damage":107,"enemies":"The Heart","floor":55,"turns":12}],"seed_played":"1187957469711800016","potions_obtained":[{"floor":2.0,"key":"SpeedPotion"},{"floor":5.0,"key":"Fire Potion"},{"floor":7.0,"key":"SkillPotion"},{"floor":14.0,"key":"Dexterity Potion"},{"floor":27.0,"key":"Swift Potion"},{"floor":29.0,"key":"Dexterity Potion"},{"floor":30.0,"key":"Regen Potion"},{"floor":41.0,"key":"GamblersBrew"},{"floor":47.0,"key":"Regen Potion"}],"is_trial":false,"path_per_floor":["M","M","?","$","M","R","E","R","T","M","R","$","M","E","R","B",null,"M","M","?","M","$","R","E","R","T","M","R","M","E","M","R","B",null,"M","M","?","M","$","R","E","R","T","R","M","$","M","?","R","B",null,"R","$","E","B",null],"character_chosen":"IRONCLAD","items_purchased":["PrismaticShard","Shrug It Off","Mango","Inflame","SpeedPotion"],"campfire_rested":0,"item_purchase_floors":[4,12,46,46,53],"current_hp_per_floor":[72,73,62,62,67,67,42,42,42,48,48,48,54,42,42,8,80,80,80,80,80,80,80,68,68,68,75,75,74,74,80,80,52,80,80,80,80,77,77,77,80,80,80,80,80,94,94,94,94,47,94,94,94,94,43],"gold":64,"neow_bonus":"RANDOM_COLORLESS","is_prod":false,"is_daily":false,"chose_seed":false,"campfire_upgraded":12,"win_rate":0,"timestamp":1548715601,"path_taken":["M","M","?","$","M","R","E","R","T","M","R","$","M","E","R","BOSS","M","M","?","M","$","R","E","R","T","?","R","M","E","M","R","BOSS","BOSS","M","M","?","M","$","R","E","R","T","R","?","$","M","?","R","BOSS","R","$","E","BOSS"],"build_version":"2019-01-23","purchased_purges":2,"victory":true,"max_hp_per_floor":[80,80,80,80,80,80,80,80,80,80,80,80,80,80,80,80,80,80,80,80,80,80,80,80,80,80,80,80,80,80,80,80,80,80,80,80,80,80,80,80,80,80,80,80,80,94,94,94,94,94,94,94,94,94,94],"card_choices":[{"not_picked":["Thunderclap","Body Slam"],"picked":"Dropkick","floor":1.0},{"not_picked":["Clothesline","Sever Soul"],"picked":"Shrug It Off","floor":2.0},{"not_picked":["True Grit","Underhanded Strike"],"picked":"Sucker Punch","floor":5.0},{"not_picked":["Turbo","Blade Dance"],"picked":"Dagger Spray","floor":7.0},{"not_picked":["Pummel","Flex"],"picked":"Dark Shackles","floor":10.0},{"not_picked":["Poisoned Stab","Discovery"],"picked":"Thunderclap","floor":13.0},{"not_picked":["Deadly Poison","Dodge and Roll"],"picked":"Leg Sweep","floor":14.0},{"not_picked":["Brutality","Core Surge"],"picked":"Juggernaut","floor":16.0},{"not_picked":["Carnage","Dagger Spray"],"picked":"Leap","floor":18.0},{"not_picked":["Pommel Strike","Clash+1"],"picked":"Dagger Spray+1","floor":19.0},{"not_picked":["Ball Lightning","Heavy Blade","Reprogram"],"picked":"SKIP","floor":21.0},{"not_picked":["Rebound","Enlightenment","Carnage"],"picked":"SKIP","floor":24.0},{"not_picked":["Venomology","Acrobatics"],"picked":"Shrug It Off","floor":27.0},{"not_picked":["Deadly Poison","Sunder"],"picked":"Go for the Eyes","floor":29.0},{"not_picked":["Endless Agony+1","Dark Shackles"],"picked":"Chrysalis","floor":30.0},{"not_picked":["Sunder","Second Wind","Underhanded Strike+1"],"picked":"SKIP","floor":31.0},{"not_picked":["Adrenaline","Secret Technique"],"picked":"Barricade","floor":33.0},{"not_picked":[],"picked":"Backstab","floor":35.0},{"not_picked":["Clothesline"],"picked":"SKIP","floor":36.0},{"not_picked":["Quick Slash"],"picked":"SKIP","floor":38.0},{"not_picked":[],"picked":"Armaments+1","floor":41.0},{"not_picked":[],"picked":"Body Slam","floor":45.0},{"not_picked":["Cleave"],"picked":"SKIP","floor":47.0},{"not_picked":["Capacitor+1"],"picked":"SKIP","floor":54.0}],"player_experience":1117934,"relics_obtained":[{"floor":7.0,"key":"Letter Opener"},{"floor":9.0,"key":"FossilizedHelix"},{"floor":14.0,"key":"Blood Vial"},{"floor":24.0,"key":"Shuriken"},{"floor":26.0,"key":"Art of War"},{"floor":30.0,"key":"Pen Nib"},{"floor":41.0,"key":"Oddly Smooth Stone"},{"floor":48.0,"key":"Gambling Chip"},{"floor":54.0,"key":"Blue Candle"}],"event_choices":[{"damage_healed":0.0,"max_hp_gain":0.0,"max_hp_loss":0.0,"gold_gain":75.0,"event_name":"World of Goop","player_choice":"Gather Gold","floor":3.0,"gold_loss":0.0,"damage_taken":11.0},{"cards_removed":["Strike_R"],"damage_healed":0.0,"max_hp_gain":0.0,"max_hp_loss":0.0,"gold_gain":0.0,"event_name":"Bonfire Elementals","player_choice":"Offered Basic","floor":20.0,"gold_loss":0.0,"damage_taken":0.0},{"damage_healed":0.0,"max_hp_gain":0.0,"max_hp_loss":0.0,"gold_gain":0.0,"event_name":"Designer","player_choice":"Upgraded Two","floor":37.0,"gold_loss":40.0,"damage_taken":0.0,"cards_upgraded":["Shrug It Off","Shrug It Off"]},{"damage_healed":0.0,"max_hp_gain":0.0,"max_hp_loss":0.0,"gold_gain":0.0,"event_name":"Mysterious Sphere","player_choice":"Fight","floor":48.0,"gold_loss":0.0,"damage_taken":0.0}],"is_beta":false,"boss_relics":[{"not_picked":["Snecko Eye","Lizard Tail"],"picked":"Cursed Key"},{"not_picked":["Eternal Feather","Black Star"],"picked":"Busted Crown"}],"items_purged_floors":[22,39],"is_endless":false,"potions_floor_spawned":[2,5,7,14,27,29,30,33,35,41,47],"ascension_level":0}