{"path_per_floor":["M","?","?","M","M","R","M","R","T","M","M","$","?","E","R"],"character_chosen":"THE_SILENT","items_purchased":["Backstab"],"gold_per_floor":[115,115,115,130,144,144,159,159,184,202,214,70,44,75,75,75],"floor_reached":16,"campfire_rested":0,"playtime":596,"current_hp_per_floor":[69,69,62,62,62,62,57,57,57,59,61,61,61,62,62,0],"items_purged":["Defend_G"],"gold":75,"score":122,"play_id":"0d9e189e-9c3c-4355-95eb-786f88017c9a","local_time":"20180403131314","is_prod":false,"is_daily":false,"is_ascension_mode":true,"campfire_upgraded":3,"timestamp":1522753994,"path_taken":["M","?","?","M","M","R","M","R","T","M","M","$","?","E","R","BOSS"],"build_version":"2018-03-29v2","purchased_purges":1,"victory":false,"master_deck":["Defend_G","Defend_G","Defend_G","Strike_G","Strike_G","Strike_G","Survivor","Neutralize","Deflect","Skewer+1","Leg Sweep","Slice","Dodge and Roll+1","Deflect","Flechettes","Backstab","Venomology+1"],"max_hp_per_floor":[70,70,70,70,70,70,70,70,70,70,70,70,70,70,70,70],"relics":["Ring of the Snake","Blood Vial","Sundial"],"card_choices":[{"not_picked":["Flying Knee","Concentrate"],"picked":"Deflect","floor":1},{"not_picked":["Blade Dance","Masterful Stab"],"picked":"Leg Sweep","floor":4},{"not_picked":["Well Laid Plans","PiercingWail"],"picked":"Slice","floor":5},{"not_picked":["Slice","Deadly Poison"],"picked":"Dodge and Roll","floor":7},{"not_picked":["Backflip","Outmaneuver"],"picked":"Deflect","floor":10},{"not_picked":["Dagger Spray","Outmaneuver"],"picked":"Flechettes","floor":11},{"not_picked":["Calculated Gamble","Flying Knee"],"picked":"Venomology","floor":14}],"player_experience":289046,"potions_floor_usage":[16],"damage_taken":[{"damage":1,"enemies":"Cultist","floor":1,"turns":5},{"damage":0,"enemies":"Small Slimes","floor":4,"turns":4},{"damage":0,"enemies":"Jaw Worm","floor":5,"turns":6},{"damage":5,"enemies":"2 Fungi Beasts","floor":7,"turns":4},{"damage":0,"enemies":"Blue Slaver","floor":10,"turns":4},{"damage":0,"enemies":"Large Slime","floor":11,"turns":11},{"damage":1,"enemies":"Gremlin Nob","floor":14,"turns":4},{"damage":64,"enemies":"Hexaghost","floor":16,"turns":16}],"event_choices":[{"event_name":"Living Wall","player_choice":"Change","floor":2,"damage_taken":0},{"event_name":"Golden Wing","player_choice":"Card Removal","floor":3,"damage_taken":0},{"event_name":"World of Goop","player_choice":"Left","floor":13,"damage_taken":0}],"boss_relics":[],"potions_floor_spawned":[4,11,14],"seed_played":"7507721939049355999","killed_by":"Hexaghost","ascension_level":4,"is_trial":false}