{"path_per_floor":["M","$","M","?","M","R","M","R","T","?","R","E","M","M","R","B",null,"M","?","M","$","M"],"character_chosen":"IRONCLAD","items_purchased":["Inflame","Shrug It Off","Ornamental Fan","Armaments"],"gold_per_floor":[118,24,37,37,52,52,67,67,67,67,67,98,117,135,135,231,231,244,244,264,24,37],"floor_reached":23,"campfire_rested":0,"playtime":1684,"current_hp_per_floor":[80,80,80,64,68,68,67,67,67,67,67,57,62,68,68,71,80,80,80,72,72,38],"items_purged":[],"gold":37,"score":193,"play_id":"09c76553-0744-474f-a04b-19c81db1a52b","local_time":"20180306160156","is_prod":false,"is_daily":false,"is_ascension_mode":false,"campfire_upgraded":4,"timestamp":1520348516,"path_taken":["M","$","?","?","M","R","?","R","T","?","R","E","M","M","R","BOSS","M","?","M","$","M","E"],"build_version":"2018-03-01-PROD1","purchased_purges":0,"victory":false,"master_deck":["Strike_R","Strike_R","Strike_R","Strike_R","Strike_R+1","Defend_R","Defend_R","Defend_R+1","Defend_R","Bash","Wild Strike","Anger","Inflame+1","Shrug It Off+1","Twin Strike+1","Sword Boomerang+1","Headbutt","Demon Form+1","Twin Strike","Rage","Impervious","Pummel+1","Inflame","Armaments","Armaments","Bloodletting"],"max_hp_per_floor":[80,80,80,80,80,80,80,80,80,80,80,80,80,80,80,80,80,80,80,80,80,80],"relics":["Burning Blood","The Courier","Orichalcum","Runic Pyramid","Ornamental Fan"],"card_choices":[{"not_picked":["Pummel","Body Slam"],"picked":"Wild Strike"},{"not_picked":["Searing Blow","Power Through"],"picked":"Anger"},{"not_picked":["Clash","Disarm"],"picked":"Twin Strike"},{"not_picked":["True Grit","Clash"],"picked":"Sword Boomerang"},{"not_picked":["Uppercut","Warcry"],"picked":"Headbutt"},{"not_picked":["Sword Boomerang","Twin Strike"],"picked":"Demon Form"},{"not_picked":["Anger","Pommel Strike"],"picked":"Twin Strike"},{"not_picked":["Hemokinesis","Body Slam"],"picked":"Rage"},{"not_picked":["Dark Embrace","Reaper"],"picked":"Impervious"},{"not_picked":["Perfected Strike","Armaments"],"picked":"Pummel"},{"not_picked":["Warcry","Flame Barrier"],"picked":"Armaments"},{"not_picked":["Power Through","Body Slam"],"picked":"Bloodletting"}],"player_experience":78360,"potions_floor_usage":[7,16],"damage_taken":[{"damage":1,"enemies":"Cultist","floor":1,"turns":3},{"damage":5,"enemies":"2 Louse","floor":3,"turns":3},{"damage":2,"enemies":"Small Slimes","floor":5,"turns":3},{"damage":16,"enemies":"Exordium Wildlife","floor":7,"turns":4},{"damage":16,"enemies":"3 Sentries","floor":12,"turns":4},{"damage":1,"enemies":"Blue Slaver","floor":13,"turns":2},{"damage":0,"enemies":"3 Louse","floor":14,"turns":2},{"damage":3,"enemies":"Slime Boss","floor":16,"turns":6},{"damage":5,"enemies":"3 Byrds","floor":18,"turns":5},{"damage":14,"enemies":"Chosen","floor":20,"turns":5},{"damage":40,"enemies":"Sentry and Sphere","floor":22,"turns":6},{"damage":42,"enemies":"Book of Stabbing","floor":23,"turns":5}],"event_choices":[{"event_name":"Shining Light","player_choice":"Entered Light","floor":4,"damage_taken":0},{"event_name":"Living Wall","player_choice":"Grow","floor":10,"damage_taken":0},{"event_name":"The Library","player_choice":"Read","floor":19,"damage_taken":0}],"boss_relics":[{"not_picked":["Philosopher\u0027s Stone","Black Blood"],"picked":"Runic Pyramid"}],"potions_floor_spawned":[3,7],"seed_played":"2145104706099425184","killed_by":"Book of Stabbing","ascension_level":0,"is_trial":false}