{"gold_per_floor":[16,28,41,41,41,41,77,90,138,138,63,139,152,167,167,288,288,311,311,326,9,33,33,67,192,272,272,272,288,319,335,335,465,465,490,556,574,144,158,158,199,199,271,271,396,434,434,0,0,0],"floor_reached":51,"playtime":4089,"items_purged":["Strike_G","Venomology","Strike_G"],"score":1139,"play_id":"2c395f2b-028d-4308-a951-95b5c42a58f4","local_time":"20190121130542","is_ascension_mode":true,"campfire_choices":[{"data":"Reflex","floor":6.0,"key":"SMITH"},{"data":"Well Laid Plans","floor":10.0,"key":"SMITH"},{"data":"Neutralize","floor":15.0,"key":"SMITH"},{"data":"Secret Technique","floor":23.0,"key":"SMITH"},{"floor":28.0,"key":"REST"},{"floor":32,"key":"REST"},{"floor":40,"key":"REST"},{"data":"Reflex","floor":44,"key":"SMITH"},{"data":"Phantasmal Killer","floor":49,"key":"SMITH"}],"neow_cost":"NO_GOLD","seed_source_timestamp":0,"circlet_count":0,"master_deck":["Defend_G","Defend_G","Defend_G","Defend_G","Defend_G","Strike_G","Survivor","Neutralize+1","Grand Finale","Dagger Throw","Reflex+1","Well Laid Plans+1","Deflect","Footwork","Phantasmal Killer+1","Dagger Throw","Secret Technique+1","Backflip","Footwork","Reflex+1","Tactician+1","Backflip","All Out Attack","Tools of the Trade","Calculated Gamble+1","Footwork+1","Dagger Throw","Prepared+1","Tactician+1","Grand Finale"],"special_seed":0,"relics":["Ring of the Snake","Golden Idol","Mercury Hourglass","Blood Vial","Pen Nib","Sozu","Omamori","Ginger","Blue Candle","Mummified Hand","Anchor","HoveringKite","StoneCalendar","Regal Pillow","Bronze Scales","Centennial Puzzle","Ornamental Fan","Dead Branch","Juzu Bracelet","Red Mask"],"potions_floor_usage":[36],"damage_taken":[{"damage":2.0,"enemies":"Small Slimes","floor":1.0,"turns":5.0},{"damage":4.0,"enemies":"Jaw Worm","floor":2.0,"turns":6.0},{"damage":0.0,"enemies":"2 Louse","floor":3.0,"turns":3.0},{"damage":0.0,"enemies":"Gremlin Nob","floor":7.0,"turns":2.0},{"damage":0.0,"enemies":"Blue Slaver","floor":8.0,"turns":2.0},{"damage":10.0,"enemies":"3 Sentries","floor":12.0,"turns":8.0},{"damage":0.0,"enemies":"Exordium Thugs","floor":13.0,"turns":5.0},{"damage":0.0,"enemies":"Red Slaver","floor":14.0,"turns":4.0},{"damage":37.0,"enemies":"Slime Boss","floor":16.0,"turns":15.0},{"damage":12.0,"enemies":"3 Byrds","floor":18.0,"turns":3.0},{"damage":19.0,"enemies":"2 Thieves","floor":20.0,"turns":3.0},{"damage":0.0,"enemies":"Centurion and Healer","floor":22.0,"turns":6.0},{"damage":8.0,"enemies":"Book of Stabbing","floor":24.0,"turns":5.0},{"damage":11.0,"enemies":"Colosseum Slavers","floor":25.0,"turns":3.0},{"damage":0.0,"enemies":"Colosseum Nobs","floor":25.0,"turns":3.0},{"damage":14,"enemies":"Cultist and Chosen","floor":29,"turns":8},{"damage":24,"enemies":"Slavers","floor":30,"turns":3},{"damage":0,"enemies":"Shelled Parasite and Fungi","floor":31,"turns":4},{"damage":2,"enemies":"Champ","floor":33,"turns":8},{"damage":0,"enemies":"3 Darklings","floor":35,"turns":4},{"damage":15,"enemies":"2 Orb Walkers","floor":36,"turns":3},{"damage":28,"enemies":"Orb Walker","floor":37,"turns":7},{"damage":5,"enemies":"Maw","floor":39,"turns":9},{"damage":32,"enemies":"Nemesis","floor":41,"turns":7},{"damage":0,"enemies":"Mind Bloom Boss Battle","floor":45,"turns":7},{"damage":0,"enemies":"Giant Head","floor":46,"turns":8},{"damage":27,"enemies":"Donu and Deca","floor":50,"turns":5}],"seed_played":"-3731557954952692557","potions_obtained":[{"floor":3.0,"key":"Fire Potion"},{"floor":8.0,"key":"Block Potion"},{"floor":12.0,"key":"Swift Potion"},{"floor":13.0,"key":"Fruit Juice"},{"floor":14.0,"key":"Weak Potion"}],"is_trial":false,"path_per_floor":["M","M","M","?","?","R","E","M","T","R","$","?","M","M","R","B",null,"M","?","M","$","M","R","E","?","T","?","R","M","E","M","R","B",null,"M","?","M","$","M","R","E","?","T","R","?","E","?","?","R","B",null],"character_chosen":"THE_SILENT","items_purchased":["Secret Technique","Backflip","Regal Pillow","Bronze Scales"],"campfire_rested":3,"item_purchase_floors":[21,21,38,38],"current_hp_per_floor":[61,57,57,57,50,50,50,50,50,50,50,42,49,51,51,16,57,47,47,30,30,32,32,26,19,19,19,40,28,6,8,29,29,60,62,49,23,23,20,56,26,61,61,61,61,61,61,61,61,34],"gold":0,"neow_bonus":"THREE_RARE_CARDS","is_prod":false,"is_daily":false,"chose_seed":false,"campfire_upgraded":6,"win_rate":0,"timestamp":1548072342,"path_taken":["M","M","M","?","?","R","E","M","T","R","?","?","?","M","R","BOSS","M","?","M","$","?","R","E","?","T","?","R","M","E","M","R","BOSS","M","?","M","$","M","R","E","?","T","R","?","E","?","?","R","BOSS"],"build_version":"2019-01-17v2","purchased_purges":3,"victory":true,"max_hp_per_floor":[70,70,70,65,65,65,65,65,65,65,65,65,70,70,70,70,70,70,70,70,70,70,70,70,70,70,70,70,70,70,70,70,70,70,70,70,70,70,70,70,70,61,61,61,61,61,61,61,61,61],"card_choices":[{"not_picked":["Doppelganger","Phantasmal Killer"],"picked":"Grand Finale","floor":0.0},{"not_picked":["Flying Knee","Reflex"],"picked":"Dagger Throw","floor":1.0},{"not_picked":["Distraction","Cloak And Dagger"],"picked":"Reflex","floor":2.0},{"not_picked":["Blade Dance","Bane"],"picked":"Well Laid Plans","floor":3.0},{"not_picked":["Deadly Poison","Blade Dance","Finisher"],"picked":"SKIP","floor":7.0},{"not_picked":["Poisoned Stab","Leg Sweep"],"picked":"Deflect","floor":8.0},{"not_picked":["Quick Slash","Flechettes"],"picked":"Footwork","floor":13.0},{"not_picked":["Outmaneuver","Slice","Flying Knee"],"picked":"SKIP","floor":14.0},{"not_picked":["Die Die Die","Malaise"],"picked":"Phantasmal Killer","floor":16.0},{"not_picked":["Deadly Poison","Poisoned Stab+1","Riddle With Holes"],"picked":"SKIP","floor":18.0},{"not_picked":["Tactician","Bouncing Flask"],"picked":"Dagger Throw","floor":20.0},{"not_picked":["Cloak And Dagger","Underhanded Strike","Dagger Spray"],"picked":"SKIP","floor":22.0},{"not_picked":["Slice","Cloak And Dagger"],"picked":"Footwork","floor":24.0},{"not_picked":["Cloak And Dagger","Blur"],"picked":"Reflex","floor":25.0},{"not_picked":["Heel Hook","Poisoned Stab"],"picked":"Tactician+1","floor":29},{"not_picked":["Flying Knee","Malaise"],"picked":"Backflip","floor":30},{"not_picked":["Dagger Spray","Caltrops"],"picked":"All Out Attack","floor":31},{"not_picked":["Die Die Die","Wraith Form v2"],"picked":"Tools of the Trade","floor":33},{"not_picked":["Sucker Punch+1","Dagger Throw"],"picked":"Calculated Gamble+1","floor":35},{"not_picked":["Underhanded Strike","PiercingWail+1"],"picked":"Footwork+1","floor":36},{"not_picked":["Slice","Terror","Deflect+1"],"picked":"SKIP","floor":37},{"not_picked":["Deflect+1","Flying Knee"],"picked":"Dagger Throw","floor":39},{"not_picked":["Adrenaline","Underhanded Strike+1"],"picked":"Prepared+1","floor":41},{"not_picked":["Deflect","Dash+1"],"picked":"Tactician+1","floor":45},{"not_picked":["Slice","Deadly Poison+1","Poisoned Stab+1"],"picked":"SKIP","floor":46}],"player_experience":233170,"relics_obtained":[{"floor":7.0,"key":"Mercury Hourglass"},{"floor":9.0,"key":"Blood Vial"},{"floor":12.0,"key":"Pen Nib"},{"floor":24.0,"key":"Omamori"},{"floor":25.0,"key":"Ginger"},{"floor":25.0,"key":"Blue Candle"},{"floor":26.0,"key":"Mummified Hand"},{"floor":30,"key":"Anchor"},{"floor":36,"key":"StoneCalendar"},{"floor":41,"key":"Centennial Puzzle"},{"floor":43,"key":"Ornamental Fan"},{"floor":45,"key":"Dead Branch"},{"floor":46,"key":"Juzu Bracelet"}],"event_choices":[{"damage_healed":0.0,"max_hp_gain":0.0,"max_hp_loss":5.0,"gold_gain":0.0,"event_name":"Golden Idol","player_choice":"Lose Max HP","floor":4.0,"gold_loss":0.0,"damage_taken":0.0,"relics_obtained":["Golden Idol"]},{"cards_removed":["Strike_G"],"damage_healed":0.0,"max_hp_gain":0.0,"max_hp_loss":0.0,"gold_gain":0.0,"event_name":"Golden Wing","player_choice":"Card Removal","floor":5.0,"gold_loss":0.0,"damage_taken":7.0},{"damage_healed":0.0,"max_hp_gain":0.0,"max_hp_loss":0.0,"gold_gain":0.0,"event_name":"Dead Adventurer","player_choice":"Searched \u00272\u0027 times","floor":12.0,"gold_loss":0.0,"damage_taken":0.0},{"damage_healed":0.0,"max_hp_gain":0.0,"max_hp_loss":0.0,"gold_gain":0.0,"cards_transformed":["Strike_G"],"event_name":"Transmorgrifier","player_choice":"Transformed","floor":19.0,"gold_loss":0.0,"damage_taken":0.0,"cards_obtained":["Venomology"]},{"damage_healed":0.0,"max_hp_gain":0.0,"max_hp_loss":0.0,"gold_gain":0.0,"event_name":"Colosseum","player_choice":"Fight","floor":25.0,"gold_loss":0.0,"damage_taken":0.0},{"damage_healed":0.0,"max_hp_gain":0.0,"max_hp_loss":0.0,"gold_gain":0.0,"event_name":"Colosseum","player_choice":"Fought Nobs","floor":25.0,"gold_loss":0.0,"damage_taken":0.0},{"damage_healed":0.0,"max_hp_gain":0.0,"max_hp_loss":0.0,"gold_gain":0.0,"event_name":"Ghosts","player_choice":"Ignored","floor":27.0,"gold_loss":0.0,"damage_taken":0.0},{"damage_healed":0,"gold_gain":0,"player_choice":"Fight","damage_taken":0,"max_hp_gain":0,"max_hp_loss":0,"event_name":"Mysterious Sphere","floor":36,"gold_loss":0},{"damage_healed":61,"gold_gain":0,"player_choice":"Heal","damage_taken":0,"max_hp_gain":0,"max_hp_loss":9,"event_name":"The Moai Head","floor":42,"gold_loss":0},{"damage_healed":0,"gold_gain":0,"player_choice":"Fight","damage_taken":0,"max_hp_gain":0,"max_hp_loss":0,"event_name":"MindBloom","floor":45,"gold_loss":0},{"damage_healed":0,"gold_gain":0,"player_choice":"Copied","damage_taken":0,"max_hp_gain":0,"max_hp_loss":0,"event_name":"Duplicator","floor":47,"gold_loss":0,"cards_obtained":["Grand Finale"]},{"damage_healed":0,"gold_gain":0,"player_choice":"Paid","damage_taken":0,"relics_obtained":["Red Mask"],"max_hp_gain":0,"max_hp_loss":0,"event_name":"Tomb of Lord Red Mask","floor":48,"gold_loss":434}],"is_beta":false,"boss_relics":[{"not_picked":["Calling Bell","Tiny House"],"picked":"Sozu"},{"not_picked":["Lizard Tail","Philosopher\u0027s Stone"],"picked":"HoveringKite"}],"items_purged_floors":[11,21,38],"is_endless":false,"potions_floor_spawned":[3,8,12,13,14,22,25,25,29,30,36,37,41,46],"ascension_level":9}