{"path_per_floor":["M","M","M","?","M","R","E","?","T","$","M","?","R","?","R","B",null,"M","?","?","?","M","E","R","M","T","R","M","M","$","M","R"],"character_chosen":"IRONCLAD","items_purchased":["Flex","Fire Potion","Thread and Needle","Regen Potion","Regen Potion"],"gold_per_floor":[113,128,146,96,109,109,137,137,160,10,28,90,90,190,190,286,286,304,229,229,209,226,252,252,264,291,291,309,319,3,21,21],"floor_reached":33,"campfire_rested":2,"playtime":1243,"current_hp_per_floor":[80,80,80,80,67,67,44,28,28,28,34,34,34,34,58,32,80,80,80,64,64,56,25,25,27,34,34,27,11,11,16,42],"items_purged":["Defend_R"],"gold":21,"score":280,"play_id":"b3fe896b-3ee1-43f2-9846-6b33db4bb5b4","is_prod":false,"is_daily":false,"is_ascension_mode":true,"campfire_upgraded":4,"path_taken":["M","?","M","?","M","R","E","?","T","?","?","?","R","?","R","BOSS","M","?","?","?","M","E","R","M","T","R","M","M","$","?","R","BOSS"],"build_version":"2018-02-15-PROD1","purchased_purges":1,"victory":false,"master_deck":["Strike_R+1","Strike_R+1","Strike_R","Strike_R","Strike_R","Bash+1","Dropkick","Clash","Flex+1","Offering","Flex+1","Clash","Inflame+1","Heavy Blade"],"max_hp_per_floor":[80,80,80,80,80,80,80,80,80,80,80,80,80,80,80,80,80,80,80,80,80,80,80,80,80,87,87,87,87,87,87,87],"relics":["Burning Blood","Omamori","Lantern","Black Star","Enchiridion","The Courier","Mummified Hand","Strawberry","Thread and Needle"],"card_choices":[{"not_picked":["Sentinel","Thunderclap"],"picked":"Dropkick"},{"not_picked":["Iron Wave","Inflame"],"picked":"Clash"},{"not_picked":["Juggernaut","Brutality"],"picked":"Offering"},{"not_picked":["Disarm","Twin Strike"],"picked":"Flex"},{"not_picked":["Dual Wield","Sword Boomerang"],"picked":"Clash"},{"not_picked":["Iron Wave","Wild Strike"],"picked":"Inflame"},{"not_picked":["Armaments","Body Slam"],"picked":"Heavy Blade"}],"player_experience":100871,"potions_floor_usage":[7,16,23,23,25,25,28,31,31,33],"damage_taken":[{"damage":6.0,"enemies":"Cultist","floor":1.0,"turns":3.0},{"damage":2.0,"enemies":"2 Louse","floor":2.0,"turns":2.0},{"damage":3.0,"enemies":"Small Slimes","floor":3.0,"turns":3.0},{"damage":19,"enemies":"Blue Slaver","floor":5,"turns":3},{"damage":29,"enemies":"Lagavulin","floor":7,"turns":5},{"damage":0,"enemies":"Exordium Wildlife","floor":11,"turns":2},{"damage":32,"enemies":"Hexaghost","floor":16,"turns":6},{"damage":4,"enemies":"Spheric Guardian","floor":18,"turns":2},{"damage":14,"enemies":"Shell Parasite","floor":22,"turns":2},{"damage":37,"enemies":"Book of Stabbing","floor":23,"turns":3},{"damage":4,"enemies":"Cultist and Chosen","floor":25,"turns":2},{"damage":13,"enemies":"Snake Plant","floor":28,"turns":2},{"damage":22,"enemies":"Centurion and Healer","floor":29,"turns":3},{"damage":7,"enemies":"3 Cultists","floor":31,"turns":3},{"damage":90,"enemies":"Automaton","floor":33,"turns":6}],"event_choices":[{"event_name":"The Cleric","player_choice":"Card Removal","floor":4,"damage_taken":0},{"event_name":"Shining Light","player_choice":"Entered Light","floor":8,"damage_taken":0},{"event_name":"Golden Wing","player_choice":"Gained Gold","floor":12,"damage_taken":0},{"event_name":"Golden Shrine","player_choice":"Pray","floor":14,"damage_taken":0},{"event_name":"Beggar","player_choice":"Gave Gold","floor":19,"damage_taken":0},{"event_name":"Cursed Tome","player_choice":"Obtained Book","floor":20,"damage_taken":0},{"event_name":"The Woman in Blue","player_choice":"Bought 1 Potion","floor":21,"damage_taken":0}],"boss_relics":[{"not_picked":["Cursed Key","Runic Pyramid"],"picked":"Black Star"}],"potions_floor_spawned":[1,2,16,23,25,31],"seed_played":"-3437155740432069754","killed_by":"Automaton","ascension_level":1,"is_trial":false}