{"gold_per_floor":[112,125,90,103,151,177,12,12,12,12,26,51,51,62,62,62],"floor_reached":16,"playtime":899,"items_purged":[],"score":220,"play_id":"e81b9dbe-b652-48aa-9278-af71a3dbfee0","local_time":"20181008113113","is_ascension_mode":true,"campfire_choices":[{"floor":10,"key":"REST"},{"floor":13,"key":"REST"},{"data":"Footwork","floor":15,"key":"SMITH"}],"neow_cost":"NONE","seed_source_timestamp":7281029275234,"circlet_count":0,"master_deck":["Defend_G","Defend_G","Defend_G","Defend_G","Defend_G","Strike_G","Strike_G","Strike_G","Strike_G","Strike_G","Survivor+1","Neutralize","AscendersBane","Cloak And Dagger","Bane","Slice","Escape Plan","Footwork+1","Crippling Poison","Backstab","Venomology","Deadly Poison"],"special_seed":0,"relics":["Ring of the Snake","Anchor","Oddly Smooth Stone","Ice Cream","Molten Egg 2"],"potions_floor_usage":[6,6,12,16,16,16],"damage_taken":[{"damage":0.0,"enemies":"Jaw Worm","floor":1.0,"turns":6.0},{"damage":6.0,"enemies":"Cultist","floor":2.0,"turns":3.0},{"damage":3.0,"enemies":"Small Slimes","floor":4.0,"turns":4.0},{"damage":48,"enemies":"Lagavulin","floor":6,"turns":7},{"damage":0,"enemies":"3 Louse","floor":11,"turns":3},{"damage":26,"enemies":"Gremlin Nob","floor":12,"turns":5},{"damage":2,"enemies":"Looter","floor":14,"turns":3},{"damage":27,"enemies":"Hexaghost","floor":16,"turns":9}],"seed_played":"-5174856842733976460","potions_obtained":[{"floor":2.0,"key":"Strength Potion"},{"floor":4.0,"key":"Strength Potion"},{"floor":6,"key":"Dexterity Potion"},{"floor":12,"key":"Fire Potion"}],"is_trial":false,"path_per_floor":["M","M","?","M","T","E","$","$","T","R","M","E","R","M","R"],"character_chosen":"THE_SILENT","items_purchased":["Footwork","Crippling Poison"],"campfire_rested":2,"item_purchase_floors":[7,7],"current_hp_per_floor":[59,53,66,63,63,15,15,15,15,34,34,8,27,25,25,0],"gold":62,"neow_bonus":"UPGRADE_CARD","is_prod":false,"is_daily":false,"chose_seed":false,"campfire_upgraded":1,"win_rate":0,"timestamp":1538991073,"path_taken":["M","M","?","M","?","E","?","$","T","R","M","E","R","M","R","BOSS"],"build_version":"2018-10-04v2","purchased_purges":0,"victory":false,"max_hp_per_floor":[66,66,66,66,66,66,66,66,66,66,66,66,66,66,66,66],"card_choices":[{"not_picked":["Bane","Escape Plan"],"picked":"Cloak And Dagger","floor":1.0},{"not_picked":["Prepared","PiercingWail"],"picked":"Bane","floor":2.0},{"not_picked":["Envenom","Dodge and Roll"],"picked":"Slice","floor":4.0},{"not_picked":["Poisoned Stab","Riddle With Holes"],"picked":"Escape Plan","floor":6},{"not_picked":["Poisoned Stab","Deflect"],"picked":"Backstab","floor":11},{"not_picked":["Well Laid Plans","Bouncing Flask"],"picked":"Venomology","floor":12},{"not_picked":["Quick Slash+1","Expertise"],"picked":"Deadly Poison","floor":14}],"player_experience":1352601,"relics_obtained":[{"floor":5.0,"key":"Anchor"},{"floor":6,"key":"Oddly Smooth Stone"},{"floor":9,"key":"Ice Cream"},{"floor":12,"key":"Molten Egg 2"}],"event_choices":[{"event_name":"The Cleric","player_choice":"Healed","floor":3.0,"damage_taken":0.0}],"is_beta":false,"boss_relics":[],"items_purged_floors":[],"is_endless":false,"potions_floor_spawned":[2,4,6,12],"killed_by":"Hexaghost","ascension_level":20}