{"gold_per_floor":[216,232,232,24,35,35,52,52,78,78,109,125,160,175,175,175],"floor_reached":16,"playtime":753,"items_purged":["Regret"],"score":224,"play_id":"66f3d78d-e3f8-4b6e-a5c1-4e50c11be929","local_time":"20181218195041","is_ascension_mode":true,"campfire_choices":[{"data":"Deadly Poison","floor":6.0,"key":"SMITH"},{"data":"Die Die Die","floor":8.0,"key":"SMITH"},{"floor":15,"key":"REST"}],"neow_cost":"NONE","seed_source_timestamp":0,"circlet_count":0,"master_deck":["AscendersBane","Defend_G","Defend_G","Defend_G","Defend_G","Defend_G","Strike_G","Strike_G","Strike_G","Strike_G","Survivor","Neutralize","Dodge and Roll","Deadly Poison+1","Cloak And Dagger","Dramatic Entrance","Die Die Die+1","Footwork","Dodge and Roll","A Thousand Cuts","Slice"],"special_seed":0,"relics":["Ring of the Snake","Omamori","Happy Flower","Anchor","Juzu Bracelet"],"potions_floor_usage":[],"damage_taken":[{"damage":3.0,"enemies":"2 Louse","floor":1.0,"turns":5.0},{"damage":2.0,"enemies":"Small Slimes","floor":2.0,"turns":6.0},{"damage":0.0,"enemies":"Cultist","floor":5.0,"turns":4.0},{"damage":0.0,"enemies":"Gremlin Gang","floor":7.0,"turns":1.0},{"damage":2.0,"enemies":"3 Sentries","floor":11.0,"turns":4.0},{"damage":3.0,"enemies":"2 Fungi Beasts","floor":12.0,"turns":3.0},{"damage":41.0,"enemies":"Gremlin Nob","floor":13.0,"turns":6.0},{"damage":7,"enemies":"Large Slime","floor":14,"turns":6},{"damage":22,"enemies":"Slime Boss","floor":16,"turns":9}],"seed_played":"7148255629464696060","potions_obtained":[{"floor":1.0,"key":"AttackPotion"},{"floor":2.0,"key":"Explosive Potion"},{"floor":11.0,"key":"EssenceOfSteel"}],"is_trial":false,"path_per_floor":["M","M","?","$","M","R","M","R","T","?","E","M","E","M","R","B"],"character_chosen":"THE_SILENT","items_purchased":["Cloak And Dagger","Dramatic Entrance"],"campfire_rested":1,"item_purchase_floors":[4,4],"current_hp_per_floor":[56,54,54,54,54,54,54,54,54,54,52,49,8,1,20,0],"gold":175,"neow_bonus":"HUNDRED_GOLD","is_prod":false,"is_daily":false,"chose_seed":false,"campfire_upgraded":2,"win_rate":0,"timestamp":1545159041,"path_taken":["M","M","?","$","M","R","M","R","T","?","E","?","E","M","R","BOSS"],"build_version":"2018-12-13","purchased_purges":1,"victory":false,"max_hp_per_floor":[66,66,66,66,66,66,66,66,66,66,66,66,66,66,66,66],"card_choices":[{"not_picked":["Heel Hook","Deflect"],"picked":"Dodge and Roll","floor":1.0},{"not_picked":["Slice","Setup"],"picked":"Deadly Poison","floor":2.0},{"not_picked":["Backflip","Slice"],"picked":"Die Die Die","floor":5.0},{"not_picked":["Flying Knee","Finisher"],"picked":"Footwork","floor":7.0},{"not_picked":["PiercingWail","Dagger Spray"],"picked":"Dodge and Roll","floor":11.0},{"not_picked":["Accuracy","Flying Knee","Dagger Throw"],"picked":"SKIP","floor":12.0},{"not_picked":["Blade Dance","Bouncing Flask"],"picked":"A Thousand Cuts","floor":13.0},{"not_picked":["Bane","Dagger Throw"],"picked":"Slice","floor":14}],"player_experience":1885449,"relics_obtained":[{"floor":9.0,"key":"Happy Flower"},{"floor":11.0,"key":"Anchor"},{"floor":13.0,"key":"Juzu Bracelet"}],"event_choices":[{"damage_healed":0.0,"max_hp_gain":0.0,"max_hp_loss":0.0,"gold_gain":0.0,"event_name":"Big Fish","player_choice":"Box","floor":3.0,"gold_loss":0.0,"damage_taken":0.0,"relics_obtained":["Omamori"],"cards_obtained":["Regret"]},{"cards_removed":["Strike_G"],"damage_healed":0.0,"max_hp_gain":0.0,"max_hp_loss":0.0,"gold_gain":0.0,"event_name":"Bonfire Elementals","player_choice":"Offered Basic","floor":10.0,"gold_loss":0.0,"damage_taken":0.0}],"is_beta":false,"boss_relics":[],"items_purged_floors":[4],"is_endless":false,"potions_floor_spawned":[1,2,5,11],"killed_by":"Slime Boss","ascension_level":20}