{"gold_per_floor":[163,180,180,192,207,234,261,273,367,412,435,467,479,441,453,568,580,607,619,613,264,280,280,306,306,354,369,397,414,513,529,529,529],"floor_reached":33,"playtime":2252,"items_purged":["Strike_G"],"score":567,"play_id":"cbd987d5-7787-4a6a-8ac1-491c2fa8fd6e","local_time":"20190120145619","is_ascension_mode":true,"campfire_choices":[{"data":"Backflip","floor":8,"key":"SMITH"},{"data":"Backflip","floor":13,"key":"SMITH"},{"data":"Neutralize","floor":15,"key":"SMITH"},{"data":"Secret Technique","floor":23,"key":"SMITH"},{"floor":25,"key":"REST"},{"floor":32,"key":"REST"}],"neow_cost":"NONE","seed_source_timestamp":472067139160,"circlet_count":0,"master_deck":["Defend_G","Defend_G","Defend_G","Defend_G","Defend_G+1","Strike_G","Strike_G+1","Survivor","Neutralize+1","Backflip+1","Backstab","Sucker Punch+1","Masterful Stab","Flechettes","Grand Finale","PiercingWail","Backflip+1","Backstab","Grand Finale","Terror+1","Prepared","Finesse","Secret Technique+1","PiercingWail+1","Grand Finale","Reflex"],"relics":["Tiny House","Happy Flower","MawBank","Pear","Pocketwatch","Sozu","Potion Belt","War Paint","StoneCalendar"],"potions_floor_usage":[2,5,10,24,24,28],"damage_taken":[{"damage":0,"enemies":"2 Louse","floor":1,"turns":4},{"damage":4,"enemies":"Jaw Worm","floor":2,"turns":5},{"damage":3,"enemies":"Small Slimes","floor":4,"turns":4},{"damage":2,"enemies":"3 Louse","floor":5,"turns":4},{"damage":15,"enemies":"3 Sentries","floor":7,"turns":10},{"damage":0,"enemies":"Gremlin Nob","floor":10,"turns":3},{"damage":4,"enemies":"Red Slaver","floor":11,"turns":5},{"damage":0,"enemies":"Blue Slaver","floor":12,"turns":4},{"damage":0,"enemies":"The Guardian","floor":16,"turns":14},{"damage":0,"enemies":"3 Byrds","floor":18,"turns":6},{"damage":12,"enemies":"2 Thieves","floor":20,"turns":4},{"damage":13,"enemies":"Centurion and Healer","floor":22,"turns":5},{"damage":34,"enemies":"Slavers","floor":24,"turns":14},{"damage":10,"enemies":"Cultist and Chosen","floor":27,"turns":9},{"damage":2,"enemies":"Gremlin Leader","floor":28,"turns":5},{"damage":3,"enemies":"Snake Plant","floor":29,"turns":4},{"damage":15,"enemies":"Snecko","floor":31,"turns":4},{"damage":50,"enemies":"Automaton","floor":33,"turns":6}],"seed_played":"-3872274886047409426","potions_obtained":[{"floor":0,"key":"SneckoOil"},{"floor":1,"key":"SkillPotion"},{"floor":2,"key":"LiquidBronze"},{"floor":7,"key":"PowerPotion"},{"floor":10,"key":"Poison Potion"},{"floor":12,"key":"Poison Potion"}],"is_trial":false,"path_per_floor":["M","M","?","M","M","T","E","R","T","E","M","M","R","?","R","B",null,"M","?","M","$","M","R","E","R","T","M","E","M","?","M","R","B"],"character_chosen":"THE_SILENT","items_purchased":["Finesse","Secret Technique"],"campfire_rested":2,"item_purchase_floors":[21,21],"current_hp_per_floor":[68,64,64,61,59,59,44,44,54,54,50,50,50,50,50,50,76,76,76,64,64,51,51,17,42,42,32,30,27,27,12,37,0],"gold":529,"neow_bonus":"BOSS_RELIC","is_prod":false,"is_daily":false,"chose_seed":false,"campfire_upgraded":4,"win_rate":0,"timestamp":1547992579,"path_taken":["M","M","?","M","M","?","E","R","T","E","M","M","R","?","R","BOSS","M","?","?","$","M","R","E","R","T","M","E","M","?","M","R","BOSS"],"build_version":"2019-01-17v2","purchased_purges":1,"victory":false,"max_hp_per_floor":[75,75,75,75,75,75,75,75,85,85,85,85,85,85,85,85,85,85,85,85,85,85,85,85,85,85,85,85,85,85,85,85,85],"card_choices":[{"not_picked":["Bane","Concentrate"],"picked":"Backflip","floor":0},{"not_picked":["Setup","Masterful Stab"],"picked":"Backstab","floor":1},{"not_picked":["Outmaneuver","Prepared"],"picked":"Sucker Punch","floor":2},{"not_picked":["Quick Slash","Acrobatics"],"picked":"Masterful Stab","floor":4},{"not_picked":["Infinite Blades","Dodge and Roll"],"picked":"Flechettes","floor":5},{"not_picked":["Prepared","Deflect"],"picked":"Grand Finale","floor":7},{"not_picked":["Footwork","Bane"],"picked":"PiercingWail","floor":10},{"not_picked":["Underhanded Strike","Bouncing Flask"],"picked":"Backflip","floor":11},{"not_picked":["Dodge and Roll","Phantasmal Killer"],"picked":"Backstab","floor":12},{"not_picked":["Storm of Steel","Venomology"],"picked":"Grand Finale","floor":16},{"not_picked":["Dagger Spray+1","Slice+1"],"picked":"Terror+1","floor":18},{"not_picked":["Deflect","Dash"],"picked":"Prepared","floor":20},{"not_picked":["Poisoned Stab","Cloak And Dagger"],"picked":"PiercingWail","floor":22},{"not_picked":["Poisoned Stab","PiercingWail","Dagger Spray+1"],"picked":"SKIP","floor":24},{"not_picked":["Poisoned Stab","Quick Slash+1"],"picked":"Grand Finale","floor":27},{"not_picked":["Tactician","PiercingWail"],"picked":"Reflex","floor":28},{"not_picked":["Poisoned Stab","Malaise","Underhanded Strike"],"picked":"SKIP","floor":29},{"not_picked":["Dash","Blade Dance","Distraction"],"picked":"SKIP","floor":31}],"player_experience":226675,"relics_obtained":[{"floor":6,"key":"Happy Flower"},{"floor":7,"key":"MawBank"},{"floor":9,"key":"Pear"},{"floor":10,"key":"Pocketwatch"},{"floor":24,"key":"Potion Belt"},{"floor":26,"key":"War Paint"},{"floor":28,"key":"StoneCalendar"}],"event_choices":[{"cards_removed":["Strike_G"],"damage_healed":0,"gold_gain":0,"player_choice":"Forget","damage_taken":0,"max_hp_gain":0,"max_hp_loss":0,"event_name":"Living Wall","floor":3,"gold_loss":0},{"cards_removed":["Strike_G"],"damage_healed":0,"gold_gain":0,"player_choice":"Card Removal","damage_taken":0,"max_hp_gain":0,"max_hp_loss":0,"event_name":"The Cleric","floor":14,"gold_loss":50},{"damage_healed":0,"gold_gain":0,"player_choice":"Upgraded","damage_taken":0,"max_hp_gain":0,"max_hp_loss":0,"event_name":"Upgrade Shrine","floor":19,"gold_loss":0,"cards_upgraded":["Sucker Punch"]},{"damage_healed":0,"gold_gain":99,"player_choice":"Stole From Cult","damage_taken":0,"max_hp_gain":0,"max_hp_loss":0,"event_name":"Nest","floor":30,"gold_loss":0}],"is_beta":false,"boss_relics":[{"not_picked":["Calling Bell","Astrolabe"],"picked":"Sozu"}],"items_purged_floors":[21],"is_endless":false,"potions_floor_spawned":[1,2,7,10,12,18,20,24],"killed_by":"Automaton","ascension_level":9}