{"path_per_floor":["M","M","?","?","$","R","M","R","T","R","M","M","R","$","R","B",null,"M","$","M","M","?","E","R","?","T","M","R","T","M","?","R","B",null,"M","?","$","$","M","R","?","$","T","M","R","M","E","?","R","B"],"character_chosen":"THE_SILENT","items_purchased":["Bouncing Flask","Poisoned Stab","Backstab"],"gold_per_floor":[119,134,234,309,196,196,216,216,216,216,231,249,249,103,103,204,204,204,79,79,79,79,79,79,79,79,79,79,79,79,79,79,79,79,79,79,4,4,4,4,0,0,0,0,0,0,0,0,0,0],"floor_reached":51,"campfire_rested":3,"playtime":1941,"current_hp_per_floor":[69,68,68,57,57,57,56,56,56,56,56,53,53,53,53,27,70,65,65,65,57,57,36,57,57,71,62,62,62,55,55,80,80,86,84,84,84,84,86,86,86,86,86,70,70,64,76,76,90,45],"items_purged":["Strike_G","Strike_G","Defend_G"],"gold":0,"score":935,"play_id":"be3eb134-bc4a-42c8-ac29-951376ff12b5","local_time":"20180403194712","is_prod":false,"is_daily":false,"is_ascension_mode":true,"campfire_upgraded":8,"timestamp":1522777632,"path_taken":["M","M","?","?","$","R","M","R","T","R","M","?","R","$","R","BOSS","M","$","?","M","?","E","R","?","T","M","R","?","?","?","R","BOSS","M","?","?","$","M","R","?","$","T","M","R","M","E","?","R","BOSS"],"build_version":"2018-03-29v2","purchased_purges":4,"victory":true,"master_deck":["Defend_G+1","Defend_G+1","Defend_G+1","Defend_G+1","Survivor","Neutralize","Venomology+1","PiercingWail+1","Predator+1","Bouncing Flask+1","Dagger Throw","Escape Plan","Poisoned Stab+1","Glass Knife+1","Bane+1","Deadly Poison+1","Dodge and Roll","All Out Attack+1","Footwork+1","Envenom+1","Dash","Backstab","Leg Sweep+1","Bullet Time"],"max_hp_per_floor":[70,70,70,70,70,70,70,70,70,70,70,70,70,70,70,70,70,70,70,70,70,70,70,70,70,84,86,86,86,86,86,86,86,86,86,86,86,86,88,88,88,88,88,88,88,90,90,90,90,90],"relics":["Ring of the Snake","Letter Opener","Ectoplasm","Singing Bowl","Mango","Mummified Hand","Lizard Tail","Red Mask","Question Card","Thread and Needle"],"card_choices":[{"not_picked":["Dodge and Roll","Dagger Throw"],"picked":"PiercingWail","floor":1},{"not_picked":["Terror","Bane"],"picked":"Predator","floor":2},{"not_picked":["Underhanded Strike","Setup"],"picked":"Dagger Throw","floor":11},{"not_picked":["Bouncing Flask","Tools of the Trade"],"picked":"Escape Plan","floor":12},{"not_picked":["A Thousand Cuts","Wraith Form"],"picked":"Glass Knife","floor":16},{"not_picked":["Predator","Outmaneuver"],"picked":"Bane","floor":18},{"not_picked":["Outmaneuver","Escape Plan"],"picked":"Deadly Poison","floor":20},{"not_picked":["Reflex","Flying Knee"],"picked":"Malaise","floor":21},{"not_picked":["Acrobatics","Night Terror"],"picked":"All Out Attack","floor":23},{"not_picked":["Deflect","Sucker Punch"],"picked":"Footwork","floor":30},{"not_picked":["After Image","Venomology"],"picked":"Envenom","floor":33},{"not_picked":["PiercingWail","Outmaneuver"],"picked":"Dash","floor":35},{"not_picked":["All Out Attack","Calculated Gamble","Riddle With Holes"],"picked":"Leg Sweep","floor":44},{"not_picked":["Tools of the Trade","Accuracy","Flechettes"],"picked":"Bullet Time","floor":47}],"player_experience":296092,"potions_floor_usage":[2,7,11,12,12,16,16,18,21,21,23,23,23,27,33,33,33,39,44,46,47,47,47,50,50],"damage_taken":[{"damage":1,"enemies":"Jaw Worm","floor":1,"turns":6},{"damage":1,"enemies":"Cultist","floor":2,"turns":4},{"damage":1,"enemies":"2 Louse","floor":7,"turns":2},{"damage":0,"enemies":"2 Fungi Beasts","floor":11,"turns":2},{"damage":3,"enemies":"Exordium Wildlife","floor":12,"turns":4},{"damage":26,"enemies":"Hexaghost","floor":16,"turns":8},{"damage":5,"enemies":"Shell Parasite","floor":18,"turns":4},{"damage":0,"enemies":"Chosen","floor":20,"turns":3},{"damage":8,"enemies":"Centurion and Healer","floor":21,"turns":4},{"damage":21,"enemies":"Slavers","floor":23,"turns":5},{"damage":11,"enemies":"Cultist and Chosen","floor":27,"turns":4},{"damage":7,"enemies":"Snake Plant","floor":30,"turns":4},{"damage":15,"enemies":"Automaton","floor":33,"turns":10},{"damage":2,"enemies":"Orb Walker","floor":35,"turns":3},{"damage":0,"enemies":"3 Shapes","floor":39,"turns":4},{"damage":16,"enemies":"Sphere and 2 Shapes","floor":44,"turns":4},{"damage":8,"enemies":"3 Darklings","floor":46,"turns":4},{"damage":3,"enemies":"Nemesis","floor":47,"turns":7},{"damage":120,"enemies":"Donu and Deca","floor":50,"turns":13}],"event_choices":[{"event_name":"Golden Shrine","player_choice":"Pray","floor":3,"damage_taken":0},{"event_name":"World of Goop","player_choice":"Gather Gold","floor":4,"damage_taken":0},{"event_name":"Transmorgrifier","player_choice":"Transform","floor":22,"damage_taken":0},{"event_name":"Vampires","player_choice":"Ignored","floor":25,"damage_taken":0},{"event_name":"Back to Basics","player_choice":"Simplicity","floor":31,"damage_taken":0},{"event_name":"Bonfire Elementals","player_choice":"BASIC","floor":36,"damage_taken":0},{"event_name":"Tomb of Lord Red Mask","player_choice":"Paid","floor":41,"damage_taken":0}],"boss_relics":[{"not_picked":["White Beast Statue","Runic Pyramid"],"picked":"Ectoplasm"},{"not_picked":["Snecko Eye","Orrery"],"picked":"Lizard Tail"}],"potions_floor_spawned":[7,11,16,21,27,30,39,44],"seed_played":"6179009826547970577","ascension_level":4,"is_trial":false}