{"gold_per_floor":[116,86,106,126,141,141,170,187,187,187,203,265,327,252,252,323,323,342,359,359,16,16,16,35,35],"floor_reached":25,"playtime":743,"items_purged":[],"score":406,"play_id":"0680f218-2511-4934-8a53-8d0361f45484","local_time":"20190125160623","is_ascension_mode":true,"campfire_choices":[{"data":"Zap","floor":6.0,"key":"SMITH"},{"floor":10.0,"key":"REST"},{"data":"Hologram","floor":15.0,"key":"SMITH"},{"data":"Biased Cognition","floor":23.0,"key":"SMITH"}],"neow_cost":"PERCENT_DAMAGE","seed_source_timestamp":0,"circlet_count":0,"master_deck":["AscendersBane","Strike_B","Strike_B","Strike_B","Defend_B","Defend_B","Defend_B","Zap+1","Dualcast","Melter","Turbo","Sweeping Beam","Ball Lightning","Electrodynamics","Hologram+1","Steam","Biased Cognition+1","Doom and Gloom+1","Conserve Battery"],"special_seed":0,"relics":["Cracked Core","Ice Cream","Singing Bowl","Mummified Hand","Black Star","Nloth\u0027s Gift","Frozen Egg 2"],"potions_floor_usage":[24,25],"damage_taken":[{"damage":0.0,"enemies":"2 Louse","floor":1.0,"turns":2.0},{"damage":1.0,"enemies":"Cultist","floor":3.0,"turns":3.0},{"damage":2.0,"enemies":"Jaw Worm","floor":4.0,"turns":2.0},{"damage":0.0,"enemies":"Large Slime","floor":5.0,"turns":4.0},{"damage":20.0,"enemies":"3 Sentries","floor":7.0,"turns":5.0},{"damage":6.0,"enemies":"3 Louse","floor":8.0,"turns":2.0},{"damage":3.0,"enemies":"Exordium Thugs","floor":11.0,"turns":2.0},{"damage":6.0,"enemies":"3 Sentries","floor":13.0,"turns":4.0},{"damage":35.0,"enemies":"The Guardian","floor":16.0,"turns":9.0},{"damage":11.0,"enemies":"2 Thieves","floor":18.0,"turns":2.0},{"damage":7.0,"enemies":"3 Byrds","floor":19.0,"turns":2.0},{"damage":15,"enemies":"Snecko","floor":24,"turns":4},{"damage":37,"enemies":"Gremlin Leader","floor":25,"turns":2}],"seed_played":"-2631270146747963220","potions_obtained":[{"floor":2.0,"key":"Fruit Juice"},{"floor":2.0,"key":"SkillPotion"},{"floor":3.0,"key":"AttackPotion"},{"floor":7.0,"key":"FocusPotion"},{"floor":13.0,"key":"LiquidBronze"},{"floor":16.0,"key":"SteroidPotion"},{"floor":24,"key":"Strength Potion"}],"is_trial":false,"path_per_floor":["M","?","M","M","M","R","E","M","T","R","M","?","?","?","R","B",null,"M","M","?","$","?","R","M","E"],"character_chosen":"DEFECT","items_purchased":["Frozen Egg 2","Conserve Battery"],"campfire_rested":1,"item_purchase_floors":[21,21],"current_hp_per_floor":[46,46,50,48,48,48,28,22,22,44,41,41,37,37,37,2,59,50,43,43,43,43,43,30,0],"gold":35,"neow_bonus":"ONE_RARE_RELIC","is_prod":false,"is_daily":false,"chose_seed":false,"campfire_upgraded":3,"win_rate":0,"timestamp":1548399983,"path_taken":["M","?","M","M","?","R","E","M","T","R","M","?","?","?","R","BOSS","M","M","?","?","?","R","M","E"],"build_version":"2019-01-23","purchased_purges":0,"victory":false,"max_hp_per_floor":[71,71,76,76,76,76,76,76,76,76,76,76,78,78,78,78,78,80,80,80,80,80,80,82,82],"card_choices":[{"not_picked":["Redo","Go for the Eyes"],"picked":"Melter","floor":1.0},{"not_picked":["Go for the Eyes","Reprogram"],"picked":"Turbo","floor":3.0},{"not_picked":["Capacitor","Coolheaded"],"picked":"Sweeping Beam","floor":4.0},{"not_picked":["Turbo","Storm"],"picked":"Ball Lightning","floor":5.0},{"not_picked":["White Noise","Lockon"],"picked":"Electrodynamics","floor":7.0},{"not_picked":["Stack","Static Discharge"],"picked":"Hologram","floor":8.0},{"not_picked":["Leap","Streamline"],"picked":"Steam","floor":11.0},{"not_picked":["Chaos","Beam Cell","Reinforced Body"],"picked":"Singing Bowl","floor":13.0},{"not_picked":["All For One","Rainbow"],"picked":"Biased Cognition","floor":16.0},{"not_picked":["Leap","Gash","Loop"],"picked":"Singing Bowl","floor":18.0},{"not_picked":["Redo","Gash"],"picked":"Doom and Gloom+1","floor":19.0},{"not_picked":["Compile Driver","Turbo","Blizzard"],"picked":"Singing Bowl","floor":24}],"player_experience":1070517,"relics_obtained":[{"floor":7.0,"key":"Singing Bowl"},{"floor":9.0,"key":"Letter Opener"},{"floor":13.0,"key":"Mummified Hand"}],"event_choices":[{"damage_healed":0.0,"max_hp_gain":0.0,"max_hp_loss":0.0,"gold_gain":0.0,"event_name":"The Woman in Blue","player_choice":"Bought 2 Potions","floor":2.0,"gold_loss":0.0,"damage_taken":0.0},{"damage_healed":0.0,"max_hp_gain":0.0,"max_hp_loss":0.0,"gold_gain":62.0,"event_name":"Golden Wing","player_choice":"Gained Gold","floor":12.0,"gold_loss":0.0,"damage_taken":0.0},{"damage_healed":0.0,"max_hp_gain":0.0,"max_hp_loss":0.0,"gold_gain":0.0,"event_name":"Dead Adventurer","player_choice":"Searched \u00271\u0027 times","floor":13.0,"gold_loss":0.0,"damage_taken":0.0},{"cards_removed":["Defend_B"],"damage_healed":0.0,"max_hp_gain":0.0,"max_hp_loss":0.0,"gold_gain":0.0,"event_name":"The Cleric","player_choice":"Card Removal","floor":14.0,"gold_loss":75.0,"damage_taken":0.0},{"damage_healed":0.0,"max_hp_gain":0.0,"max_hp_loss":0.0,"gold_gain":0.0,"event_name":"N\u0027loth","player_choice":"Traded Relic","floor":20.0,"relics_lost":["Letter Opener"],"gold_loss":0.0,"damage_taken":0.0,"relics_obtained":["Nloth\u0027s Gift"]},{"cards_removed":["Strike_B"],"damage_healed":0.0,"max_hp_gain":0.0,"max_hp_loss":0.0,"gold_gain":0.0,"event_name":"Purifier","player_choice":"Purged","floor":22.0,"gold_loss":0.0,"damage_taken":0.0}],"is_beta":false,"boss_relics":[{"not_picked":["Lizard Tail","FrozenCore"],"picked":"Black Star"}],"items_purged_floors":[],"is_endless":false,"potions_floor_spawned":[3,7,8,13,16,24],"killed_by":"Gremlin Leader","ascension_level":20}