{"gold_per_floor":[115,130,130,305,305,305,326,326,326,8,24,67,42,62,62,187,187,205,221,321,346,361,361,394,29,29,0,0,19,74,93,93,93],"floor_reached":33,"playtime":1892,"items_purged":["Injury","Backflip"],"score":360,"play_id":"5f571171-d012-4e8b-9185-18ff1827c3a3","local_time":"20190117213923","is_ascension_mode":true,"campfire_choices":[{"data":"All Out Attack","floor":6.0,"key":"SMITH"},{"data":"Neutralize","floor":8.0,"key":"SMITH"},{"data":"All Out Attack","floor":15.0,"key":"SMITH"},{"floor":23.0,"key":"REST"},{"floor":28.0,"key":"REST"},{"floor":32.0,"key":"REST"}],"neow_cost":"NONE","seed_source_timestamp":6275855363498,"circlet_count":0,"master_deck":["Defend_G","Defend_G","Defend_G","Defend_G","Defend_G","Strike_G","Strike_G","Strike_G","Strike_G","Strike_G","Survivor","Neutralize+1","All Out Attack+1","Escape Plan","Blur","Dagger Throw","All Out Attack+1","Adrenaline","Deflect","Underhanded Strike","Phantasmal Killer","Prepared","Adrenaline","Reflex","Slice","Endless Agony","Adrenaline","Outmaneuver","Pain","Deflect"],"special_seed":0,"relics":["Ring of the Snake","Golden Idol","Unceasing Top","Membership Card","Oddly Smooth Stone","Cursed Key","Mercury Hourglass","Toy Ornithopter","Potion Belt","Tiny Chest"],"potions_floor_usage":[33,33,33],"damage_taken":[{"damage":4.0,"enemies":"2 Louse","floor":1.0,"turns":4.0},{"damage":0.0,"enemies":"Small Slimes","floor":2.0,"turns":3.0},{"damage":3.0,"enemies":"Jaw Worm","floor":7.0,"turns":5.0},{"damage":0.0,"enemies":"Red Slaver","floor":11.0,"turns":4.0},{"damage":14.0,"enemies":"3 Sentries","floor":12.0,"turns":6.0},{"damage":0.0,"enemies":"Gremlin Gang","floor":14.0,"turns":4.0},{"damage":25.0,"enemies":"The Guardian","floor":16.0,"turns":14.0},{"damage":26.0,"enemies":"Chosen","floor":18.0,"turns":5.0},{"damage":0.0,"enemies":"3 Byrds","floor":19.0,"turns":5.0},{"damage":11.0,"enemies":"Snecko","floor":21.0,"turns":7.0},{"damage":18.0,"enemies":"Cultist and Chosen","floor":22.0,"turns":8.0},{"damage":29.0,"enemies":"Gremlin Leader","floor":24.0,"turns":7.0},{"damage":0.0,"enemies":"Chosen and Byrds","floor":29.0,"turns":4.0},{"damage":20.0,"enemies":"Sentry and Sphere","floor":31.0,"turns":4.0},{"damage":54,"enemies":"Collector","floor":33,"turns":8}],"seed_played":"-4040271133876333416","potions_obtained":[{"floor":1.0,"key":"SpeedPotion"},{"floor":12.0,"key":"Regen Potion"},{"floor":14.0,"key":"PowerPotion"},{"floor":18.0,"key":"Ancient Potion"},{"floor":19.0,"key":"SkillPotion"},{"floor":22.0,"key":"Block Potion"}],"is_trial":false,"path_per_floor":["M","M","?","?","?","R","M","R","T","$","M","E","$","M","R","B",null,"M","M","?","M","M","R","E","$","T","?","R","M","T","M","R","B"],"character_chosen":"THE_SILENT","items_purchased":["Membership Card","Backflip","Dagger Throw","Deflect","Endless Agony","Adrenaline","Toy Ornithopter","SteroidPotion","Potion Belt"],"campfire_rested":3,"item_purchase_floors":[10,10,10,13,25,25,25,25,25],"current_hp_per_floor":[66,66,66,66,59,59,56,56,56,56,56,42,42,42,42,32,66,40,40,40,29,11,34,5,5,5,5,28,28,28,8,31,0],"gold":93,"neow_bonus":"TEN_PERCENT_HP_BONUS","is_prod":false,"is_daily":false,"chose_seed":false,"campfire_upgraded":3,"win_rate":0,"timestamp":1547757563,"path_taken":["M","M","?","?","?","R","M","R","T","$","M","E","?","?","R","BOSS","M","?","?","?","M","R","E","$","T","?","R","M","?","?","R","BOSS"],"build_version":"2019-01-10","purchased_purges":2,"victory":false,"max_hp_per_floor":[77,77,77,77,77,77,77,77,77,77,77,77,77,77,77,77,77,77,77,77,77,77,77,77,77,77,77,77,77,77,77,77,77],"card_choices":[{"not_picked":["Masterful Stab","Dagger Spray"],"picked":"All Out Attack","floor":1.0},{"not_picked":["Catalyst","Deflect"],"picked":"Escape Plan","floor":2.0},{"not_picked":["Reflex","PiercingWail"],"picked":"Blur","floor":7.0},{"not_picked":["Prepared","Blade Dance"],"picked":"All Out Attack","floor":11.0},{"not_picked":["Dodge and Roll","Quick Slash"],"picked":"Adrenaline","floor":12.0},{"not_picked":["Catalyst","Blur"],"picked":"Underhanded Strike","floor":14.0},{"not_picked":["A Thousand Cuts","Venomology"],"picked":"Phantasmal Killer","floor":16.0},{"not_picked":["Caltrops","Deflect+1"],"picked":"Prepared","floor":18.0},{"not_picked":["Flying Knee","Bouncing Flask","Caltrops"],"picked":"SKIP","floor":19.0},{"not_picked":["Acrobatics","Accuracy"],"picked":"Adrenaline","floor":21.0},{"not_picked":["Catalyst","Slice"],"picked":"Reflex","floor":22.0},{"not_picked":["Catalyst","Acrobatics"],"picked":"Slice","floor":24.0},{"not_picked":["Choke+1","Quick Slash"],"picked":"Outmaneuver","floor":29.0},{"not_picked":["Blur","Dagger Spray"],"picked":"Deflect","floor":31.0}],"player_experience":207697,"relics_obtained":[{"floor":9.0,"key":"Unceasing Top"},{"floor":12.0,"key":"Oddly Smooth Stone"},{"floor":24.0,"key":"Mercury Hourglass"},{"floor":30.0,"key":"Tiny Chest"}],"event_choices":[{"damage_healed":0.0,"max_hp_gain":0.0,"max_hp_loss":0.0,"gold_gain":0.0,"event_name":"Golden Idol","player_choice":"Take Wound","floor":3.0,"gold_loss":0.0,"damage_taken":0.0,"relics_obtained":["Golden Idol"],"cards_obtained":["Injury"]},{"damage_healed":0.0,"max_hp_gain":0.0,"max_hp_loss":0.0,"gold_gain":175.0,"event_name":"Liars Game","player_choice":"AGREE","floor":4.0,"gold_loss":0.0,"damage_taken":0.0,"cards_obtained":["Doubt"]},{"cards_removed":["Doubt"],"damage_healed":0.0,"max_hp_gain":0.0,"max_hp_loss":0.0,"gold_gain":0.0,"event_name":"Golden Wing","player_choice":"Card Removal","floor":5.0,"gold_loss":0.0,"damage_taken":7.0},{"damage_healed":0.0,"max_hp_gain":0.0,"max_hp_loss":0.0,"gold_gain":100.0,"event_name":"Golden Shrine","player_choice":"Pray","floor":20.0,"gold_loss":0.0,"damage_taken":0.0},{"damage_healed":0.0,"max_hp_gain":0.0,"max_hp_loss":0.0,"gold_gain":0.0,"event_name":"Masked Bandits","player_choice":"Paid Fearfully","floor":27.0,"gold_loss":29.0,"damage_taken":0.0}],"is_beta":false,"boss_relics":[{"not_picked":["Pandora\u0027s Box","Tiny House"],"picked":"Cursed Key"}],"items_purged_floors":[10,25],"is_endless":false,"potions_floor_spawned":[1,12,14,18,19,22],"killed_by":"Collector","ascension_level":7}