{"gold_per_floor":[113,123,123,137,87,131,147,147,147,162,180,29,102,134,146,158],"floor_reached":16,"playtime":1028,"items_purged":[],"score":104,"play_id":"faffd006-f56a-4ad2-a037-6615cb822058","local_time":"20181014134644","is_ascension_mode":false,"campfire_choices":[{"floor":8,"key":"REST"},{"floor":15,"key":"REST"}],"neow_cost":"","seed_source_timestamp":245120617992411,"circlet_count":0,"master_deck":["Strike_R","Strike_R","Strike_R","Strike_R","Defend_R","Defend_R","Defend_R","Defend_R","Bash","Infernal Blade","Fire Breathing","Whirlwind","Pommel Strike+1","Clothesline+1","Armaments","Second Wind","Heavy Blade+1","Clash+1"],"relics":["Burning Blood","Golden Idol","Molten Egg 2","Mummified Hand","Orichalcum","MawBank"],"potions_floor_usage":[6,13,14,16,16],"damage_taken":[{"damage":5,"enemies":"Small Slimes","floor":1,"turns":3},{"damage":8,"enemies":"Jaw Worm","floor":2,"turns":4},{"damage":1,"enemies":"Cultist","floor":4,"turns":3},{"damage":19,"enemies":"Gremlin Nob","floor":6,"turns":4},{"damage":24,"enemies":"Blue Slaver","floor":7,"turns":3},{"damage":12,"enemies":"2 Fungi Beasts","floor":10,"turns":2},{"damage":9,"enemies":"Red Slaver","floor":11,"turns":3},{"damage":39,"enemies":"Lagavulin Event","floor":13,"turns":7},{"damage":4,"enemies":"Blue Slaver","floor":14,"turns":4},{"damage":49,"enemies":"Hexaghost","floor":16,"turns":11}],"seed_played":"-2416779396970056019","potions_obtained":[{"floor":1,"key":"Poison Potion"},{"floor":2,"key":"Explosive Potion"},{"floor":10,"key":"SpeedPotion"},{"floor":13,"key":"Strength Potion"},{"floor":13,"key":"SpeedPotion"}],"is_trial":false,"path_per_floor":["M","M","?","M","?","E","M","R","T","M","M","$","?","M","R"],"character_chosen":"IRONCLAD","items_purchased":["Orichalcum"],"campfire_rested":2,"item_purchase_floors":[12],"current_hp_per_floor":[80,78,74,74,74,61,43,65,65,59,56,56,23,25,47,0],"gold":158,"neow_bonus":"","is_prod":false,"is_daily":false,"chose_seed":false,"campfire_upgraded":0,"win_rate":0.0,"timestamp":1539478004,"path_taken":["M","M","?","?","?","E","M","R","T","M","M","$","?","M","R","BOSS"],"build_version":"2018-10-11","purchased_purges":0,"victory":false,"max_hp_per_floor":[80,80,74,74,74,74,74,74,74,74,74,74,74,74,74,74],"card_choices":[{"not_picked":["Shrug It Off","Perfected Strike"],"picked":"Infernal Blade","floor":1},{"not_picked":["Shockwave","Second Wind"],"picked":"Fire Breathing","floor":2},{"not_picked":["Anger","Headbutt"],"picked":"Whirlwind","floor":4},{"not_picked":["Battle Trance","Fiend Fire"],"picked":"Pommel Strike","floor":6},{"not_picked":["Second Wind","Hemokinesis+1"],"picked":"Clothesline+1","floor":7},{"not_picked":["Pommel Strike+1","Power Through"],"picked":"Armaments","floor":10},{"not_picked":["Warcry","Shockwave"],"picked":"Second Wind","floor":11},{"not_picked":["Infernal Blade","Anger+1"],"picked":"Heavy Blade+1","floor":13},{"not_picked":["Iron Wave+1","Shockwave"],"picked":"Clash+1","floor":14}],"player_experience":28214,"relics_obtained":[{"floor":6,"key":"Molten Egg 2"},{"floor":9,"key":"Mummified Hand"},{"floor":13,"key":"MawBank"}],"event_choices":[{"event_name":"Golden Idol","player_choice":"Lose Max HP","floor":3,"damage_taken":0},{"event_name":"The Cleric","player_choice":"Card Removal","floor":5,"damage_taken":0},{"event_name":"Dead Adventurer","player_choice":"Searched \u00271\u0027 times","floor":13,"damage_taken":0}],"is_beta":false,"boss_relics":[],"items_purged_floors":[],"is_endless":false,"potions_floor_spawned":[1,2,10,13,13],"killed_by":"Hexaghost","ascension_level":0}