{"gold_per_floor":[117,137,137,147,160,160,160,193,193,193,221,66,80,80,80,182,182,197,197,212,212,231,231,265,265,265,265,24,24,40,58,58,158,158,171,246,257,274,284,284,298,298,353,353,353,364,364,464,464,464],"floor_reached":51,"playtime":1404,"items_purged":["Strike_R"],"score":677,"play_id":"fb5a11a9-5344-4c0f-9688-f7a384be0296","local_time":"20190128211127","is_ascension_mode":false,"campfire_choices":[{"data":"Clothesline","floor":6.0,"key":"SMITH"},{"data":"Rampage","floor":10.0,"key":"SMITH"},{"data":"Burning Pact","floor":15.0,"key":"SMITH"},{"floor":23.0,"key":"REST"},{"data":"Havoc","floor":25.0,"key":"SMITH"},{"data":"Double Tap","floor":29.0,"key":"SMITH"},{"data":"Bash","floor":32.0,"key":"SMITH"},{"data":"Offering","floor":40.0,"key":"SMITH"},{"data":"Entrench","floor":42.0,"key":"SMITH"},{"data":"Seeing Red","floor":44.0,"key":"SMITH"},{"floor":49.0,"key":"REST"}],"neow_cost":"NONE","seed_source_timestamp":568324600501,"circlet_count":0,"master_deck":["Strike_R","Strike_R","Strike_R","Strike_R","Defend_R+1","Defend_R","Defend_R","Defend_R+1","Bash+1","Clothesline+1","Wild Strike+1","Shrug It Off+1","Sword Boomerang","Rampage+1","Burning Pact+1","Double Tap+1","Rage+1","Havoc+1","Dropkick","Body Slam+1","Offering+1","Entrench+1","Seeing Red+1","Madness","Madness","Secret Technique","Flash of Steel","True Grit+1"],"special_seed":0,"relics":["Burning Blood","Bag of Marbles","Magic Flower","Shuriken","Ancient Tea Set","War Paint","Eternal Feather","Boot","Frozen Egg 2","TheAbacus","Runic Dome","Gambling Chip"],"potions_floor_usage":[50,50,50],"damage_taken":[{"damage":6.0,"enemies":"Cultist","floor":1.0,"turns":3.0},{"damage":3.0,"enemies":"Jaw Worm","floor":2.0,"turns":4.0},{"damage":0.0,"enemies":"Small Slimes","floor":4.0,"turns":2.0},{"damage":0.0,"enemies":"Blue Slaver","floor":5.0,"turns":4.0},{"damage":4.0,"enemies":"Gremlin Nob","floor":8.0,"turns":3.0},{"damage":23.0,"enemies":"Lagavulin","floor":11.0,"turns":5.0},{"damage":7.0,"enemies":"Looter","floor":13.0,"turns":2.0},{"damage":12.0,"enemies":"Hexaghost","floor":16.0,"turns":9.0},{"damage":24.0,"enemies":"2 Thieves","floor":18.0,"turns":5.0},{"damage":25.0,"enemies":"Shell Parasite","floor":20.0,"turns":11.0},{"damage":45.0,"enemies":"Cultist and Chosen","floor":22.0,"turns":8.0},{"damage":26.0,"enemies":"Gremlin Leader","floor":24.0,"turns":5.0},{"damage":9.0,"enemies":"Colosseum Slavers","floor":27.0,"turns":4.0},{"damage":0.0,"enemies":"Centurion and Healer","floor":30.0,"turns":5.0},{"damage":37.0,"enemies":"3 Cultists","floor":31.0,"turns":6.0},{"damage":28.0,"enemies":"Collector","floor":33.0,"turns":10.0},{"damage":6.0,"enemies":"3 Shapes","floor":35.0,"turns":4.0},{"damage":6.0,"enemies":"Orb Walker","floor":37.0,"turns":1.0},{"damage":34.0,"enemies":"4 Shapes","floor":38.0,"turns":7.0},{"damage":14.0,"enemies":"Spire Growth","floor":39.0,"turns":3.0},{"damage":14.0,"enemies":"Maw","floor":41.0,"turns":5.0},{"damage":23.0,"enemies":"Jaw Worm Horde","floor":46.0,"turns":5.0},{"damage":28.0,"enemies":"Mind Bloom Boss Battle","floor":48.0,"turns":5.0},{"damage":74,"enemies":"Donu and Deca","floor":50,"turns":11}],"seed_played":"4387267998945194249","potions_obtained":[{"floor":2.0,"key":"EssenceOfSteel"},{"floor":4.0,"key":"AttackPotion"},{"floor":11.0,"key":"AttackPotion"},{"floor":13.0,"key":"PowerPotion"},{"floor":20.0,"key":"SneckoOil"},{"floor":30.0,"key":"SkillPotion"},{"floor":38.0,"key":"Poison Potion"},{"floor":39.0,"key":"BloodPotion"},{"floor":41.0,"key":"LiquidBronze"},{"floor":48.0,"key":"SkillPotion"}],"is_trial":false,"path_per_floor":["M","M","?","M","M","R","?","E","T","R","E","$","M","?","R","B",null,"M","?","M","?","M","R","E","R","T","?","$","R","M","M","R","B",null,"M","?","M","M","M","R","M","R","T","R","?","M","?","?","R","B",null],"character_chosen":"IRONCLAD","items_purchased":["Burning Pact","TheAbacus","Dropkick"],"campfire_rested":2,"item_purchase_floors":[12,28,28],"current_hp_per_floor":[88,88,70,76,82,82,82,84,84,84,70,70,72,65,65,62,88,73,73,57,57,21,56,39,48,48,48,48,57,66,38,50,31,88,88,80,83,58,53,65,72,84,84,88,77,63,53,34,75,10],"gold":464,"neow_bonus":"TEN_PERCENT_HP_BONUS","is_prod":false,"is_daily":false,"chose_seed":false,"campfire_upgraded":9,"win_rate":0,"timestamp":1548677487,"path_taken":["M","M","?","M","M","R","?","E","T","R","E","$","M","?","R","BOSS","M","?","M","?","M","R","E","R","T","?","?","R","M","M","R","BOSS","M","?","M","M","?","R","M","R","T","R","?","M","?","?","R","BOSS"],"build_version":"2019-01-23","purchased_purges":1,"victory":true,"max_hp_per_floor":[88,88,88,88,88,88,88,88,88,88,88,88,88,88,88,88,88,88,88,88,88,88,88,88,88,88,88,88,88,88,88,88,88,88,88,88,88,88,88,88,88,88,88,88,88,88,88,88,88,88],"card_choices":[{"not_picked":["Shrug It Off","Thunderclap"],"picked":"Clothesline","floor":1.0},{"not_picked":["Bloodletting","Perfected Strike"],"picked":"Wild Strike","floor":2.0},{"not_picked":["Dropkick","Thunderclap"],"picked":"Shrug It Off","floor":4.0},{"not_picked":["Sentinel","Thunderclap"],"picked":"Sword Boomerang","floor":5.0},{"not_picked":["Ghostly Armor","Iron Wave"],"picked":"Rampage","floor":8.0},{"not_picked":["Shrug It Off","Warcry","Berserk"],"picked":"SKIP","floor":11.0},{"not_picked":["Combust","Pommel Strike","Shrug It Off"],"picked":"SKIP","floor":13.0},{"not_picked":["Berserk","Barricade"],"picked":"Double Tap","floor":16.0},{"not_picked":["Twin Strike","Searing Blow+1"],"picked":"Rage+1","floor":18.0},{"not_picked":["Searing Blow","Metallicize"],"picked":"Havoc","floor":20.0},{"not_picked":["Flex","Thunderclap+1","Twin Strike"],"picked":"SKIP","floor":22.0},{"not_picked":["Twin Strike","Iron Wave","Headbutt"],"picked":"SKIP","floor":24.0},{"not_picked":["Intimidate","Hemokinesis","Cleave+1"],"picked":"SKIP","floor":30.0},{"not_picked":["Sword Boomerang","Bloodletting"],"picked":"Body Slam+1","floor":31.0},{"not_picked":["Reaper","Immolate"],"picked":"Offering","floor":33.0},{"not_picked":["Infernal Blade+1","Burning Pact","Perfected Strike+1"],"picked":"SKIP","floor":35.0},{"not_picked":["Sword Boomerang+1","Wild Strike"],"picked":"Entrench","floor":37.0},{"not_picked":["Combust+1","Dropkick"],"picked":"Seeing Red","floor":38.0},{"not_picked":["Sword Boomerang","Iron Wave+1","Shrug It Off"],"picked":"SKIP","floor":39.0},{"not_picked":["Shockwave","Double Tap","Entrench+1"],"picked":"SKIP","floor":41.0},{"not_picked":["Body Slam+1","Cleave+1","Armaments+1"],"picked":"SKIP","floor":46.0},{"not_picked":["Madness","Enlightenment"],"picked":"Secret Technique","floor":47.0},{"not_picked":["Panacea","Secret Weapon"],"picked":"Flash of Steel","floor":47.0},{"not_picked":["Flame Barrier","Shrug It Off+1"],"picked":"True Grit+1","floor":48.0}],"player_experience":1002016,"relics_obtained":[{"floor":8.0,"key":"Magic Flower"},{"floor":9.0,"key":"Shuriken"},{"floor":11.0,"key":"Ancient Tea Set"},{"floor":24.0,"key":"Boot"},{"floor":26.0,"key":"Frozen Egg 2"},{"floor":48.0,"key":"Gambling Chip"}],"event_choices":[{"damage_healed":0.0,"max_hp_gain":0.0,"max_hp_loss":0.0,"gold_gain":0.0,"event_name":"Shining Light","player_choice":"Entered Light","floor":3.0,"gold_loss":0.0,"damage_taken":18.0,"cards_upgraded":["Wild Strike","Defend_R"]},{"damage_healed":0.0,"max_hp_gain":0.0,"max_hp_loss":0.0,"gold_gain":0.0,"event_name":"Dead Adventurer","player_choice":"Searched \u00272\u0027 times","floor":7.0,"gold_loss":0.0,"damage_taken":0.0,"relics_obtained":["Bag of Marbles"]},{"damage_healed":0.0,"max_hp_gain":0.0,"max_hp_loss":0.0,"gold_gain":0.0,"event_name":"Scrap Ooze","player_choice":"Success","floor":14.0,"gold_loss":0.0,"damage_taken":7.0,"relics_obtained":["War Paint"]},{"damage_healed":0.0,"max_hp_gain":0.0,"max_hp_loss":0.0,"gold_gain":0.0,"event_name":"Vampires","player_choice":"Ignored","floor":19.0,"gold_loss":0.0,"damage_taken":0.0},{"damage_healed":0.0,"max_hp_gain":0.0,"max_hp_loss":0.0,"gold_gain":0.0,"event_name":"Cursed Tome","player_choice":"Ignored","floor":21.0,"gold_loss":0.0,"damage_taken":0.0},{"damage_healed":0.0,"max_hp_gain":0.0,"max_hp_loss":0.0,"gold_gain":0.0,"event_name":"Colosseum","player_choice":"Fight","floor":27.0,"gold_loss":0.0,"damage_taken":0.0},{"damage_healed":0.0,"max_hp_gain":0.0,"max_hp_loss":0.0,"gold_gain":0.0,"event_name":"Colosseum","player_choice":"Fled From Nobs","floor":27.0,"gold_loss":0.0,"damage_taken":0.0},{"damage_healed":0.0,"max_hp_gain":0.0,"max_hp_loss":0.0,"gold_gain":75.0,"event_name":"FaceTrader","player_choice":"Touch","floor":36.0,"gold_loss":0.0,"damage_taken":8.0},{"damage_healed":0.0,"max_hp_gain":0.0,"max_hp_loss":0.0,"gold_gain":0.0,"event_name":"Winding Halls","player_choice":"Embrace Madness","floor":45.0,"gold_loss":0.0,"damage_taken":11.0,"cards_obtained":["Madness","Madness"]},{"damage_healed":0.0,"max_hp_gain":0.0,"max_hp_loss":0.0,"gold_gain":0.0,"event_name":"SensoryStone","player_choice":"Memory 3","floor":47.0,"gold_loss":0.0,"damage_taken":10.0},{"damage_healed":0.0,"max_hp_gain":0.0,"max_hp_loss":0.0,"gold_gain":0.0,"event_name":"MindBloom","player_choice":"Fight","floor":48.0,"gold_loss":0.0,"damage_taken":0.0}],"is_beta":false,"boss_relics":[{"not_picked":["White Beast Statue","Snecko Eye"],"picked":"Eternal Feather"},{"not_picked":["Calling Bell","Fusion Hammer"],"picked":"Runic Dome"}],"items_purged_floors":[12],"is_endless":false,"potions_floor_spawned":[2,4,11,13,20,22,27,30,38,39,41,48],"ascension_level":0}