{"path_per_floor":["M","M","M","M","M","R","E","R","T","M","?","M","E","?","R","B",null,"M","?","T","$","M","R","E","M","T","E"],"character_chosen":"DEFECT","items_purchased":["Mercury Hourglass","Loop"],"gold_per_floor":[110,120,130,145,158,158,184,184,184,203,203,221,254,254,254,359,359,376,376,401,41,57,57,90,105,152,182,182],"floor_reached":28,"campfire_rested":2,"playtime":2784,"item_purchase_floors":[21,21],"current_hp_per_floor":[68,68,68,58,51,51,36,36,36,2,27,24,24,24,61,52,83,44,44,44,44,24,65,32,4,4,6,0],"items_purged":["Normality"],"gold":182,"score":432,"play_id":"a5eebf4d-a6f1-4e32-882c-5f1a8e92153d","local_time":"20180610134445","is_prod":false,"is_daily":false,"chose_seed":false,"is_ascension_mode":true,"campfire_upgraded":2,"win_rate":0,"timestamp":1528631085,"campfire_choices":[{"data":"Zap","floor":6.0,"key":"SMITH"},{"data":"Dualcast","floor":8.0,"key":"SMITH"},{"floor":15.0,"key":"REST"},{"floor":23,"key":"REST"}],"path_taken":["M","M","M","M","M","R","E","R","T","M","?","M","E","?","R","BOSS","M","?","?","$","M","R","E","M","T","E","?"],"build_version":"2018-06-07v3","seed_source_timestamp":88861322515432,"purchased_purges":1,"victory":false,"master_deck":["Strike_B","Strike_B","Strike_B","Strike_B","Defend_B","Defend_B","Defend_B","Defend_B","Zap+1","Dualcast+1","Go for the Eyes","Conserve Battery","Barrage","Leap","Leap","Rebound","Hologram","Cold Snap","White Noise","Echo Form","Parasite","Rip and Tear+1","Loop","Doom and Gloom+1","Compile Driver","Ball Lightning","Sweeping Beam"],"max_hp_per_floor":[75,75,75,75,75,75,75,75,75,75,75,75,75,75,75,75,89,89,89,89,89,89,89,89,89,89,89,89],"relics":["Cracked Core","Boot","Regal Pillow","Pen Nib","Lantern","Calling Bell","Blood Vial","Pantograph","Mango","Omamori","Mercury Hourglass","Gremlin Horn","Bag of Preparation","Dream Catcher"],"card_choices":[{"not_picked":["Streamline","Turbo"],"picked":"Go for the Eyes","floor":1.0},{"not_picked":["Beam Cell","Gash"],"picked":"Conserve Battery","floor":2.0},{"not_picked":["Stack","Compile Driver"],"picked":"Barrage","floor":3.0},{"not_picked":["Reboot","Conserve Battery"],"picked":"Leap","floor":4.0},{"not_picked":["Steam Power","Redo"],"picked":"Leap","floor":5.0},{"not_picked":["Consume","Gash"],"picked":"Rebound","floor":7.0},{"not_picked":["Steam Power","Meteor Strike"],"picked":"Hologram","floor":10.0},{"not_picked":["Doom and Gloom","Leap"],"picked":"Cold Snap","floor":12.0},{"not_picked":["Coolheaded","Compile Driver"],"picked":"White Noise","floor":13.0},{"not_picked":["Amplify","Electrodynamics"],"picked":"Echo Form","floor":16.0},{"not_picked":["Streamline","Static Discharge"],"picked":"Rip and Tear+1","floor":18},{"not_picked":["Redo","Steam"],"picked":"Doom and Gloom+1","floor":22},{"not_picked":["Heatsinks","Turbo"],"picked":"Compile Driver","floor":24},{"not_picked":["Conserve Battery","Barrage"],"picked":"Ball Lightning","floor":25},{"not_picked":["Turbo","Darkness"],"picked":"Sweeping Beam","floor":27}],"player_experience":744175,"potions_floor_usage":[25,27,27],"damage_taken":[{"damage":0.0,"enemies":"Small Slimes","floor":1.0,"turns":3.0},{"damage":0.0,"enemies":"Jaw Worm","floor":2.0,"turns":4.0},{"damage":0.0,"enemies":"2 Louse","floor":3.0,"turns":2.0},{"damage":10.0,"enemies":"Lots of Slimes","floor":4.0,"turns":5.0},{"damage":7.0,"enemies":"Large Slime","floor":5.0,"turns":6.0},{"damage":15.0,"enemies":"Gremlin Nob","floor":7.0,"turns":4.0},{"damage":49.0,"enemies":"Exordium Thugs","floor":10.0,"turns":6.0},{"damage":3.0,"enemies":"Gremlin Gang","floor":12.0,"turns":7.0},{"damage":0.0,"enemies":"Lagavulin","floor":13.0,"turns":5.0},{"damage":9.0,"enemies":"The Guardian","floor":16.0,"turns":13.0},{"damage":41,"enemies":"Shell Parasite","floor":18,"turns":11},{"damage":22,"enemies":"2 Thieves","floor":22,"turns":4},{"damage":35,"enemies":"Gremlin Leader","floor":24,"turns":7},{"damage":30,"enemies":"Snecko","floor":25,"turns":6},{"damage":0,"enemies":"Slavers","floor":27,"turns":2},{"damage":8,"enemies":"Centurion and Healer","floor":28,"turns":2}],"relics_obtained":[{"floor":7.0,"key":"Regal Pillow"},{"floor":9.0,"key":"Pen Nib"},{"floor":13.0,"key":"Lantern"},{"floor":17.0,"key":"Blood Vial"},{"floor":17.0,"key":"Pantograph"},{"floor":17.0,"key":"Mango"},{"floor":20,"key":"Omamori"},{"floor":24,"key":"Gremlin Horn"},{"floor":26,"key":"Bag of Preparation"},{"floor":27,"key":"Dream Catcher"}],"event_choices":[{"event_name":"Big Fish","player_choice":"Banana","floor":11.0,"damage_taken":0.0},{"event_name":"The Lab","player_choice":"Got Potions","floor":14.0,"damage_taken":0.0},{"event_name":"Purifier","player_choice":"One Purge","floor":19,"damage_taken":0}],"boss_relics":[{"not_picked":["Tiny House","Astrolabe"],"picked":"Calling Bell"}],"items_purged_floors":[21],"potions_floor_spawned":[2,4,5,7,12,24],"seed_played":"3092951936717849573","killed_by":"Centurion and Healer","ascension_level":7,"potions_obtained":[{"floor":2.0,"key":"Regen Potion"},{"floor":4.0,"key":"Strength Potion"},{"floor":5.0,"key":"FearPotion"},{"floor":7.0,"key":"FearPotion"},{"floor":12.0,"key":"AttackPotion"},{"floor":14.0,"key":"SteroidPotion"},{"floor":14.0,"key":"LiquidBronze"},{"floor":14.0,"key":"SmokeBomb"},{"floor":24,"key":"Energy Potion"}],"is_trial":false}