{"path_per_floor":["M","?","M","?","M","R","T","M","T","M","E","R","$","M","R","B",null,"M","?","M","M","M","E","M","E","T","?","E","M","$","$","R","B",null,"M","?","$","?","M","E","?","?","T","E","M","M","E","M","R"],"character_chosen":"THE_SILENT","items_purchased":["Bronze Scales","Die Die Die","Oddly Smooth Stone","Meat on the Bone","Panache"],"gold_per_floor":[112,112,126,126,140,140,140,156,156,168,203,203,54,74,74,170,170,181,231,251,270,280,306,325,653,678,593,619,635,555,164,164,269,269,288,288,18,0,11,42,42,42,42,74,92,108,140,158,158],"floor_reached":50,"campfire_rested":2,"playtime":5345,"current_hp_per_floor":[69,69,67,67,67,67,67,64,71,70,63,63,63,62,62,43,77,64,64,61,61,58,41,33,30,30,30,34,24,24,24,47,43,77,77,67,67,67,66,41,41,41,41,42,42,39,37,49,72],"items_purged":["Flechettes"],"gold":158,"score":700,"play_id":"7d6a3fa8-2e6b-45fd-aedc-63290e7e33f6","local_time":"20180322203648","is_prod":false,"is_daily":false,"is_ascension_mode":true,"campfire_upgraded":3,"timestamp":1521747408,"path_taken":["M","?","M","?","?","R","?","M","T","?","E","R","$","M","R","BOSS","M","?","M","M","M","E","M","E","T","?","E","M","?","$","R","BOSS","M","?","$","?","M","E","?","?","T","E","M","?","E","M","R","BOSS"],"build_version":"2018-03-15v3","purchased_purges":2,"victory":false,"master_deck":["Survivor","Neutralize","Infinite Blades+1","Dagger Spray+1","Poisoned Stab+1","Bouncing Flask+1","Poisoned Stab","Backstab","Die Die Die","Flying Knee","Backflip","Slice","Cloak And Dagger","Catalyst","PiercingWail","Dagger Spray","Dagger Spray","Deadly Poison+1","Accuracy","Dodge and Roll","Cloak And Dagger+1","Cloak And Dagger+1","Backstab","PiercingWail","Predator","Accuracy+1","Die Die Die","Die Die Die","Dash+1","Madness","Madness","Panache","Cloak And Dagger","Poisoned Stab+1","Noxious Fumes","Catalyst","Accuracy","Infinite Blades+1","Infinite Blades"],"max_hp_per_floor":[70,70,70,70,70,70,70,70,77,77,77,77,77,77,77,77,77,77,77,77,77,77,77,77,77,77,77,77,77,77,77,77,77,77,77,77,77,77,77,77,77,77,77,77,77,77,77,77,77],"relics":["Ring of the Snake","Thread and Needle","Strawberry","Vajra","Bronze Scales","Pandora\u0027s Box","Bag of Preparation","Old Coin","Ancient Tea Set","Gremlin Horn","Orichalcum","Oddly Smooth Stone","Meat on the Bone","Philosopher\u0027s Stone","Red Mask","Gambling Chip","Calipers","Mummified Hand","Molten Egg 2"],"card_choices":[{"not_picked":["Prepared","Setup"],"picked":"Infinite Blades"},{"not_picked":["Terror","Calculated Gamble"],"picked":"Dagger Spray"},{"not_picked":["Prepared","Reflex"],"picked":"Poisoned Stab"},{"not_picked":["Dagger Spray","Dagger Throw"],"picked":"Flying Knee"},{"not_picked":["Slice","Tactician"],"picked":"Bouncing Flask"},{"not_picked":["Finisher","A Thousand Cuts"],"picked":"Poisoned Stab"},{"not_picked":["Quick Slash","Dagger Throw"],"picked":"Backstab"},{"not_picked":["Night Terror","Envenom"],"picked":"Die Die Die"},{"not_picked":["Concentrate","Backflip"],"picked":"Deadly Poison"},{"not_picked":["Heel Hook","Dodge and Roll"],"picked":"Accuracy"},{"not_picked":["Acrobatics","Bane"],"picked":"Dodge and Roll"},{"not_picked":["Slice","Flechettes"],"picked":"Cloak And Dagger"},{"not_picked":["Leg Sweep","Slice"],"picked":"Cloak And Dagger"},{"not_picked":["Dash","Poisoned Stab"],"picked":"Backstab"},{"not_picked":["Malaise","Bane"],"picked":"PiercingWail"},{"not_picked":["Storm of Steel","Backflip"],"picked":"Predator"},{"not_picked":["Bane","Dash"],"picked":"Accuracy"},{"not_picked":["Burst","After Image"],"picked":"Die Die Die"},{"not_picked":["Dodge and Roll","Concentrate"],"picked":"Dash"},{"not_picked":["Deflect","Sucker Punch"],"picked":"Cloak And Dagger"},{"not_picked":["Acrobatics","Skewer"],"picked":"Poisoned Stab"},{"not_picked":["All Out Attack","Distraction"],"picked":"Catalyst"},{"not_picked":["Prepared","Outmaneuver"],"picked":"Accuracy"},{"not_picked":["Outmaneuver","Masterful Stab"],"picked":"Infinite Blades"},{"not_picked":["Calculated Gamble","Footwork"],"picked":"Infinite Blades"}],"player_experience":285898,"potions_floor_usage":[16,21,24,28,40,40,40,50,50],"damage_taken":[{"damage":1,"enemies":"Jaw Worm","floor":1,"turns":5},{"damage":2,"enemies":"Small Slimes","floor":3,"turns":5},{"damage":0,"enemies":"Cultist","floor":5,"turns":5},{"damage":3,"enemies":"Lots of Slimes","floor":8,"turns":2},{"damage":1,"enemies":"Gremlin Gang","floor":10,"turns":3},{"damage":7,"enemies":"3 Sentries","floor":11,"turns":7},{"damage":1,"enemies":"Exordium Wildlife","floor":14,"turns":3},{"damage":19,"enemies":"The Guardian","floor":16,"turns":8},{"damage":13,"enemies":"Shell Parasite","floor":18,"turns":3},{"damage":3,"enemies":"2 Thieves","floor":20,"turns":3},{"damage":0,"enemies":"Snake Plant","floor":21,"turns":2},{"damage":3,"enemies":"Centurion and Healer","floor":22,"turns":5},{"damage":17,"enemies":"Gremlin Leader","floor":23,"turns":5},{"damage":8,"enemies":"Slaver and Parasite","floor":24,"turns":4},{"damage":3,"enemies":"Slavers","floor":25,"turns":2},{"damage":8,"enemies":"Book of Stabbing","floor":28,"turns":4},{"damage":10,"enemies":"Snake Plant","floor":29,"turns":3},{"damage":16,"enemies":"Automaton","floor":33,"turns":7},{"damage":0,"enemies":"Orb Walker","floor":35,"turns":2},{"damage":1,"enemies":"3 Darklings","floor":39,"turns":3},{"damage":37,"enemies":"Giant Head","floor":40,"turns":7},{"damage":11,"enemies":"Nemesis","floor":44,"turns":5},{"damage":0,"enemies":"4 Shapes","floor":45,"turns":2},{"damage":3,"enemies":"Sphere and 2 Shapes","floor":46,"turns":2},{"damage":14,"enemies":"Giant Head","floor":47,"turns":6},{"damage":0,"enemies":"3 Darklings","floor":48,"turns":2},{"damage":73,"enemies":"Time Eater","floor":50,"turns":4}],"event_choices":[{"event_name":"Golden Wing","player_choice":"Ignored","floor":2,"damage_taken":0},{"event_name":"Accursed Blacksmith","player_choice":"Forge","floor":4,"damage_taken":0},{"event_name":"The Joust","player_choice":"Bet on Murderer","floor":19,"damage_taken":0},{"event_name":"Addict","player_choice":"Obtained Relic","floor":27,"damage_taken":0},{"event_name":"Winding Halls","player_choice":"Embrace Madness","floor":36,"damage_taken":0},{"event_name":"Tomb of Lord Red Mask","player_choice":"Paid","floor":38,"damage_taken":0},{"event_name":"Transmorgrifier","player_choice":"Transform","floor":41,"damage_taken":0}],"boss_relics":[{"not_picked":["Lizard Tail","Black Star"],"picked":"Pandora\u0027s Box"},{"not_picked":["Snecko Eye","White Beast Statue"],"picked":"Philosopher\u0027s Stone"}],"potions_floor_spawned":[5,8,18,20,23,25,28,33,35,39,40,48],"seed_played":"-9055891433908518709","killed_by":"Time Eater","ascension_level":1,"is_trial":false}