{"path_per_floor":["M","?","?","M","T","E","$","R","T","?","M","R","M","M","R","B",null,"M","$","?","M","M"],"character_chosen":"DEFECT","items_purchased":["War Paint","Frozen Egg 2","Turbo"],"gold_per_floor":[109,109,109,128,202,232,35,35,35,135,153,153,163,182,182,287,287,302,19,19,34,44,44],"floor_reached":23,"campfire_rested":1,"playtime":5719,"item_purchase_floors":[],"current_hp_per_floor":[67,67,77,72,72,34,34,34,34,34,29,29,28,25,50,8,66,39,39,39,38,14,0],"items_purged":["Regret"],"gold":44,"score":277,"play_id":"620862a5-0050-46fd-92b6-00ec51ca99cb","local_time":"20180618000529","is_prod":false,"is_daily":false,"chose_seed":false,"is_ascension_mode":true,"campfire_upgraded":2,"win_rate":0,"timestamp":1529273129,"campfire_choices":[{"data":"Zap","floor":8.0,"key":"SMITH"},{"data":"Beam Cell","floor":12.0,"key":"SMITH"},{"floor":15.0,"key":"REST"}],"path_taken":["M","?","?","M","?","E","?","R","T","?","M","R","?","M","R","BOSS","M","$","?","M","M","E"],"build_version":"2018-06-14v2","seed_source_timestamp":0,"purchased_purges":1,"victory":false,"master_deck":["Strike_B","Strike_B","Strike_B","Defend_B","Defend_B","Defend_B","Defend_B","Zap+1","Dualcast","Coolheaded+1","Decay","Turbo","Steam Power+1","Beam Cell+1","Core Surge","Hologram","Meteor Strike","Compile Driver","Turbo","Steam","Steam"],"max_hp_per_floor":[75,75,85,85,85,85,85,85,85,85,85,85,85,85,85,85,85,85,85,85,85,85,85],"special_seed":0,"relics":["Cracked Core","Pear","Smiling Mask","Centennial Puzzle","War Paint","Turnip","Busted Crown","Frozen Egg 2"],"card_choices":[{"not_picked":["Stack","Storm"],"picked":"Coolheaded","floor":1.0},{"not_picked":["Leap","Coolheaded"],"picked":"Turbo","floor":4.0},{"not_picked":["Gash","Auto Shields"],"picked":"Steam Power","floor":6.0},{"not_picked":["Compile Driver","Hello World"],"picked":"Beam Cell","floor":11.0},{"not_picked":["Go for the Eyes","Hello World"],"picked":"Core Surge","floor":13.0},{"not_picked":["Barrage","Go for the Eyes"],"picked":"Hologram","floor":14.0},{"not_picked":["Multi-Cast","Hyperbeam"],"picked":"Meteor Strike","floor":16.0},{"not_picked":[],"picked":"Compile Driver","floor":18},{"not_picked":["Lockon"],"picked":"SKIP","floor":21},{"not_picked":[],"picked":"Steam","floor":22}],"player_experience":760270,"potions_floor_usage":[23,23],"damage_taken":[{"damage":1.0,"enemies":"2 Louse","floor":1.0,"turns":2.0},{"damage":5.0,"enemies":"Cultist","floor":4.0,"turns":4.0},{"damage":38.0,"enemies":"3 Sentries","floor":6.0,"turns":12.0},{"damage":5.0,"enemies":"Jaw Worm","floor":11.0,"turns":3.0},{"damage":1.0,"enemies":"Looter","floor":13.0,"turns":3.0},{"damage":3.0,"enemies":"Blue Slaver","floor":14.0,"turns":2.0},{"damage":42.0,"enemies":"The Guardian","floor":16.0,"turns":11.0},{"damage":27,"enemies":"3 Byrds","floor":18,"turns":6},{"damage":1,"enemies":"Spheric Guardian","floor":21,"turns":3},{"damage":24,"enemies":"Cultist and Chosen","floor":22,"turns":5},{"damage":27,"enemies":"Slavers","floor":23,"turns":1}],"relics_obtained":[{"floor":5.0,"key":"Smiling Mask"},{"floor":6.0,"key":"Centennial Puzzle"},{"floor":9.0,"key":"Turnip"}],"event_choices":[{"event_name":"Wheel of Change","player_choice":"Curse","floor":2.0,"damage_taken":0.0},{"event_name":"Big Fish","player_choice":"Box","floor":3.0,"damage_taken":0.0},{"event_name":"Golden Shrine","player_choice":"Pray","floor":10.0,"damage_taken":0.0},{"event_name":"Transmorgrifier","player_choice":"Transform","floor":20,"damage_taken":0}],"boss_relics":[{"not_picked":["Velvet Choker","Ectoplasm"],"picked":"Busted Crown"}],"items_purged_floors":[],"is_endless":false,"potions_floor_spawned":[1,4,11,14,21,22],"seed_played":"-240851294623778702","killed_by":"Slavers","ascension_level":9,"potions_obtained":[{"floor":1.0,"key":"SkillPotion"},{"floor":4.0,"key":"Dexterity Potion"},{"floor":11.0,"key":"Poison Potion"},{"floor":14.0,"key":"PowerPotion"},{"floor":21,"key":"FocusPotion"},{"floor":22,"key":"PowerPotion"}],"is_trial":false}