{"gold_per_floor":[115,37,37,55,10,10,45,45,45,59,79,93,110,129,129,224,224,241,241,253,343,358,358,391,391,391,419,439,7,0,0,0,0],"floor_reached":33,"playtime":1546,"items_purged":[],"score":312,"play_id":"485f971e-babd-4d8f-a29d-bae35d92a041","local_time":"20181020212217","is_ascension_mode":false,"campfire_choices":[{"data":"Armaments","floor":6.0,"key":"SMITH"},{"data":"Infernal Blade","floor":8.0,"key":"SMITH"},{"data":"Flex","floor":15.0,"key":"SMITH"},{"floor":23,"key":"REST"},{"data":"Pummel","floor":25,"key":"SMITH"},{"data":"Warcry","floor":32,"key":"SMITH"}],"neow_cost":"NONE","seed_source_timestamp":0,"circlet_count":0,"master_deck":["Bash","Sword Boomerang","Flex+1","Armaments+1","Infernal Blade+1","Combust","Sword Boomerang","Heavy Blade","Cleave","Pummel+1","Immolate","Dropkick","Heavy Blade","Reckless Charge","Spot Weakness","Wild Strike","Corruption","Warcry+1","Wild Strike","Twin Strike","Warcry+1","Intimidate+1","Uppercut+1","Disarm+1","Thunderclap+1","Anger+1","Panache","Armaments+1","Pain"],"special_seed":0,"relics":["Burning Blood","NeowsBlessing","Shuriken","Anchor","Bronze Scales","Pandora\u0027s Box","Question Card","Matryoshka","Toxic Egg 2","PrismaticShard","WarpedTongs"],"potions_floor_usage":[22,24,27],"damage_taken":[{"damage":0.0,"enemies":"Jaw Worm","floor":1.0,"turns":1.0},{"damage":0.0,"enemies":"Cultist","floor":4.0,"turns":1.0},{"damage":0.0,"enemies":"3 Sentries","floor":7.0,"turns":2.0},{"damage":0.0,"enemies":"2 Louse","floor":10.0,"turns":1.0},{"damage":5.0,"enemies":"Exordium Thugs","floor":11.0,"turns":4.0},{"damage":1.0,"enemies":"Lots of Slimes","floor":12.0,"turns":3.0},{"damage":11.0,"enemies":"Gremlin Gang","floor":13.0,"turns":3.0},{"damage":2.0,"enemies":"Blue Slaver","floor":14.0,"turns":2.0},{"damage":44,"enemies":"Slime Boss","floor":16,"turns":7},{"damage":6,"enemies":"Spheric Guardian","floor":18,"turns":3},{"damage":0,"enemies":"Chosen","floor":20,"turns":2},{"damage":32,"enemies":"Snake Plant","floor":22,"turns":3},{"damage":8,"enemies":"Gremlin Leader","floor":24,"turns":3},{"damage":6,"enemies":"Book of Stabbing","floor":27,"turns":3},{"damage":18,"enemies":"Snecko","floor":28,"turns":4},{"damage":33,"enemies":"Collector","floor":33,"turns":6}],"seed_played":"7327698739547546765","potions_obtained":[{"floor":1.0,"key":"LiquidBronze"},{"floor":11.0,"key":"SkillPotion"},{"floor":12.0,"key":"Energy Potion"},{"floor":14.0,"key":"Regen Potion"},{"floor":18,"key":"Energy Potion"},{"floor":27,"key":"SpeedPotion"}],"is_trial":false,"path_per_floor":["M","?","?","M","$","R","E","R","T","M","M","M","M","M","R","B",null,"M","?","M","?","M","R","E","R","T","E","M","$","?","?","R"],"character_chosen":"IRONCLAD","items_purchased":["Armaments","PrismaticShard","Panache","Armaments+1"],"campfire_rested":1,"item_purchase_floors":[5,29,29,29],"current_hp_per_floor":[80,80,80,80,80,80,80,80,80,80,80,80,75,79,79,41,80,80,80,80,64,43,67,65,65,65,65,53,53,53,53,53,20],"gold":0,"neow_bonus":"THREE_ENEMY_KILL","is_prod":false,"is_daily":false,"chose_seed":false,"campfire_upgraded":5,"win_rate":0.0,"timestamp":1540023737,"path_taken":["M","?","?","?","$","R","E","R","T","M","M","M","M","M","R","BOSS","M","?","M","?","?","R","E","R","T","E","M","$","?","?","R","BOSS"],"build_version":"2018-10-18","purchased_purges":0,"victory":false,"max_hp_per_floor":[80,80,80,80,80,80,80,80,80,80,80,80,80,80,80,80,80,80,80,80,80,80,80,80,80,80,80,80,80,80,80,80,80],"card_choices":[{"not_picked":["Twin Strike","Iron Wave"],"picked":"Sword Boomerang","floor":1.0},{"not_picked":["Cleave","Heavy Blade"],"picked":"Flex","floor":4.0},{"not_picked":["Uppercut","Iron Wave"],"picked":"Infernal Blade","floor":7.0},{"not_picked":["Dropkick","Flame Barrier"],"picked":"Combust","floor":10.0},{"not_picked":["Intimidate","True Grit"],"picked":"Sword Boomerang","floor":11.0},{"not_picked":["Uppercut","Iron Wave"],"picked":"Heavy Blade","floor":12.0},{"not_picked":["Dark Embrace","Clothesline"],"picked":"Cleave","floor":13.0},{"not_picked":["Feel No Pain","Havoc"],"picked":"Pummel","floor":14.0},{"not_picked":["Berserk","Limit Break"],"picked":"Immolate","floor":16},{"not_picked":["Body Slam","Evolve+1"],"picked":"Warcry+1","floor":18},{"not_picked":["Heavy Blade","Shrug It Off"],"picked":"Intimidate+1","floor":20},{"not_picked":["Dropkick","Body Slam"],"picked":"Uppercut+1","floor":22},{"not_picked":["Carnage","Twin Strike"],"picked":"Disarm+1","floor":24},{"not_picked":["Clash","Clothesline","Ghostly Armor+1"],"picked":"Thunderclap+1","floor":27},{"not_picked":["Iron Wave+1","Rupture+1","Shrug It Off+1"],"picked":"Anger+1","floor":28}],"player_experience":137368,"relics_obtained":[{"floor":7.0,"key":"Anchor"},{"floor":9.0,"key":"Bronze Scales"},{"floor":24,"key":"Question Card"},{"floor":26,"key":"Matryoshka"},{"floor":27,"key":"Toxic Egg 2"}],"event_choices":[{"damage_healed":0.0,"max_hp_gain":0.0,"max_hp_loss":0.0,"gold_gain":0.0,"event_name":"WeMeetAgain","player_choice":"Paid Gold","floor":2.0,"gold_loss":78.0,"damage_taken":0.0,"relics_obtained":["Shuriken"]},{"damage_healed":0.0,"max_hp_gain":0.0,"max_hp_loss":0.0,"gold_gain":0.0,"event_name":"The Cleric","player_choice":"Leave","floor":3.0,"gold_loss":0.0,"damage_taken":0.0},{"damage_healed":0,"gold_gain":0,"player_choice":"Ignored","damage_taken":0,"max_hp_gain":0,"max_hp_loss":0,"event_name":"Ghosts","floor":19,"gold_loss":0},{"damage_healed":0,"gold_gain":90,"player_choice":"GOLD ","damage_taken":16,"max_hp_gain":0,"max_hp_loss":0,"event_name":"Knowing Skull","floor":21,"potions_obtained":[],"gold_loss":0,"cards_obtained":[]},{"damage_healed":0,"gold_gain":0,"player_choice":"Paid Fearfully","damage_taken":0,"max_hp_gain":0,"max_hp_loss":0,"event_name":"Masked Bandits","floor":30,"gold_loss":7},{"damage_healed":0,"gold_gain":0,"player_choice":"Rummage","damage_taken":0,"relics_obtained":["WarpedTongs"],"max_hp_gain":0,"max_hp_loss":0,"event_name":"Accursed Blacksmith","floor":31,"gold_loss":0,"cards_obtained":["Pain"]}],"is_beta":false,"boss_relics":[{"not_picked":["Sozu","Empty Cage"],"picked":"Pandora\u0027s Box"}],"items_purged_floors":[],"is_endless":false,"potions_floor_spawned":[1,11,12,14,18,27],"killed_by":"Collector","ascension_level":0}