{"path_per_floor":["M","?","$","M","?","E","R","M","T","M","$","E","$","?","R"],"character_chosen":"IRONCLAD","items_purchased":["Anger","Flex","Deep Breath","Headbutt"],"gold_per_floor":[116,116,18,28,28,61,61,72,118,137,6,39,39,214,214],"floor_reached":16,"campfire_rested":0,"playtime":1064,"current_hp_per_floor":[80,80,80,80,80,61,61,67,67,69,69,67,67,67,67],"items_purged":[],"gold":214,"score":108,"play_id":"a4a4e9cb-7261-4b24-9746-e92b411618c6","local_time":"20180306153335","is_prod":false,"is_daily":false,"is_ascension_mode":false,"campfire_upgraded":2,"timestamp":1520346815,"path_taken":["M","?","$","M","?","E","R","M","T","M","$","E","$","?","R","BOSS"],"build_version":"2018-03-01-PROD1","purchased_purges":0,"victory":false,"master_deck":["Strike_R","Strike_R","Strike_R","Strike_R","Strike_R","Defend_R","Defend_R","Defend_R","Defend_R","Bash","Perfected Strike+1","Anger","Anger","Flex","Dual Wield","Reckless Charge","Perfected Strike","Dual Wield","Deep Breath+1","Headbutt","Infernal Blade","Doubt"],"max_hp_per_floor":[80,80,80,80,80,80,80,80,80,80,80,80,80,80,80],"relics":["Burning Blood","Gremlin Horn","Orichalcum","Paper Frog"],"card_choices":[{"not_picked":["Shrug It Off","Anger"],"picked":"Perfected Strike"},{"not_picked":["Heavy Blade","Corruption"],"picked":"Anger"},{"not_picked":["Shockwave","Thunderclap"],"picked":"Dual Wield"},{"not_picked":["Juggernaut","Burning Pact"],"picked":"Reckless Charge"},{"not_picked":["Twin Strike","Armaments"],"picked":"Perfected Strike"},{"not_picked":["True Grit","Wild Strike"],"picked":"Dual Wield"},{"not_picked":["Brutality","Clothesline"],"picked":"Infernal Blade"}],"player_experience":77296,"potions_floor_usage":[6],"damage_taken":[{"damage":1,"enemies":"2 Louse","floor":1,"turns":3},{"damage":1,"enemies":"Cultist","floor":4,"turns":3},{"damage":28,"enemies":"Gremlin Nob","floor":6,"turns":4},{"damage":0,"enemies":"Small Slimes","floor":8,"turns":2},{"damage":4,"enemies":"Blue Slaver","floor":10,"turns":2},{"damage":8,"enemies":"3 Sentries","floor":12,"turns":6},{"damage":67,"enemies":"The Guardian","floor":16,"turns":9}],"event_choices":[{"event_name":"The Cleric","player_choice":"Leave","floor":2,"damage_taken":0},{"event_name":"Golden Wing","player_choice":"Ignored","floor":5,"damage_taken":0},{"event_name":"Liars Game","player_choice":"agreed","floor":14,"damage_taken":0}],"boss_relics":[],"potions_floor_spawned":[4,12],"seed_played":"2638560615387105074","killed_by":"The Guardian","ascension_level":0,"is_trial":false}