{"gold_per_floor":[127,156,168,180,208,282,294,316,328,358,382,394,421,450,462,575,587,618,640,652,682,694,706,731,743,755,797,909,921],"floor_reached":29,"playtime":1257,"items_purged":[],"score":386,"play_id":"511ee6b7-3664-423c-8e53-18fdbf8cc297","local_time":"20190202003827","is_ascension_mode":true,"campfire_choices":[{"data":"Footwork","floor":7.0,"key":"SMITH"},{"floor":12.0,"key":"REST"},{"data":"Deadly Poison","floor":15.0,"key":"SMITH"},{"floor":23,"key":"REST"},{"floor":25,"key":"REST"}],"neow_cost":"NONE","seed_source_timestamp":40589477869100,"circlet_count":0,"master_deck":["AscendersBane","Defend_G","Defend_G","Defend_G","Defend_G","Defend_G","Strike_G","Strike_G","Strike_G","Strike_G","Survivor","Neutralize","Footwork+1","Deadly Poison","PiercingWail","Well Laid Plans","Cloak And Dagger","Poisoned Stab","Bane","Backflip","Deadly Poison+1","Corpse Explosion","Catalyst","Bandage Up","Leg Sweep+1","Bane+1","Terror+1"],"special_seed":0,"relics":["Ring of the Snake","MawBank","Tiny Chest","Smiling Mask","Sozu","Ninja Scroll","Molten Egg 2"],"potions_floor_usage":[21],"damage_taken":[{"damage":0.0,"enemies":"2 Louse","floor":1.0,"turns":4.0},{"damage":0.0,"enemies":"Jaw Worm","floor":2.0,"turns":5.0},{"damage":1.0,"enemies":"Cultist","floor":5.0,"turns":6.0},{"damage":23.0,"enemies":"3 Sentries","floor":6.0,"turns":15.0},{"damage":3.0,"enemies":"Looter","floor":8.0,"turns":5.0},{"damage":8.0,"enemies":"Gremlin Gang","floor":10.0,"turns":7.0},{"damage":21.0,"enemies":"3 Louse","floor":11.0,"turns":5.0},{"damage":0.0,"enemies":"Exordium Thugs","floor":13.0,"turns":6.0},{"damage":0.0,"enemies":"Large Slime","floor":14.0,"turns":8.0},{"damage":20.0,"enemies":"The Guardian","floor":16.0,"turns":10.0},{"damage":18.0,"enemies":"2 Thieves","floor":18.0,"turns":3.0},{"damage":9.0,"enemies":"Chosen","floor":19.0,"turns":5.0},{"damage":0,"enemies":"3 Cultists","floor":21,"turns":2},{"damage":27,"enemies":"Snake Plant","floor":24,"turns":5},{"damage":46,"enemies":"Gremlin Leader","floor":27,"turns":8},{"damage":16,"enemies":"Centurion and Healer","floor":29,"turns":3}],"seed_played":"860430644132214679","potions_obtained":[{"floor":1.0,"key":"Energy Potion"},{"floor":2.0,"key":"SkillPotion"},{"floor":13.0,"key":"LiquidBronze"},{"floor":16.0,"key":"Fire Potion"}],"is_trial":false,"path_per_floor":["M","M","?","?","M","E","R","M","T","M","M","R","M","M","R","B",null,"M","M","?","M","$","R","M","R","T","E","?","M"],"character_chosen":"THE_SILENT","items_purchased":[],"campfire_rested":3,"item_purchase_floors":[],"current_hp_per_floor":[63,63,63,63,62,39,39,36,36,28,7,28,28,28,28,8,55,37,28,28,32,32,53,30,51,51,9,9,0],"gold":921,"neow_bonus":"RANDOM_COMMON_RELIC","is_prod":false,"is_daily":false,"chose_seed":false,"campfire_upgraded":2,"win_rate":0,"timestamp":1549060707,"path_taken":["M","M","?","?","M","E","R","M","T","?","M","R","M","M","R","BOSS","M","M","?","?","$","R","M","R","T","E","?","M"],"build_version":"2019-01-23","purchased_purges":0,"victory":false,"max_hp_per_floor":[70,70,70,70,70,70,70,70,70,70,70,70,70,70,70,70,70,70,70,70,70,70,70,70,70,70,70,70,70],"card_choices":[{"not_picked":["Blur","Crippling Poison"],"picked":"Footwork","floor":1.0},{"not_picked":["Quick Slash","Backflip"],"picked":"Deadly Poison","floor":2.0},{"not_picked":["Blur","Deflect"],"picked":"PiercingWail","floor":5.0},{"not_picked":["Sucker Punch","Outmaneuver"],"picked":"Well Laid Plans","floor":6.0},{"not_picked":["Outmaneuver","Masterful Stab"],"picked":"Cloak And Dagger","floor":8.0},{"not_picked":["Wraith Form v2","Reflex"],"picked":"Poisoned Stab","floor":10.0},{"not_picked":["Sucker Punch","Backflip"],"picked":"Bane","floor":11.0},{"not_picked":["Acrobatics","Slice"],"picked":"Backflip","floor":13.0},{"not_picked":["Dash","Poisoned Stab"],"picked":"Deadly Poison","floor":14.0},{"not_picked":["Adrenaline","Venomology"],"picked":"Corpse Explosion","floor":16.0},{"not_picked":["Escape Plan","Dagger Throw","Quick Slash"],"picked":"SKIP","floor":18.0},{"not_picked":["Accuracy","Prepared+1","Flechettes"],"picked":"SKIP","floor":19.0},{"not_picked":["Blade Dance","Slice"],"picked":"Leg Sweep+1","floor":21},{"not_picked":["Eviscerate","Terror+1"],"picked":"Bane+1","floor":24},{"not_picked":["Cloak And Dagger","Poisoned Stab+1"],"picked":"Terror+1","floor":27}],"player_experience":558539,"relics_obtained":[{"floor":6.0,"key":"Tiny Chest"},{"floor":9.0,"key":"Smiling Mask"},{"floor":26,"key":"Ninja Scroll"},{"floor":27,"key":"Molten Egg 2"}],"event_choices":[{"damage_healed":0.0,"max_hp_gain":0.0,"max_hp_loss":0.0,"gold_gain":0.0,"event_name":"Liars Game","player_choice":"Ignored","floor":3.0,"gold_loss":0.0,"damage_taken":0.0},{"cards_removed":["Strike_G"],"damage_healed":0.0,"max_hp_gain":0.0,"max_hp_loss":0.0,"gold_gain":0.0,"event_name":"Bonfire Elementals","player_choice":"Offered Basic","floor":4.0,"gold_loss":0.0,"damage_taken":0.0},{"damage_healed":0.0,"max_hp_gain":0.0,"max_hp_loss":0.0,"gold_gain":0.0,"event_name":"Match and Keep!","player_choice":"2 cards matched","floor":20.0,"gold_loss":0.0,"damage_taken":0.0,"cards_obtained":["Catalyst","Bandage Up"]},{"damage_healed":0,"gold_gain":100,"player_choice":"Pray","damage_taken":0,"max_hp_gain":0,"max_hp_loss":0,"event_name":"Golden Shrine","floor":28,"gold_loss":0}],"is_beta":false,"boss_relics":[{"not_picked":["White Beast Statue","Snecko Eye"],"picked":"Sozu"}],"items_purged_floors":[],"is_endless":false,"potions_floor_spawned":[1,2,13,16,18,27],"killed_by":"Centurion and Healer","ascension_level":11}