{"gold_per_floor":[113,113,130,145,156,156,190,190,238,238,255,255,265,295,295,367,367,386,386,88,88,101,101,101],"floor_reached":24,"playtime":882,"items_purged":["Defend_B"],"score":402,"play_id":"7f2144ba-8ee0-4358-bc6d-6667553155ba","local_time":"20190106010740","is_ascension_mode":true,"campfire_choices":[{"data":"Zap","floor":6.0,"key":"SMITH"},{"floor":10.0,"key":"REST"},{"data":"Reboot","floor":15,"key":"SMITH"},{"data":"Defragment","floor":23,"key":"SMITH"}],"neow_cost":"NONE","seed_source_timestamp":0,"circlet_count":0,"master_deck":["AscendersBane","Strike_B","Strike_B","Strike_B","Defend_B+1","Defend_B","Defend_B","Zap+1","Dualcast","Rip and Tear","BootSequence","Conserve Battery","Steam","Reboot+1","Ball Lightning+1","Streamline","Conserve Battery","Echo Form","Reinforced Body","Defragment+1","Electrodynamics"],"special_seed":0,"relics":["Cracked Core","Cables","Smiling Mask","Blood Vial","Inserter","Lantern","Enchiridion"],"potions_floor_usage":[14,24,24],"damage_taken":[{"damage":0.0,"enemies":"Jaw Worm","floor":1.0,"turns":3.0},{"damage":0.0,"enemies":"2 Louse","floor":3.0,"turns":2.0},{"damage":1.0,"enemies":"Cultist","floor":4.0,"turns":3.0},{"damage":0.0,"enemies":"Looter","floor":5.0,"turns":3.0},{"damage":28.0,"enemies":"3 Sentries","floor":7.0,"turns":9.0},{"damage":21.0,"enemies":"Exordium Thugs","floor":11.0,"turns":4.0},{"damage":0,"enemies":"Large Slime","floor":13,"turns":4},{"damage":3,"enemies":"Gremlin Nob","floor":14,"turns":3},{"damage":43,"enemies":"Hexaghost","floor":16,"turns":10},{"damage":13,"enemies":"Spheric Guardian","floor":18,"turns":4},{"damage":0,"enemies":"3 Byrds","floor":22,"turns":4},{"damage":54,"enemies":"Book of Stabbing","floor":24,"turns":5}],"seed_played":"9209006487978549957","potions_obtained":[{"floor":3.0,"key":"PowerPotion"},{"floor":7.0,"key":"PowerPotion"},{"floor":14,"key":"EssenceOfSteel"},{"floor":16,"key":"Explosive Potion"}],"is_trial":false,"path_per_floor":["M","?","M","M","M","R","E","?","T","R","M","?","M","E","R","B",null,"M","?","$","?","M","R","E"],"character_chosen":"DEFECT","items_purchased":["Lantern","Defragment"],"campfire_rested":1,"item_purchase_floors":[20,20],"current_hp_per_floor":[64,57,57,56,56,56,28,7,7,28,7,71,71,68,68,27,60,49,71,71,50,52,52,0],"gold":101,"neow_bonus":"THREE_CARDS","is_prod":false,"is_daily":false,"chose_seed":false,"campfire_upgraded":3,"win_rate":0,"timestamp":1546704460,"path_taken":["M","?","M","M","M","R","E","?","T","R","M","?","?","E","R","BOSS","M","?","?","?","?","R","E"],"build_version":"2019-01-03v4","purchased_purges":1,"victory":false,"max_hp_per_floor":[71,71,71,71,71,71,71,71,71,71,71,71,71,71,71,71,71,71,71,71,71,71,71,71],"card_choices":[{"not_picked":["Blizzard","Barrage"],"picked":"Rip and Tear","floor":0.0},{"not_picked":["Leap","Hologram"],"picked":"BootSequence","floor":1.0},{"not_picked":["Barrage","Redo"],"picked":"Conserve Battery","floor":3.0},{"not_picked":["Hologram","Compile Driver"],"picked":"Steam","floor":4.0},{"not_picked":["Cold Snap","Streamline"],"picked":"Reboot","floor":5.0},{"not_picked":["Doom and Gloom","Heatsinks"],"picked":"Ball Lightning","floor":7.0},{"not_picked":["Darkness","Gash","Hello World"],"picked":"SKIP","floor":11},{"not_picked":["Rebound","Consume"],"picked":"Streamline","floor":13},{"not_picked":["Cold Snap","Hello World"],"picked":"Conserve Battery","floor":14},{"not_picked":["Hyperbeam","Seek"],"picked":"Echo Form","floor":16},{"not_picked":["Streamline","Go for the Eyes"],"picked":"Reinforced Body","floor":18},{"not_picked":["Compile Driver","Hello World"],"picked":"Electrodynamics","floor":22}],"player_experience":1006521,"relics_obtained":[{"floor":7.0,"key":"Cables"},{"floor":9.0,"key":"Smiling Mask"},{"floor":14,"key":"Blood Vial"},{"floor":21,"key":"Enchiridion"}],"event_choices":[{"cards_removed":["Strike_B"],"damage_healed":0.0,"max_hp_gain":0.0,"max_hp_loss":0.0,"gold_gain":0.0,"event_name":"Golden Wing","player_choice":"Card Removal","floor":2.0,"gold_loss":0.0,"damage_taken":7.0},{"damage_healed":0.0,"max_hp_gain":0.0,"max_hp_loss":0.0,"gold_gain":0.0,"event_name":"Shining Light","player_choice":"Entered Light","floor":8.0,"gold_loss":0.0,"damage_taken":21.0,"cards_upgraded":["Defend_B","Ball Lightning"]},{"damage_healed":64,"gold_gain":0,"player_choice":"Full Heal","damage_taken":0,"max_hp_gain":0,"max_hp_loss":0,"event_name":"Wheel of Change","floor":12,"gold_loss":0},{"damage_healed":22,"gold_gain":0,"player_choice":"Full Heal","damage_taken":0,"max_hp_gain":0,"max_hp_loss":0,"event_name":"Wheel of Change","floor":19,"gold_loss":0},{"damage_healed":0,"gold_gain":0,"player_choice":"Obtained Book","damage_taken":21,"max_hp_gain":0,"max_hp_loss":0,"event_name":"Cursed Tome","floor":21,"gold_loss":0}],"is_beta":false,"boss_relics":[{"not_picked":["Ectoplasm","Lizard Tail"],"picked":"Inserter"}],"items_purged_floors":[20],"is_endless":false,"potions_floor_spawned":[3,7,13,14,16,18,22],"killed_by":"Book of Stabbing","ascension_level":19}