{"gold_per_floor":[110,12,22,41,41,69,69,85,156,156,172,72,85,95,95,200,200,200,200,218,143,143,143,20,37,37,50,66,84,84,118,118,220,220,231,245,262,362,36,36,63,63,144,154,154,187,203,229,229,229,229,229,54,81,81],"floor_reached":55,"playtime":14812,"items_purged":["Strike_G","Defend_G","Strike_G"],"score":781,"play_id":"fdf33271-9d41-49c3-a9ba-f78ce4e10540","local_time":"20190130075947","is_ascension_mode":false,"campfire_choices":[{"data":"Crippling Poison","floor":7.0,"key":"SMITH"},{"data":"Cloak And Dagger","floor":10.0,"key":"SMITH"},{"data":"Infinite Blades","floor":15.0,"key":"SMITH"},{"data":"Calculated Gamble","floor":23.0,"key":"SMITH"},{"data":"Terror","floor":30.0,"key":"SMITH"},{"data":"A Thousand Cuts","floor":32.0,"key":"SMITH"},{"floor":40.0,"key":"RECALL"},{"data":"Envenom","floor":42.0,"key":"SMITH"},{"data":"Accuracy","floor":49.0,"key":"SMITH"},{"data":"Accuracy","floor":52.0,"key":"SMITH"}],"neow_cost":"NONE","seed_source_timestamp":0,"circlet_count":0,"master_deck":["Defend_G","Defend_G","Defend_G","Strike_G","Survivor","Neutralize","Eviscerate","Crippling Poison+1","Cloak And Dagger+1","Terror+1","Caltrops","Underhanded Strike","Acrobatics","Calculated Gamble+1","Finisher","Infinite Blades+1","A Thousand Cuts+1","Backflip","Footwork","Footwork+1","Leg Sweep+1","Distraction+1","Blade Dance+1","Envenom+1","Accuracy+1","Accuracy+1","Burst","Endless Agony","Accuracy+1","Heel Hook"],"special_seed":0,"relics":["Ring of the Serpent","Gambling Chip","Paper Crane","Coffee Dripper","MutagenicStrength","Bottled Lightning","Bag of Marbles","FossilizedHelix","Meat on the Bone","Vajra","Kunai","Gremlin Horn","Centennial Puzzle","Ninja Scroll"],"potions_floor_usage":[54,55],"damage_taken":[{"damage":0.0,"enemies":"Cultist","floor":1.0,"turns":5.0},{"damage":0.0,"enemies":"Small Slimes","floor":3.0,"turns":4.0},{"damage":0.0,"enemies":"Jaw Worm","floor":4.0,"turns":3.0},{"damage":23.0,"enemies":"3 Sentries","floor":6.0,"turns":13.0},{"damage":10.0,"enemies":"Exordium Thugs","floor":8.0,"turns":3.0},{"damage":0.0,"enemies":"Exordium Wildlife","floor":11.0,"turns":3.0},{"damage":0.0,"enemies":"Red Slaver","floor":13.0,"turns":3.0},{"damage":9.0,"enemies":"Large Slime","floor":14.0,"turns":6.0},{"damage":39.0,"enemies":"Slime Boss","floor":16.0,"turns":13.0},{"damage":0.0,"enemies":"3 Byrds","floor":18.0,"turns":2.0},{"damage":0.0,"enemies":"Chosen","floor":20.0,"turns":4.0},{"damage":13.0,"enemies":"Snake Plant","floor":25.0,"turns":4.0},{"damage":0.0,"enemies":"3 Cultists","floor":27.0,"turns":5.0},{"damage":0.0,"enemies":"Snecko","floor":28.0,"turns":5.0},{"damage":0.0,"enemies":"Snake Plant","floor":29.0,"turns":6.0},{"damage":3.0,"enemies":"Gremlin Leader","floor":31.0,"turns":9.0},{"damage":1.0,"enemies":"Champ","floor":33.0,"turns":9.0},{"damage":0.0,"enemies":"3 Darklings","floor":35.0,"turns":5.0},{"damage":3.0,"enemies":"3 Shapes","floor":36.0,"turns":4.0},{"damage":19.0,"enemies":"Jaw Worm Horde","floor":37.0,"turns":4.0},{"damage":0.0,"enemies":"Mind Bloom Boss Battle","floor":38.0,"turns":4.0},{"damage":13.0,"enemies":"Reptomancer","floor":41.0,"turns":7.0},{"damage":0.0,"enemies":"4 Shapes","floor":44.0,"turns":5.0},{"damage":0.0,"enemies":"Giant Head","floor":46.0,"turns":7.0},{"damage":0.0,"enemies":"Sphere and 2 Shapes","floor":47.0,"turns":4.0},{"damage":0.0,"enemies":"Reptomancer","floor":48.0,"turns":3.0},{"damage":28.0,"enemies":"Time Eater","floor":50.0,"turns":10.0},{"damage":33,"enemies":"Shield and Spear","floor":54,"turns":6},{"damage":37,"enemies":"The Heart","floor":55,"turns":4}],"seed_played":"-2831283942986296438","potions_obtained":[{"floor":1.0,"key":"Block Potion"},{"floor":3.0,"key":"Regen Potion"},{"floor":13.0,"key":"SmokeBomb"},{"floor":16.0,"key":"Fire Potion"},{"floor":20.0,"key":"FearPotion"},{"floor":25.0,"key":"GamblersBrew"},{"floor":27.0,"key":"Block Potion"},{"floor":33.0,"key":"EssenceOfSteel"},{"floor":37.0,"key":"AttackPotion"},{"floor":44.0,"key":"PowerPotion"},{"floor":48.0,"key":"Block Potion"},{"floor":54,"key":"Swift Potion"}],"is_trial":false,"path_per_floor":["M","$","M","M","?","E","R","M","T","R","M","$","M","M","R","B",null,"M","?","M","?","?","R","$","M","T","M","M","M","R","E","R","B",null,"M","M","M","?","$","R","E","R","T","M","T","E","M","E","R","B",null,"R","$","E","B"],"character_chosen":"THE_SILENT","items_purchased":["Cloak And Dagger","Backflip","Footwork","Accuracy","Meat on the Bone","Swift Potion"],"campfire_rested":0,"item_purchase_floors":[2,24,24,39,39,53],"current_hp_per_floor":[70,70,70,70,70,47,47,37,37,37,37,37,37,28,28,4,70,70,70,70,70,70,70,70,57,57,57,57,57,57,54,54,53,70,70,67,48,48,48,48,47,47,47,47,47,47,47,47,47,31,70,70,70,37,0],"gold":81,"neow_bonus":"THREE_CARDS","is_prod":false,"is_daily":false,"chose_seed":false,"campfire_upgraded":9,"win_rate":0,"timestamp":1548835187,"path_taken":["M","?","?","M","?","E","R","M","T","R","M","$","?","M","R","BOSS","M","?","M","?","?","R","$","M","T","M","M","M","R","E","R","BOSS","M","M","M","?","$","R","E","R","T","M","?","E","M","E","R","BOSS","R","$","E","BOSS"],"build_version":"2019-01-23","purchased_purges":3,"victory":false,"max_hp_per_floor":[70,70,70,70,70,70,70,70,70,70,70,70,70,70,70,70,70,70,70,70,70,70,70,70,70,70,70,70,70,70,70,70,70,70,70,70,70,70,70,70,70,70,70,70,70,70,70,70,70,70,70,70,70,70,70],"card_choices":[{"not_picked":["Outmaneuver","Reflex"],"picked":"Eviscerate","floor":0.0},{"not_picked":["Dagger Throw","PiercingWail"],"picked":"Crippling Poison","floor":1.0},{"not_picked":["Catalyst","Endless Agony"],"picked":"Terror","floor":3.0},{"not_picked":["Backstab","All Out Attack"],"picked":"Caltrops","floor":4.0},{"not_picked":["Quick Slash","Deflect"],"picked":"Underhanded Strike","floor":6.0},{"not_picked":["Outmaneuver","Deadly Poison"],"picked":"Acrobatics","floor":8.0},{"not_picked":["Sucker Punch","Dash"],"picked":"Calculated Gamble","floor":11.0},{"not_picked":["Distraction","PiercingWail"],"picked":"Finisher","floor":13.0},{"not_picked":["Footwork","Deadly Poison"],"picked":"Infinite Blades","floor":14.0},{"not_picked":["Wraith Form v2","Adrenaline"],"picked":"A Thousand Cuts","floor":16.0},{"not_picked":["Deadly Poison","Escape Plan","Caltrops"],"picked":"SKIP","floor":20.0},{"not_picked":["Quick Slash+1","Dagger Throw"],"picked":"Footwork+1","floor":25.0},{"not_picked":["Reflex+1","Quick Slash"],"picked":"Leg Sweep+1","floor":27.0},{"not_picked":["Bouncing Flask","Acrobatics"],"picked":"Distraction+1","floor":28.0},{"not_picked":["Terror","Dagger Throw","Slice"],"picked":"SKIP","floor":29.0},{"not_picked":["Slice","Noxious Fumes"],"picked":"Blade Dance+1","floor":31.0},{"not_picked":["Venomology","A Thousand Cuts"],"picked":"Envenom","floor":33.0},{"not_picked":["Sucker Punch","Outmaneuver+1","Underhanded Strike+1"],"picked":"SKIP","floor":35.0},{"not_picked":["Dagger Spray","PiercingWail+1","Outmaneuver"],"picked":"SKIP","floor":36.0},{"not_picked":["Expertise","Dagger Spray+1"],"picked":"Accuracy","floor":37.0},{"not_picked":["Predator+1","Masterful Stab"],"picked":"Burst","floor":41.0},{"not_picked":["Backstab","Bane+1"],"picked":"Endless Agony","floor":44.0},{"not_picked":["Quick Slash+1","Dash+1"],"picked":"Accuracy+1","floor":46.0},{"not_picked":["Underhanded Strike+1","Backflip+1","Acrobatics+1"],"picked":"SKIP","floor":47.0},{"not_picked":["Cloak And Dagger","Escape Plan+1"],"picked":"Heel Hook","floor":48.0},{"not_picked":["Riddle With Holes","Dagger Spray+1","Heel Hook"],"picked":"SKIP","floor":54}],"player_experience":192142,"relics_obtained":[{"floor":6.0,"key":"Gambling Chip"},{"floor":9.0,"key":"Paper Crane"},{"floor":26.0,"key":"Bottled Lightning"},{"floor":31.0,"key":"Bag of Marbles"},{"floor":38.0,"key":"FossilizedHelix"},{"floor":41.0,"key":"Vajra"},{"floor":45.0,"key":"Kunai"},{"floor":46.0,"key":"Gremlin Horn"},{"floor":48.0,"key":"Centennial Puzzle"},{"floor":54,"key":"Ninja Scroll"}],"event_choices":[{"cards_removed":["Strike_G"],"damage_healed":0.0,"max_hp_gain":0.0,"max_hp_loss":0.0,"gold_gain":0.0,"event_name":"Purifier","player_choice":"Purged","floor":5.0,"gold_loss":0.0,"damage_taken":0.0},{"damage_healed":0.0,"max_hp_gain":0.0,"max_hp_loss":0.0,"gold_gain":0.0,"event_name":"Drug Dealer","player_choice":"Inject Mutagens","floor":19.0,"gold_loss":0.0,"damage_taken":0.0,"relics_obtained":["MutagenicStrength"]},{"cards_removed":["Strike_G"],"damage_healed":0.0,"max_hp_gain":0.0,"max_hp_loss":0.0,"gold_gain":0.0,"event_name":"Beggar","player_choice":"Gave Gold","floor":21.0,"gold_loss":75.0,"damage_taken":0.0},{"cards_removed":["Defend_G"],"damage_healed":0.0,"max_hp_gain":0.0,"max_hp_loss":0.0,"gold_gain":0.0,"event_name":"Purifier","player_choice":"Purged","floor":22.0,"gold_loss":0.0,"damage_taken":0.0},{"damage_healed":0.0,"max_hp_gain":0.0,"max_hp_loss":0.0,"gold_gain":0.0,"event_name":"MindBloom","player_choice":"Fight","floor":38.0,"gold_loss":0.0,"damage_taken":0.0}],"is_beta":false,"boss_relics":[{"not_picked":["Runic Pyramid","Velvet Choker"],"picked":"Coffee Dripper"},{"not_picked":["Black Star","Empty Cage"],"picked":"Ring of the Serpent"}],"items_purged_floors":[2,12,53],"is_endless":false,"potions_floor_spawned":[1,3,13,16,20,25,27,31,33,37,44,48,54],"killed_by":"The Heart","ascension_level":0}