{"gold_per_floor":[112,92,110,125,136,136,49,78,151,46,46,62,62,62,62,62],"floor_reached":16,"playtime":577,"items_purged":["Strike_G"],"score":180,"play_id":"a318fa9e-2481-46b2-ad4f-1e98baaeaf05","local_time":"20190129223404","is_ascension_mode":true,"campfire_choices":[{"data":"Noxious Fumes","floor":6.0,"key":"SMITH"},{"data":"Cloak And Dagger","floor":11,"key":"SMITH"},{"data":"Glass Knife","floor":13,"key":"SMITH"},{"floor":15,"key":"REST"}],"neow_cost":"NONE","seed_source_timestamp":429153593024730,"circlet_count":0,"master_deck":["AscendersBane","Defend_G","Defend_G","Defend_G","Defend_G","Defend_G","Strike_G","Strike_G","Strike_G","Survivor","Neutralize","Dagger Throw","Dagger Spray","Cloak And Dagger+1","Noxious Fumes+1","PiercingWail","Crippling Poison","Glass Knife+1","Backflip","Infinite Blades"],"special_seed":0,"relics":["Ring of the Snake","Du-Vu Doll","Paper Crane","NlothsMask"],"potions_floor_usage":[8],"damage_taken":[{"damage":1.0,"enemies":"2 Louse","floor":1.0,"turns":4.0},{"damage":0.0,"enemies":"Cultist","floor":3.0,"turns":3.0},{"damage":1.0,"enemies":"Small Slimes","floor":4.0,"turns":3.0},{"damage":12.0,"enemies":"Exordium Thugs","floor":5.0,"turns":7.0},{"damage":27,"enemies":"Lagavulin","floor":8,"turns":8},{"damage":4,"enemies":"2 Fungi Beasts","floor":12,"turns":3},{"damage":34,"enemies":"Slime Boss","floor":16,"turns":5}],"seed_played":"-8427132200437295342","potions_obtained":[{"floor":2.0,"key":"SteroidPotion"},{"floor":3.0,"key":"PowerPotion"},{"floor":8,"key":"EssenceOfSteel"}],"is_trial":false,"path_per_floor":["M","?","M","M","M","R","$","E","T","$","R","M","R","?","R","B"],"character_chosen":"THE_SILENT","items_purchased":["Crippling Poison","Backflip"],"campfire_rested":1,"item_purchase_floors":[7,10],"current_hp_per_floor":[58,58,58,57,45,45,45,18,18,18,18,14,14,14,33,0],"gold":62,"neow_bonus":"TRANSFORM_CARD","is_prod":false,"is_daily":false,"chose_seed":false,"campfire_upgraded":3,"win_rate":0,"timestamp":1548797644,"path_taken":["M","?","?","?","M","R","$","E","T","$","R","M","R","?","R","BOSS"],"build_version":"2019-01-23","purchased_purges":1,"victory":false,"max_hp_per_floor":[66,66,66,66,66,66,66,66,66,66,66,66,66,66,66,66],"card_choices":[{"not_picked":["Calculated Gamble","Dodge and Roll"],"picked":"Dagger Spray","floor":1.0},{"not_picked":["Eviscerate","Sucker Punch"],"picked":"Cloak And Dagger","floor":3.0},{"not_picked":["Slice","Flying Knee"],"picked":"Noxious Fumes","floor":4.0},{"not_picked":["Deflect","Dagger Spray"],"picked":"PiercingWail","floor":5.0},{"not_picked":["Flying Knee","Venomology"],"picked":"Glass Knife","floor":8},{"not_picked":["Dagger Throw","Catalyst"],"picked":"Infinite Blades","floor":12}],"player_experience":1132493,"relics_obtained":[{"floor":8,"key":"Du-Vu Doll"},{"floor":9,"key":"Paper Crane"}],"event_choices":[{"damage_healed":0.0,"max_hp_gain":0.0,"max_hp_loss":0.0,"gold_gain":0.0,"event_name":"The Woman in Blue","player_choice":"Bought 1 Potion","floor":2.0,"gold_loss":0.0,"damage_taken":0.0},{"damage_healed":0,"gold_gain":0,"player_choice":"Trade","damage_taken":0,"relics_obtained":["NlothsMask"],"max_hp_gain":0,"max_hp_loss":0,"event_name":"FaceTrader","floor":14,"gold_loss":0}],"is_beta":false,"boss_relics":[],"items_purged_floors":[10],"is_endless":false,"potions_floor_spawned":[3,4,5,8],"killed_by":"Slime Boss","ascension_level":16}