{"gold_per_floor":[117,127,142,158,158,158,191,191,191,191,14,29,46,66,66,169,169,189,208,298,298],"floor_reached":21,"playtime":2226,"items_purged":[],"score":183,"play_id":"d45433e9-e81a-46fd-893e-cd908448f95b","local_time":"20181014015312","is_ascension_mode":false,"campfire_choices":[{"data":"Neutralize","floor":6,"key":"SMITH"},{"data":"Backstab","floor":8,"key":"SMITH"},{"floor":15,"key":"REST"}],"neow_cost":"","seed_source_timestamp":201099695570499,"circlet_count":0,"master_deck":["Defend_G","Defend_G","Defend_G","Strike_G","Strike_G","Strike_G","Survivor","Neutralize+1","Endless Agony","Acrobatics","Backstab+1","Underhanded Strike","Finisher","Unload","Finisher","Backflip","Choke","Venomology","Bullet Time","Noxious Fumes+1","Infinite Blades+1","Bouncing Flask+1","Infinite Blades","Outmaneuver","Bandage Up","Purity"],"relics":["Ring of the Snake","Question Card","Juzu Bracelet","Paper Crane","Astrolabe"],"potions_floor_usage":[7,16,18,19,21,21],"damage_taken":[{"damage":4,"enemies":"2 Louse","floor":1,"turns":4},{"damage":1,"enemies":"Cultist","floor":2,"turns":4},{"damage":0,"enemies":"Jaw Worm","floor":3,"turns":5},{"damage":7,"enemies":"Large Slime","floor":4,"turns":7},{"damage":16,"enemies":"Lagavulin","floor":7,"turns":8},{"damage":4,"enemies":"2 Fungi Beasts","floor":12,"turns":3},{"damage":0,"enemies":"Gremlin Gang","floor":13,"turns":2},{"damage":2,"enemies":"Blue Slaver","floor":14,"turns":2},{"damage":40,"enemies":"The Guardian","floor":16,"turns":7},{"damage":5,"enemies":"Chosen","floor":18,"turns":3},{"damage":16,"enemies":"2 Thieves","floor":19,"turns":4},{"damage":31,"enemies":"Chosen and Byrds","floor":21,"turns":6}],"seed_played":"770038266013801362","potions_obtained":[{"floor":1,"key":"FearPotion"},{"floor":2,"key":"Strength Potion"},{"floor":13,"key":"AttackPotion"},{"floor":18,"key":"SkillPotion"}],"is_trial":false,"path_per_floor":["M","M","M","M","?","R","E","R","T","?","$","M","M","M","R","B",null,"M","M","?"],"character_chosen":"THE_SILENT","items_purchased":["Unload","Finisher"],"campfire_rested":1,"item_purchase_floors":[11,11],"current_hp_per_floor":[66,65,65,58,58,58,42,42,42,35,35,31,31,29,50,10,70,70,54,26,0],"gold":298,"neow_bonus":"","is_prod":false,"is_daily":false,"chose_seed":false,"campfire_upgraded":2,"win_rate":0.0,"timestamp":1539435192,"path_taken":["M","M","M","M","?","R","E","R","T","?","$","M","M","M","R","BOSS","M","M","?","M"],"build_version":"2018-10-11","purchased_purges":0,"victory":false,"max_hp_per_floor":[70,70,70,70,70,70,70,70,70,70,70,70,70,70,70,70,70,70,70,70,70],"card_choices":[{"not_picked":["Prepared","Finisher"],"picked":"Endless Agony","floor":1},{"not_picked":["Dodge and Roll","Flechettes"],"picked":"Acrobatics","floor":2},{"not_picked":["Sucker Punch","Quick Slash"],"picked":"Backstab","floor":3},{"not_picked":["Acrobatics","Flechettes"],"picked":"Underhanded Strike","floor":4},{"not_picked":["Deflect","Dagger Spray","Underhanded Strike"],"picked":"Finisher","floor":7},{"not_picked":["Caltrops","Blade Dance","Heel Hook"],"picked":"Backflip","floor":12},{"not_picked":["Distraction","Outmaneuver","Reflex"],"picked":"Choke","floor":13},{"not_picked":["Deflect","Dagger Spray","Footwork"],"picked":"Venomology","floor":14},{"not_picked":["Unload","Burst","Glass Knife"],"picked":"Bullet Time","floor":16},{"not_picked":["Dagger Throw","Quick Slash","Sucker Punch"],"picked":"Infinite Blades","floor":18},{"not_picked":["Eviscerate+1","Skewer","Dagger Spray"],"picked":"Outmaneuver","floor":19}],"player_experience":13586,"relics_obtained":[{"floor":7,"key":"Juzu Bracelet"},{"floor":9,"key":"Paper Crane"}],"event_choices":[{"event_name":"WeMeetAgain","player_choice":"Potion","floor":5,"damage_taken":0},{"event_name":"Golden Wing","player_choice":"Card Removal","floor":10,"damage_taken":0},{"event_name":"Knowing Skull","player_choice":"CARD CARD GOLD ","floor":20,"damage_taken":0}],"is_beta":false,"boss_relics":[{"not_picked":["Empty Cage","Runic Pyramid"],"picked":"Astrolabe"}],"items_purged_floors":[],"is_endless":false,"potions_floor_spawned":[1,2,13,18],"killed_by":"Chosen and Byrds","ascension_level":0}