{"path_per_floor":["M","M","M","?","$","E","R","E","T","M","M","R","?","M","R","B",null,"M","$","?","M","T","E","M","R","T","R","?","M","$","M","R"],"character_chosen":"IRONCLAD","items_purchased":["Pen Nib","Flex","Shrug It Off"],"gold_per_floor":[116,136,146,146,0,32,32,59,59,69,84,84,84,99,99,203,203,222,100,100,119,119,147,163,163,163,163,78,93,47,59,59],"floor_reached":33,"campfire_rested":3,"playtime":1718,"current_hp_per_floor":[79,80,79,79,79,57,57,43,43,45,51,51,35,41,65,39,80,80,80,80,70,70,59,35,59,59,59,59,31,31,9,48],"items_purged":["Strike_R"],"gold":59,"score":305,"play_id":"ebb1ff16-7546-47a9-8932-55ae6eda1853","local_time":"20180309120400","is_prod":false,"is_daily":false,"is_ascension_mode":true,"campfire_upgraded":3,"timestamp":1520593440,"path_taken":["M","M","M","?","$","E","R","E","T","?","M","R","?","?","R","BOSS","M","$","?","M","?","E","M","R","T","R","?","M","?","M","R","BOSS"],"build_version":"2018-03-01-PROD1","purchased_purges":1,"victory":false,"master_deck":["Strike_R+1","Strike_R","Strike_R","Defend_R","Defend_R+1","Defend_R","Defend_R","Bash","Inflame+1","Perfected Strike","Flame Barrier+1","Pommel Strike","True Grit+1","Bludgeon","Body Slam","Iron Wave","Seeing Red","Twin Strike","Sentinel","Flex","Spot Weakness","Shrug It Off"],"max_hp_per_floor":[80,80,80,80,80,80,80,80,80,80,80,80,80,80,80,80,80,80,80,80,80,80,80,80,80,80,80,80,80,80,80,80],"relics":["Burning Blood","Pen Nib","Bag of Marbles","Vajra","Champion Belt","Nloth\u0027s Gift","Matryoshka","Pantograph","Regal Pillow","Centennial Puzzle","Darkstone Periapt"],"card_choices":[{"not_picked":["Clash","Combust"],"picked":"Inflame"},{"not_picked":["Anger","Clash"],"picked":"Perfected Strike"},{"not_picked":["Clash","Body Slam"],"picked":"Flame Barrier"},{"not_picked":["Hemokinesis","Headbutt"],"picked":"Pommel Strike"},{"not_picked":["Clothesline","Anger"],"picked":"True Grit"},{"not_picked":["Offering","Impervious"],"picked":"Bludgeon"},{"not_picked":["Whirlwind","Burning Pact"],"picked":"Body Slam"},{"not_picked":["Wild Strike","Armaments"],"picked":"Iron Wave"},{"not_picked":["Dual Wield","Intimidate"],"picked":"Seeing Red"},{"not_picked":["Armaments","Combust"],"picked":"Twin Strike"},{"not_picked":["True Grit","Burning Pact"],"picked":"Sentinel"},{"not_picked":["Anger","Wild Strike"],"picked":"Spot Weakness"}],"player_experience":167613,"potions_floor_usage":[14,29,31,33,33,33],"damage_taken":[{"damage":7,"enemies":"2 Louse","floor":1,"turns":4},{"damage":1,"enemies":"Cultist","floor":2,"turns":3},{"damage":7,"enemies":"Small Slimes","floor":3,"turns":4},{"damage":28,"enemies":"Gremlin Nob","floor":6,"turns":4},{"damage":20,"enemies":"Lagavulin","floor":8,"turns":6},{"damage":4,"enemies":"Blue Slaver","floor":10,"turns":3},{"damage":0,"enemies":"Exordium Wildlife","floor":11,"turns":3},{"damage":0,"enemies":"Gremlin Gang","floor":14,"turns":2},{"damage":32,"enemies":"The Guardian","floor":16,"turns":10},{"damage":5,"enemies":"Chosen","floor":18,"turns":3},{"damage":16,"enemies":"Spheric Guardian","floor":21,"turns":4},{"damage":17,"enemies":"Slavers","floor":23,"turns":7},{"damage":30,"enemies":"Snake Plant","floor":24,"turns":3},{"damage":34,"enemies":"Cultist and Chosen","floor":29,"turns":5},{"damage":28,"enemies":"Sentry and Sphere","floor":31,"turns":7},{"damage":81,"enemies":"Champ","floor":33,"turns":12}],"event_choices":[{"event_name":"Purifier","player_choice":"One Purge","floor":4,"damage_taken":0},{"event_name":"Shining Light","player_choice":"Entered Light","floor":13,"damage_taken":0},{"event_name":"N\u0027loth","player_choice":"Traded a Orrery","floor":20,"damage_taken":0},{"event_name":"Addict","player_choice":"Obtained Relic","floor":28,"damage_taken":0}],"boss_relics":[{"not_picked":["Philosopher\u0027s Stone","Runic Dome"],"picked":"Orrery"}],"potions_floor_spawned":[6,10,11,16,21,29,31],"seed_played":"9194428130784938093","killed_by":"Champ","ascension_level":2,"is_trial":false}