{"gold_per_floor":[118,193,213,263,277,277,302,315,315,331,358,358,358,376,376,454,454,464,481,95,105,305,319,50,69,69,69,69,69,83,99,99,175,175,190,243,261,46,60,88,88,103,103,153,169,44,54,64,64,64,64,64,64,64,91,91],"floor_reached":57,"playtime":3127,"items_purged":["Strike_R","Strike_R","Strike_R"],"score":3110,"play_id":"8f3009cb-0e6b-4664-a96e-823d6929cd20","local_time":"20181220020528","is_ascension_mode":true,"campfire_choices":[{"data":"Armaments","floor":6.0,"key":"SMITH"},{"floor":12.0,"key":"REST"},{"data":"Offering","floor":15.0,"key":"SMITH"},{"floor":28,"key":"REST"},{"data":"Power Through","floor":32,"key":"SMITH"},{"floor":41,"key":"RECALL"},{"data":"Feel No Pain","floor":49,"key":"SMITH"},{"data":"Seeing Red","floor":53,"key":"SMITH"}],"neow_cost":"NONE","seed_source_timestamp":46744249846696,"circlet_count":0,"master_deck":["AscendersBane","Strike_R+1","Defend_R","Defend_R","Defend_R","Defend_R","Bash","Armaments+1","Whirlwind+1","Body Slam","Battle Trance","Second Wind","Offering+1","Rampage","Impervious","Burning Pact+1","Dropkick","Power Through+1","Reaper","Ghostly","Ghostly","Ghostly","Battle Trance+1","Impervious","Feel No Pain+1","Seeing Red+1","Entrench+1"],"special_seed":0,"relics":["Burning Blood","Whetstone","Red Skull","Sundial","Nunchaku","Cursed Key","Kunai","Omamori","Calipers","Runic Pyramid","Ice Cream","Medical Kit","Charon\u0027s Ashes","Mercury Hourglass"],"potions_floor_usage":[25,56],"damage_taken":[{"damage":0.0,"enemies":"Jaw Worm","floor":1.0,"turns":5.0},{"damage":1.0,"enemies":"Small Slimes","floor":3.0,"turns":4.0},{"damage":3.0,"enemies":"Cultist","floor":5.0,"turns":4.0},{"damage":35.0,"enemies":"3 Sentries","floor":7.0,"turns":7.0},{"damage":2.0,"enemies":"3 Louse","floor":8.0,"turns":2.0},{"damage":5.0,"enemies":"Gremlin Gang","floor":10.0,"turns":3.0},{"damage":35.0,"enemies":"Gremlin Nob","floor":11.0,"turns":4.0},{"damage":6.0,"enemies":"2 Fungi Beasts","floor":14.0,"turns":1.0},{"damage":6.0,"enemies":"Slime Boss","floor":16.0,"turns":6.0},{"damage":13.0,"enemies":"2 Thieves","floor":18.0,"turns":3.0},{"damage":29.0,"enemies":"3 Byrds","floor":19.0,"turns":4.0},{"damage":0.0,"enemies":"Snake Plant","floor":21.0,"turns":2.0},{"damage":6,"enemies":"Centurion and Healer","floor":23,"turns":3},{"damage":27,"enemies":"Chosen and Byrds","floor":25,"turns":5},{"damage":15,"enemies":"Sentry and Sphere","floor":30,"turns":11},{"damage":7,"enemies":"Snake Plant","floor":31,"turns":7},{"damage":12,"enemies":"Collector","floor":33,"turns":8},{"damage":6,"enemies":"3 Shapes","floor":35,"turns":6},{"damage":1,"enemies":"2 Orb Walkers","floor":36,"turns":7},{"damage":0,"enemies":"Orb Walker","floor":37,"turns":4},{"damage":6,"enemies":"Jaw Worm Horde","floor":39,"turns":5},{"damage":4,"enemies":"Nemesis","floor":40,"turns":9},{"damage":1,"enemies":"Transient","floor":42,"turns":6},{"damage":1,"enemies":"Spire Growth","floor":45,"turns":4},{"damage":1,"enemies":"Maw","floor":47,"turns":5},{"damage":1,"enemies":"Transient","floor":48,"turns":5},{"damage":1,"enemies":"Awakened One","floor":50,"turns":5},{"damage":1,"enemies":"Donu and Deca","floor":51,"turns":6},{"damage":6,"enemies":"Shield and Spear","floor":55,"turns":6},{"damage":1,"enemies":"The Heart","floor":56,"turns":8}],"seed_played":"5220185536332205493","potions_obtained":[{"floor":1.0,"key":"Poison Potion"},{"floor":3.0,"key":"SpeedPotion"},{"floor":11.0,"key":"AttackPotion"},{"floor":14.0,"key":"PowerPotion"},{"floor":18.0,"key":"PowerPotion"},{"floor":21.0,"key":"EssenceOfSteel"},{"floor":23,"key":"Energy Potion"},{"floor":35,"key":"Regen Potion"},{"floor":40,"key":"GamblersBrew"}],"is_trial":false,"path_per_floor":["M","?","M","?","M","R","E","M","T","M","E","R","?","M","R","B",null,"M","M","$","M","?","M","$","M","T","?","R","?","M","M","R","B",null,"M","?","M","$","M","E","R","M","T","?","M","$","M","M","R","B","B",null,"R","$","E","B",null],"character_chosen":"IRONCLAD","items_purchased":["Dropkick","Kunai","Omamori","Medical Kit"],"campfire_rested":2,"item_purchase_floors":[20,20,24,38],"current_hp_per_floor":[74,63,68,68,71,71,42,46,46,47,18,40,40,40,40,40,66,59,36,36,42,42,42,42,21,21,21,43,37,33,36,36,37,37,37,37,37,37,37,37,37,37,37,34,37,37,37,37,37,37,37,37,37,37,37,37],"gold":91,"neow_bonus":"TRANSFORM_CARD","is_prod":false,"is_daily":false,"chose_seed":false,"campfire_upgraded":5,"win_rate":0,"timestamp":1545239128,"path_taken":["M","?","M","?","M","R","E","?","T","M","E","R","?","M","R","BOSS","M","M","$","?","?","M","?","M","T","?","R","?","M","M","R","BOSS","M","?","M","$","M","E","R","M","T","?","M","$","M","M","R","BOSS","BOSS","R","$","E","BOSS"],"build_version":"2018-12-13","purchased_purges":3,"victory":true,"max_hp_per_floor":[75,75,75,75,75,75,75,75,75,75,75,75,75,75,75,75,75,75,75,75,75,75,75,75,75,75,75,75,37,37,37,37,37,37,37,37,37,37,37,37,37,37,37,37,37,37,37,37,37,37,37,37,37,37,37,37],"card_choices":[{"not_picked":["Armaments","Shockwave"],"picked":"Combust","floor":1.0},{"not_picked":["True Grit","Iron Wave"],"picked":"Whirlwind","floor":3.0},{"not_picked":["Heavy Blade","Intimidate"],"picked":"Body Slam","floor":5.0},{"not_picked":["Shrug It Off","Iron Wave"],"picked":"Battle Trance","floor":7.0},{"not_picked":["Pommel Strike","Wild Strike","Body Slam"],"picked":"SKIP","floor":8.0},{"not_picked":["Anger","True Grit"],"picked":"Second Wind","floor":10.0},{"not_picked":["Ghostly Armor","Bloodletting"],"picked":"Offering","floor":11.0},{"not_picked":["Cleave","Thunderclap"],"picked":"Rampage","floor":14.0},{"not_picked":["Double Tap","Demon Form"],"picked":"Impervious","floor":16.0},{"not_picked":["Pommel Strike","Perfected Strike"],"picked":"Burning Pact+1","floor":18.0},{"not_picked":["Sever Soul","Dual Wield","Ghostly Armor"],"picked":"SKIP","floor":19.0},{"not_picked":["Thunderclap","Rage"],"picked":"Power Through","floor":21.0},{"not_picked":["Anger","Headbutt","Sever Soul"],"picked":"SKIP","floor":23},{"not_picked":["Anger","Iron Wave"],"picked":"Reaper","floor":25},{"not_picked":["Headbutt","Infernal Blade","Searing Blow"],"picked":"SKIP","floor":30},{"not_picked":["Perfected Strike+1","Clash"],"picked":"Battle Trance+1","floor":31},{"not_picked":["Brutality","Juggernaut"],"picked":"Impervious","floor":33},{"not_picked":["Havoc","Clothesline","Corruption"],"picked":"SKIP","floor":35},{"not_picked":["Ghostly Armor+1","Perfected Strike"],"picked":"Feel No Pain","floor":37},{"not_picked":["Havoc","Infernal Blade+1","Armaments"],"picked":"SKIP","floor":39},{"not_picked":["Warcry","Sword Boomerang+1","Cleave"],"picked":"SKIP","floor":40},{"not_picked":["Intimidate+1","Twin Strike"],"picked":"Seeing Red","floor":42},{"not_picked":["Warcry","Twin Strike"],"picked":"Entrench+1","floor":45},{"not_picked":["Clash","Twin Strike","Iron Wave"],"picked":"SKIP","floor":47},{"not_picked":["Sword Boomerang","Cleave","Body Slam+1"],"picked":"SKIP","floor":48},{"not_picked":["Sword Boomerang","Reaper","Flex+1"],"picked":"SKIP","floor":55}],"player_experience":819210,"relics_obtained":[{"floor":7.0,"key":"Whetstone"},{"floor":9.0,"key":"Red Skull"},{"floor":11.0,"key":"Sundial"},{"floor":26,"key":"Calipers"},{"floor":36,"key":"Ice Cream"},{"floor":40,"key":"Charon\u0027s Ashes"},{"floor":55,"key":"Mercury Hourglass"}],"event_choices":[{"damage_healed":0.0,"max_hp_gain":0.0,"max_hp_loss":0.0,"gold_gain":75.0,"event_name":"World of Goop","player_choice":"Gather Gold","floor":2.0,"gold_loss":0.0,"damage_taken":11.0},{"damage_healed":0.0,"max_hp_gain":0.0,"max_hp_loss":0.0,"gold_gain":50.0,"event_name":"Golden Shrine","player_choice":"Pray","floor":4.0,"gold_loss":0.0,"damage_taken":0.0},{"cards_removed":["Combust"],"damage_healed":0.0,"max_hp_gain":0.0,"max_hp_loss":0.0,"gold_gain":0.0,"event_name":"WeMeetAgain","player_choice":"Gave Card","floor":13.0,"gold_loss":0.0,"damage_taken":0.0,"relics_obtained":["Nunchaku"]},{"damage_healed":0,"gold_gain":250,"player_choice":"Bet on Owner","damage_taken":0,"max_hp_gain":0,"max_hp_loss":0,"event_name":"The Joust","floor":22,"gold_loss":50},{"damage_healed":0,"gold_gain":0,"player_choice":"Ignored","damage_taken":0,"max_hp_gain":0,"max_hp_loss":0,"event_name":"Cursed Tome","floor":27,"gold_loss":0},{"damage_healed":0,"gold_gain":0,"player_choice":"Became a Ghost","damage_taken":0,"max_hp_gain":0,"max_hp_loss":38,"event_name":"Ghosts","floor":29,"gold_loss":0,"cards_obtained":["Ghostly","Ghostly","Ghostly"]},{"damage_healed":0,"gold_gain":0,"player_choice":"Fight","damage_taken":0,"max_hp_gain":0,"max_hp_loss":0,"event_name":"Mysterious Sphere","floor":36,"gold_loss":0},{"damage_healed":0,"gold_gain":50,"player_choice":"Touch","damage_taken":3,"max_hp_gain":0,"max_hp_loss":0,"event_name":"FaceTrader","floor":44,"gold_loss":0}],"is_beta":false,"boss_relics":[{"not_picked":["Eternal Feather","Black Star"],"picked":"Cursed Key"},{"not_picked":["Calling Bell","Tiny House"],"picked":"Runic Pyramid"}],"items_purged_floors":[20,24,46],"is_endless":false,"potions_floor_spawned":[1,3,11,14,18,21,23,35,40,45],"ascension_level":20}