{"gold_per_floor":[119,119,136,152,162,162,174,174,174,174,207,207,227,245,245,346,346,365,381,381,397,397,397,397,397,397,397,397,397,87,97,97,201,201,218,141,152,252,252,252,282,282,282,301,317,317,317,7,7,7],"floor_reached":51,"playtime":1806,"items_purged":[],"score":995,"play_id":"1f32907f-9f58-47fe-b5a7-1172fe690fcf","local_time":"20180926211114","is_ascension_mode":true,"campfire_choices":[{"data":"Thunder Strike","floor":6.0,"key":"SMITH"},{"floor":10.0,"key":"REST"},{"data":"Sunder","floor":12.0,"key":"SMITH"},{"floor":15.0,"key":"REST"},{"floor":23,"key":"REST"},{"data":"Electrodynamics","floor":25,"key":"SMITH"},{"data":"Redo","floor":27,"key":"SMITH"},{"data":"Leap","floor":29,"key":"SMITH"},{"data":"Loop","floor":32,"key":"SMITH"},{"floor":40,"key":"REST"},{"floor":42,"key":"REST"},{"data":"Thunder Strike","floor":47,"key":"SMITH"},{"floor":49,"key":"REST"}],"neow_cost":"NONE","seed_source_timestamp":0,"circlet_count":0,"master_deck":["Defend_B","Defend_B","Defend_B","Defend_B","Zap+1","Dualcast","Thunder Strike+1","Leap","Ball Lightning","Go for the Eyes","Leap+1","Sunder+1","Redo+1","Ball Lightning","Electrodynamics+1","Core Surge+1","Force Field+1","Cold Snap+1","Undo","Beam Cell","Capacitor","Loop+1","Conserve Battery","Thunder Strike+1","Static Discharge+1","Tempest","Undo+1","BootSequence+1","Chill"],"special_seed":0,"relics":["Cracked Core","Meat on the Bone","Kunai","Astrolabe","Bronze Scales","Mummified Hand","Velvet Choker","Oddly Smooth Stone","Bottled Flame","Incense Burner"],"potions_floor_usage":[22,41,50,50],"damage_taken":[{"damage":7.0,"enemies":"Jaw Worm","floor":1.0,"turns":3.0},{"damage":1.0,"enemies":"Cultist","floor":3.0,"turns":3.0},{"damage":3.0,"enemies":"Small Slimes","floor":4.0,"turns":3.0},{"damage":9.0,"enemies":"Red Slaver","floor":5.0,"turns":3.0},{"damage":9.0,"enemies":"Lots of Slimes","floor":7.0,"turns":3.0},{"damage":16.0,"enemies":"Lagavulin","floor":11.0,"turns":7.0},{"damage":2.0,"enemies":"Looter","floor":13.0,"turns":2.0},{"damage":0.0,"enemies":"Gremlin Gang","floor":14.0,"turns":2.0},{"damage":0.0,"enemies":"Slime Boss","floor":16.0,"turns":6.0},{"damage":5,"enemies":"Shell Parasite","floor":18,"turns":6},{"damage":7,"enemies":"Chosen","floor":19,"turns":4},{"damage":22,"enemies":"Centurion and Healer","floor":21,"turns":6},{"damage":15,"enemies":"Colosseum Slavers","floor":22,"turns":3},{"damage":8,"enemies":"Shelled Parasite and Fungi","floor":31,"turns":4},{"damage":80,"enemies":"Automaton","floor":33,"turns":7},{"damage":7,"enemies":"3 Darklings","floor":35,"turns":3},{"damage":28,"enemies":"3 Shapes","floor":37,"turns":4},{"damage":45,"enemies":"Giant Head","floor":41,"turns":7},{"damage":20,"enemies":"3 Darklings","floor":44,"turns":3},{"damage":7,"enemies":"Spire Growth","floor":45,"turns":4},{"damage":35,"enemies":"Time Eater","floor":50,"turns":7}],"seed_played":"-3362394304094862813","potions_obtained":[{"floor":3.0,"key":"EssenceOfSteel"},{"floor":5.0,"key":"Swift Potion"},{"floor":8.0,"key":"FairyPotion"},{"floor":8.0,"key":"GamblersBrew"},{"floor":11.0,"key":"SkillPotion"},{"floor":13.0,"key":"Block Potion"},{"floor":18,"key":"Strength Potion"},{"floor":21,"key":"Block Potion"},{"floor":37,"key":"AttackPotion"},{"floor":45,"key":"Energy Potion"}],"is_trial":false,"path_per_floor":["M","?","M","M","M","R","M","?","T","R","E","R","M","M","R","B",null,"M","M","?","M","?","R","?","R","T","R","?","R","$","M","R","B",null,"M","$","M","?","?","R","E","R","T","M","M","?","R","$","R","B"],"character_chosen":"DEFECT","items_purchased":["Loop","Mummified Hand","Tempest","Incense Burner"],"campfire_rested":6,"item_purchase_floors":[30,30,36,48],"current_hp_per_floor":[61,61,60,57,48,48,39,39,39,61,45,45,43,43,65,65,73,68,61,61,39,36,58,58,58,58,58,58,58,58,50,50,19,61,54,54,38,38,38,60,27,49,49,41,46,46,46,46,68,45],"gold":7,"neow_bonus":"TRANSFORM_CARD","is_prod":false,"is_daily":false,"chose_seed":false,"campfire_upgraded":7,"win_rate":0,"timestamp":1537989074,"path_taken":["M","?","?","M","M","R","?","?","T","R","E","R","M","M","R","BOSS","M","M","?","?","?","R","?","R","T","R","?","R","$","M","R","BOSS","M","$","M","?","?","R","E","R","T","?","M","?","R","?","R","BOSS"],"build_version":"2018-09-20","purchased_purges":0,"victory":true,"max_hp_per_floor":[75,75,75,75,75,75,75,75,75,75,75,75,75,75,75,75,75,75,75,75,75,75,75,75,75,75,75,75,75,75,75,75,75,75,75,75,75,75,75,75,75,75,75,75,75,75,75,75,75,75],"card_choices":[{"not_picked":["Steam","FTL"],"picked":"Leap","floor":1.0},{"not_picked":["Leap","Reprogram"],"picked":"Sweeping Beam","floor":3.0},{"not_picked":["Gash","Capacitor"],"picked":"Ball Lightning","floor":4.0},{"not_picked":["Streamline","Steam Power"],"picked":"Go for the Eyes","floor":5.0},{"not_picked":["Streamline","Go for the Eyes"],"picked":"Leap","floor":7.0},{"not_picked":["Streamline","Leap"],"picked":"Sunder","floor":11.0},{"not_picked":["Force Field","Go for the Eyes"],"picked":"Redo","floor":13.0},{"not_picked":["Buffer","Go for the Eyes"],"picked":"Ball Lightning","floor":14.0},{"not_picked":["Reboot","Hyperbeam"],"picked":"Electrodynamics","floor":16.0},{"not_picked":["Rebound","Redo"],"picked":"Undo","floor":18},{"not_picked":["Go for the Eyes","Skim+1","Sweeping Beam"],"picked":"SKIP","floor":19},{"not_picked":["Go for the Eyes","Undo"],"picked":"Beam Cell","floor":21},{"not_picked":["FTL+1","Doom and Gloom"],"picked":"Conserve Battery","floor":31},{"not_picked":["Core Surge","Fission"],"picked":"Thunder Strike","floor":33},{"not_picked":["Hello World+1","Rebound+1"],"picked":"Static Discharge+1","floor":35},{"not_picked":["Skim+1","Leap","Streamline+1"],"picked":"SKIP","floor":37},{"not_picked":["Loop","Cold Snap+1"],"picked":"Undo+1","floor":41},{"not_picked":["Gash","Compile Driver"],"picked":"BootSequence+1","floor":44},{"not_picked":["Compile Driver","Scrape"],"picked":"Chill","floor":45}],"player_experience":692166,"relics_obtained":[{"floor":9.0,"key":"Meat on the Bone"},{"floor":11.0,"key":"Kunai"},{"floor":26,"key":"Bronze Scales"},{"floor":41,"key":"Oddly Smooth Stone"},{"floor":43,"key":"Bottled Flame"}],"event_choices":[{"event_name":"Accursed Blacksmith","player_choice":"Forge","floor":2.0,"damage_taken":0.0},{"event_name":"The Lab","player_choice":"Got Potions","floor":8.0,"damage_taken":0.0},{"event_name":"Ghosts","player_choice":"Ignored","floor":20,"damage_taken":0},{"event_name":"Colosseum","player_choice":"Fight","floor":22,"damage_taken":0},{"event_name":"Colosseum","player_choice":"Fled From Nobs","floor":22,"damage_taken":0},{"event_name":"Back to Basics","player_choice":"Elegance","floor":24,"damage_taken":0},{"event_name":"The Library","player_choice":"Read","floor":28,"damage_taken":0},{"event_name":"Golden Shrine","player_choice":"Pray","floor":38,"damage_taken":0},{"event_name":"Tomb of Lord Red Mask","player_choice":"Ignored","floor":39,"damage_taken":0},{"event_name":"Mysterious Sphere","player_choice":"Ignore","floor":46,"damage_taken":0}],"is_beta":false,"boss_relics":[{"not_picked":["White Beast Statue","Runic Pyramid"],"picked":"Astrolabe"},{"not_picked":["FrozenCore","Runic Dome"],"picked":"Velvet Choker"}],"items_purged_floors":[],"is_endless":false,"potions_floor_spawned":[3,5,11,13,18,21,37,45],"ascension_level":8}