{"gold_per_floor":[110,125,144,244,256,256,275,287,287,287,287,287,300,310,310,414,414,424,424,424,166,182,182,196,196,196,212,212,127,140,140,140,240,240,257,277,66,83,97,97,97,97,123,136,154,0,0,14,14,14],"floor_reached":51,"playtime":3654,"items_purged":[],"score":1039,"play_id":"e64e94d4-c04b-45aa-b652-70ecdbb3ff97","local_time":"20190125151906","is_ascension_mode":true,"campfire_choices":[{"data":"Cloak And Dagger","floor":6,"key":"SMITH"},{"data":"Cloak And Dagger","floor":10,"key":"SMITH"},{"data":"Terror","floor":12,"key":"SMITH"},{"data":"Blade Dance","floor":15,"key":"SMITH"},{"data":"Finisher","floor":23,"key":"SMITH"},{"data":"Footwork","floor":25,"key":"SMITH"},{"data":"Storm of Steel","floor":28,"key":"SMITH"},{"data":"Leg Sweep","floor":32,"key":"SMITH"},{"floor":40,"key":"REST"},{"data":"Infinite Blades","floor":47,"key":"SMITH"},{"floor":49,"key":"REST"}],"neow_cost":"NONE","seed_source_timestamp":428829048146567,"circlet_count":0,"master_deck":["AscendersBane","Defend_G+1","Defend_G+1","Defend_G+1","Defend_G+1","Defend_G+1","Strike_G+1","Strike_G+1","Strike_G+1","Strike_G+1","Neutralize","Cloak And Dagger+1","Cloak And Dagger+1","Finisher+1","Terror+1","Leg Sweep+1","Footwork+1","Adrenaline","Blade Dance+1","Storm of Steel+1","Flying Knee+1","Adrenaline","Dagger Throw+1","Heel Hook+1","Dodge and Roll+1","PiercingWail+1","Infinite Blades+1","Master of Strategy","Madness","Madness"],"relics":["Ring of the Snake","Blue Candle","Busted Crown","Enchiridion","Ornamental Fan","Dead Branch","Molten Egg 2","Astrolabe","Potion Belt","Red Mask"],"potions_floor_usage":[16,22,27,50,50,50],"damage_taken":[{"damage":6,"enemies":"Cultist","floor":1,"turns":4},{"damage":0,"enemies":"Small Slimes","floor":2,"turns":3},{"damage":0,"enemies":"2 Louse","floor":3,"turns":5},{"damage":3,"enemies":"Exordium Wildlife","floor":5,"turns":5},{"damage":0,"enemies":"2 Fungi Beasts","floor":7,"turns":3},{"damage":0,"enemies":"Large Slime","floor":8,"turns":5},{"damage":0,"enemies":"3 Louse","floor":13,"turns":3},{"damage":3,"enemies":"Blue Slaver","floor":14,"turns":4},{"damage":0,"enemies":"The Guardian","floor":16,"turns":14},{"damage":0,"enemies":"Shell Parasite","floor":18,"turns":1},{"damage":0,"enemies":"Spheric Guardian","floor":22,"turns":3},{"damage":0,"enemies":"Centurion and Healer","floor":24,"turns":7},{"damage":2,"enemies":"Snake Plant","floor":27,"turns":4},{"damage":0,"enemies":"Cultist and Chosen","floor":30,"turns":2},{"damage":39,"enemies":"Champ","floor":33,"turns":7},{"damage":0,"enemies":"Orb Walker","floor":35,"turns":1},{"damage":0,"enemies":"3 Shapes","floor":36,"turns":4},{"damage":0,"enemies":"Sphere and 2 Shapes","floor":38,"turns":2},{"damage":0,"enemies":"3 Darklings","floor":39,"turns":1},{"damage":0,"enemies":"Transient","floor":44,"turns":5},{"damage":0,"enemies":"4 Shapes","floor":45,"turns":2},{"damage":0,"enemies":"Maw","floor":48,"turns":5},{"damage":9,"enemies":"Awakened One","floor":50,"turns":15}],"seed_played":"-159723822275857412","potions_obtained":[{"floor":2,"key":"Ancient Potion"},{"floor":7,"key":"SpeedPotion"},{"floor":14,"key":"EssenceOfSteel"},{"floor":16,"key":"Fire Potion"},{"floor":27,"key":"Dexterity Potion"},{"floor":30,"key":"Fire Potion"},{"floor":44,"key":"LiquidBronze"},{"floor":45,"key":"FearPotion"},{"floor":48,"key":"SteroidPotion"}],"is_trial":false,"path_per_floor":["M","M","M","?","M","R","M","M","T","R","?","R","M","M","R","B",null,"M","?","?","$","M","R","M","R","T","M","R","?","M","?","R","B",null,"M","M","$","M","M","R","?","?","T","M","M","?","R","M","R","B",null],"character_chosen":"THE_SILENT","items_purchased":["Ornamental Fan","Infinite Blades","Master of Strategy"],"campfire_rested":2,"item_purchase_floors":[21,37,37],"current_hp_per_floor":[57,57,57,57,54,54,54,54,54,54,54,54,54,51,51,51,65,65,49,49,49,49,49,49,49,49,47,47,47,47,47,47,8,55,55,55,55,55,55,70,61,61,61,61,61,61,61,61,70,61],"gold":14,"neow_bonus":"THREE_CARDS","is_prod":false,"is_daily":false,"chose_seed":false,"campfire_upgraded":9,"win_rate":0,"timestamp":1548425946,"path_taken":["M","M","M","?","?","R","?","M","T","R","?","R","M","M","R","BOSS","M","?","?","?","M","R","M","R","T","M","R","?","M","?","R","BOSS","M","M","$","M","M","R","?","?","T","M","M","?","R","M","R","BOSS"],"build_version":"2019-01-23","purchased_purges":0,"victory":true,"max_hp_per_floor":[70,70,70,70,70,70,70,70,70,70,70,70,70,70,70,70,70,70,70,70,70,70,70,70,70,70,70,70,70,70,70,70,70,70,70,70,70,70,70,70,70,70,70,70,70,70,70,70,70,70],"card_choices":[{"not_picked":["Slice","Quick Slash"],"picked":"Cloak And Dagger","floor":0},{"not_picked":["PiercingWail","Quick Slash"],"picked":"Dagger Spray","floor":1},{"not_picked":["Expertise","Deadly Poison"],"picked":"Cloak And Dagger","floor":2},{"not_picked":["Noxious Fumes","Dash"],"picked":"Finisher","floor":3},{"not_picked":["Poisoned Stab","Sucker Punch"],"picked":"Terror","floor":5},{"not_picked":["Choke","Backflip"],"picked":"Leg Sweep","floor":7},{"not_picked":["Acrobatics","Tactician"],"picked":"Slice","floor":8},{"not_picked":["Blade Dance","Deflect"],"picked":"Adrenaline","floor":13},{"not_picked":["Predator","Sucker Punch"],"picked":"Blade Dance","floor":14},{"not_picked":["Doppelganger","Phantasmal Killer"],"picked":"Storm of Steel","floor":16},{"not_picked":[],"picked":"Flying Knee+1","floor":18},{"not_picked":["Bane"],"picked":"SKIP","floor":22},{"not_picked":[],"picked":"Dagger Spray","floor":24},{"not_picked":["Bane"],"picked":"SKIP","floor":27},{"not_picked":["Deflect+1"],"picked":"SKIP","floor":30},{"not_picked":[],"picked":"Adrenaline","floor":33},{"not_picked":["Quick Slash+1"],"picked":"SKIP","floor":35},{"not_picked":[],"picked":"PiercingWail+1","floor":36},{"not_picked":["Skewer+1"],"picked":"SKIP","floor":38},{"not_picked":["Riddle With Holes+1"],"picked":"SKIP","floor":39},{"not_picked":["Prepared"],"picked":"SKIP","floor":44},{"not_picked":["Escape Plan"],"picked":"SKIP","floor":45},{"not_picked":["Outmaneuver"],"picked":"SKIP","floor":48}],"player_experience":332539,"relics_obtained":[{"floor":9,"key":"Blue Candle"},{"floor":19,"key":"Enchiridion"},{"floor":26,"key":"Dead Branch"},{"floor":43,"key":"Potion Belt"}],"event_choices":[{"damage_healed":0,"gold_gain":100,"player_choice":"Gold","damage_taken":0,"max_hp_gain":0,"max_hp_loss":0,"event_name":"Wheel of Change","floor":4,"gold_loss":0},{"damage_healed":0,"gold_gain":0,"cards_transformed":["Strike_G"],"player_choice":"Transformed","damage_taken":0,"max_hp_gain":0,"max_hp_loss":0,"event_name":"Transmorgrifier","floor":11,"gold_loss":0,"cards_obtained":["Footwork"]},{"damage_healed":0,"gold_gain":0,"player_choice":"Obtained Book","damage_taken":16,"max_hp_gain":0,"max_hp_loss":0,"event_name":"Cursed Tome","floor":19,"gold_loss":0},{"damage_healed":0,"gold_gain":0,"player_choice":"Simplicity","damage_taken":0,"max_hp_gain":0,"max_hp_loss":0,"event_name":"Back to Basics","floor":20,"gold_loss":0,"cards_upgraded":["Defend_G","Defend_G","Defend_G","Defend_G","Defend_G","Strike_G","Strike_G","Strike_G","Strike_G"]},{"damage_healed":0,"gold_gain":0,"player_choice":"Obtained Relic","damage_taken":0,"relics_obtained":["Molten Egg 2"],"max_hp_gain":0,"max_hp_loss":0,"event_name":"Addict","floor":29,"gold_loss":85},{"damage_healed":0,"gold_gain":0,"player_choice":"Ignored","damage_taken":0,"max_hp_gain":0,"max_hp_loss":0,"event_name":"Vampires","floor":31,"gold_loss":0},{"damage_healed":0,"gold_gain":0,"player_choice":"Embrace Madness","damage_taken":9,"max_hp_gain":0,"max_hp_loss":0,"event_name":"Winding Halls","floor":41,"gold_loss":0,"cards_obtained":["Madness","Madness"]},{"cards_removed":["Survivor"],"damage_healed":0,"gold_gain":0,"player_choice":"Removed Skill","damage_taken":0,"max_hp_gain":0,"max_hp_loss":0,"event_name":"Falling","floor":42,"gold_loss":0},{"damage_healed":0,"gold_gain":0,"player_choice":"Paid","damage_taken":0,"relics_obtained":["Red Mask"],"max_hp_gain":0,"max_hp_loss":0,"event_name":"Tomb of Lord Red Mask","floor":46,"gold_loss":154}],"is_beta":false,"boss_relics":[{"not_picked":["Velvet Choker","Snecko Eye"],"picked":"Busted Crown"},{"not_picked":["Calling Bell","Orrery"],"picked":"Astrolabe"}],"items_purged_floors":[],"is_endless":false,"potions_floor_spawned":[2,7,14,16,27,30,35,44,45,48],"ascension_level":11}