{"gold_per_floor":[118,136,146,71,90,90,8,39,39,39,54,69,100,100,100,100],"floor_reached":16,"playtime":923,"items_purged":["Strike_G"],"score":207,"play_id":"ce48188b-7ab2-4c6e-b23d-1f397185f1aa","local_time":"20190131151516","is_ascension_mode":true,"campfire_choices":[{"data":"Setup","floor":6,"key":"SMITH"},{"data":"Poisoned Stab","floor":10,"key":"SMITH"},{"data":"Catalyst","floor":15,"key":"SMITH"}],"neow_cost":"NONE","seed_source_timestamp":198161124447705,"circlet_count":0,"master_deck":["AscendersBane","Defend_G","Defend_G","Defend_G","Defend_G","Defend_G","Strike_G","Strike_G","Strike_G","Strike_G","Survivor","Neutralize","Deadly Poison","Setup+1","Poisoned Stab+1","Backflip","Poisoned Stab","Bullet Time","Terror","Catalyst+1","Regret"],"relics":["Ring of the Snake","Meat on the Bone","The Courier","Juzu Bracelet","Pantograph"],"potions_floor_usage":[8,13,16],"damage_taken":[{"damage":2,"enemies":"2 Louse","floor":1,"turns":4},{"damage":0,"enemies":"Jaw Worm","floor":2,"turns":4},{"damage":2,"enemies":"Cultist","floor":3,"turns":5},{"damage":10,"enemies":"3 Louse","floor":5,"turns":6},{"damage":14,"enemies":"3 Sentries","floor":8,"turns":8},{"damage":12,"enemies":"Red Slaver","floor":11,"turns":4},{"damage":8,"enemies":"Exordium Wildlife","floor":12,"turns":6},{"damage":18,"enemies":"Lagavulin","floor":13,"turns":7},{"damage":69,"enemies":"Slime Boss","floor":16,"turns":8}],"seed_played":"-8371323779389246944","potions_obtained":[{"floor":1,"key":"LiquidBronze"},{"floor":12,"key":"Block Potion"},{"floor":13,"key":"GamblersBrew"}],"is_trial":false,"path_per_floor":["M","M","M","$","M","R","$","E","T","R","M","M","E","?","R","B"],"character_chosen":"THE_SILENT","items_purchased":["Poisoned Stab","AttackPotion"],"campfire_rested":0,"item_purchase_floors":[7,7],"current_hp_per_floor":[63,63,61,61,51,51,51,37,37,37,37,41,35,35,35,0],"gold":100,"neow_bonus":"TEN_PERCENT_HP_BONUS","is_prod":false,"is_daily":false,"chose_seed":false,"campfire_upgraded":3,"win_rate":0,"timestamp":1548944116,"path_taken":["M","M","M","$","M","R","$","E","T","R","M","M","E","?","R","BOSS"],"build_version":"2019-01-23","purchased_purges":1,"victory":false,"max_hp_per_floor":[72,72,72,72,72,72,72,72,72,72,72,72,72,72,72,72],"card_choices":[{"not_picked":["Infinite Blades","Blade Dance"],"picked":"Deadly Poison","floor":1},{"not_picked":["Dodge and Roll","Outmaneuver"],"picked":"Setup","floor":2},{"not_picked":["Escape Plan","PiercingWail"],"picked":"Poisoned Stab","floor":3},{"not_picked":["Slice","Cloak And Dagger"],"picked":"Backflip","floor":5},{"not_picked":["Dash","Bane"],"picked":"Bullet Time","floor":8},{"not_picked":["Dagger Throw","Slice","Blade Dance"],"picked":"SKIP","floor":11},{"not_picked":["Flying Knee","Dash"],"picked":"Terror","floor":12},{"not_picked":["Cloak And Dagger","Doppelganger"],"picked":"Catalyst","floor":13}],"player_experience":476869,"relics_obtained":[{"floor":8,"key":"Meat on the Bone"},{"floor":9,"key":"The Courier"},{"floor":13,"key":"Juzu Bracelet"}],"event_choices":[{"damage_healed":0,"gold_gain":0,"player_choice":"Box","damage_taken":0,"relics_obtained":["Pantograph"],"max_hp_gain":0,"max_hp_loss":0,"event_name":"Big Fish","floor":14,"gold_loss":0,"cards_obtained":["Regret"]}],"is_beta":false,"boss_relics":[],"items_purged_floors":[4],"is_endless":false,"potions_floor_spawned":[1,12,13],"killed_by":"Slime Boss","ascension_level":17}