{"gold_per_floor":[117,117,133,206,206,206,234,99,99,99,99,99,113,125,125,196,196,136,136,136,136,43,43,43,43,43,43,43,43,43,43,43,43],"floor_reached":33,"playtime":1855,"items_purged":[],"score":558,"play_id":"9283706d-8c25-4a89-9ffa-8ef51143957d","local_time":"20181016191836","is_ascension_mode":true,"campfire_choices":[{"data":"Neutralize","floor":6.0,"key":"SMITH"},{"floor":11.0,"key":"REST"},{"data":"Noxious Fumes","floor":15.0,"key":"SMITH"},{"floor":23.0,"key":"REST"},{"floor":27.0,"key":"REST"},{"floor":30,"key":"REST"},{"floor":32,"key":"REST"}],"neow_cost":"NONE","seed_source_timestamp":2832339910088,"circlet_count":0,"master_deck":["Defend_G","Defend_G","Defend_G","Defend_G","Defend_G","Strike_G","Strike_G","Strike_G","Strike_G","Strike_G+1","Survivor+1","Neutralize+1","AscendersBane","Tools of the Trade+1","Slice","Underhanded Strike","After Image","Dash","Noxious Fumes+1","Neutralize","Unload","Backstab","Noxious Fumes","Glass Knife","PiercingWail","Infinite Blades","Crippling Poison","Leg Sweep","Leg Sweep"],"special_seed":0,"relics":["Ring of the Snake","Letter Opener","Blood Vial","Vajra","Ectoplasm","MutagenicStrength","Omamori","Strawberry","Gremlin Horn","Pantograph","Nilry\u0027s Codex"],"potions_floor_usage":[28,33],"damage_taken":[{"damage":7.0,"enemies":"Jaw Worm","floor":1.0,"turns":6.0},{"damage":0.0,"enemies":"2 Louse","floor":3.0,"turns":3.0},{"damage":12.0,"enemies":"Lagavulin","floor":7.0,"turns":8.0},{"damage":0.0,"enemies":"Small Slimes","floor":13.0,"turns":1.0},{"damage":0.0,"enemies":"2 Fungi Beasts","floor":14.0,"turns":3.0},{"damage":6.0,"enemies":"The Guardian","floor":16.0,"turns":10.0},{"damage":6.0,"enemies":"2 Thieves","floor":18.0,"turns":3.0},{"damage":9.0,"enemies":"3 Byrds","floor":20.0,"turns":4.0},{"damage":14.0,"enemies":"Slavers","floor":24.0,"turns":6.0},{"damage":14.0,"enemies":"Snake Plant","floor":25.0,"turns":4.0},{"damage":52,"enemies":"Book of Stabbing","floor":28,"turns":5},{"damage":70,"enemies":"Automaton","floor":33,"turns":12}],"seed_played":"-819035871947810531","potions_obtained":[{"floor":3.0,"key":"SteroidPotion"},{"floor":13.0,"key":"AttackPotion"},{"floor":16.0,"key":"Explosive Potion"},{"floor":18.0,"key":"SkillPotion"},{"floor":20.0,"key":"Poison Potion"},{"floor":28,"key":"SpeedPotion"}],"is_trial":false,"path_per_floor":["M","?","M","?","?","R","E","$","T","?","R","?","M","M","R","B",null,"M","?","M","?","$","R","E","M","T","R","E","?","R","?","R"],"character_chosen":"THE_SILENT","items_purchased":["Dash","Noxious Fumes","Crippling Poison"],"campfire_rested":5,"item_purchase_floors":[8,8,22],"current_hp_per_floor":[52,52,52,52,32,32,20,20,20,20,39,39,41,43,43,39,59,55,55,48,30,30,51,39,27,34,57,7,7,30,9,32,0],"gold":43,"neow_bonus":"ONE_RANDOM_RARE_CARD","is_prod":false,"is_daily":false,"chose_seed":false,"campfire_upgraded":2,"win_rate":0,"timestamp":1539710316,"path_taken":["M","?","M","?","?","R","E","$","T","?","R","?","M","M","R","BOSS","M","?","M","?","$","R","E","?","T","R","E","?","R","?","R","BOSS"],"build_version":"2018-10-11","purchased_purges":0,"victory":false,"max_hp_per_floor":[66,66,66,66,66,66,66,66,66,66,66,66,66,66,66,66,66,66,66,66,71,71,71,71,71,78,78,78,78,78,78,78,78],"card_choices":[{"not_picked":["Deadly Poison","Poisoned Stab"],"picked":"Slice","floor":1.0},{"not_picked":["Acrobatics","Masterful Stab"],"picked":"Underhanded Strike","floor":3.0},{"not_picked":["Bane","Calculated Gamble"],"picked":"After Image","floor":7.0},{"not_picked":["Outmaneuver","Deadly Poison"],"picked":"Noxious Fumes","floor":13.0},{"not_picked":["Acrobatics","Deflect","Sucker Punch"],"picked":"SKIP","floor":14.0},{"not_picked":["Burst","Grand Finale"],"picked":"Glass Knife","floor":16.0},{"not_picked":["Deflect","Dagger Spray"],"picked":"PiercingWail","floor":18.0},{"not_picked":["Escape Plan","Concentrate"],"picked":"Infinite Blades","floor":20.0},{"not_picked":["Cloak And Dagger","Night Terror"],"picked":"Leg Sweep","floor":24.0},{"not_picked":["Noxious Fumes","Skewer"],"picked":"Leg Sweep","floor":25.0},{"not_picked":["Quick Slash","Underhanded Strike","Choke"],"picked":"SKIP","floor":28}],"player_experience":1483942,"relics_obtained":[{"floor":7.0,"key":"Letter Opener"},{"floor":9.0,"key":"Blood Vial"},{"floor":12.0,"key":"Vajra"},{"floor":24.0,"key":"Omamori"},{"floor":26.0,"key":"Strawberry"},{"floor":28,"key":"Gremlin Horn"},{"floor":31,"key":"Nilry\u0027s Codex"}],"event_choices":[{"event_name":"Living Wall","player_choice":"Grow","floor":2.0,"damage_taken":0.0},{"event_name":"Golden Wing","player_choice":"Gained Gold","floor":4.0,"damage_taken":0.0},{"event_name":"Shining Light","player_choice":"Entered Light","floor":5.0,"damage_taken":0.0},{"event_name":"Match and Keep!","player_choice":"3 cards matched","floor":10.0,"damage_taken":0.0},{"event_name":"Wheel of Change","player_choice":"Relic","floor":12.0,"damage_taken":0.0},{"event_name":"Drug Dealer","player_choice":"Inject Mutagens","floor":19.0,"damage_taken":0.0},{"event_name":"Forgotten Altar","player_choice":"Shed Blood","floor":21.0,"damage_taken":0.0},{"event_name":"Addict","player_choice":"Stole Relic","floor":29,"damage_taken":0},{"event_name":"Cursed Tome","player_choice":"Obtained Book","floor":31,"damage_taken":0}],"is_beta":false,"boss_relics":[{"not_picked":["Busted Crown","Astrolabe"],"picked":"Ectoplasm"}],"items_purged_floors":[],"is_endless":false,"potions_floor_spawned":[3,13,16,18,20,28],"killed_by":"Automaton","ascension_level":20}