{"path_per_floor":["M","M","M","M","?","R","M","R","T","R","?","M","$","M","R","B",null,"M","?","M","$","M","R","?","R","T","R","M","M","?","$","R","B",null,"M","M","?","$","M","R","M","T","T","?","M","?","R","?","R"],"character_chosen":"THE_SILENT","items_purchased":["Dagger Spray"],"gold_per_floor":[114,134,145,165,165,165,181,181,181,181,142,155,29,42,42,140,140,140,140,140,40,40,40,40,40,40,40,40,40,40,40,40,40,40,40,40,40,40,40,40,40,40,40,40,40,40,40,40,40,40],"floor_reached":50,"campfire_rested":1,"playtime":2424,"current_hp_per_floor":[63,62,62,61,48,48,48,48,48,48,48,46,46,46,46,13,63,63,63,63,63,63,63,63,63,63,63,63,61,61,61,61,27,68,68,52,52,52,49,49,52,52,52,43,47,47,47,47,67,0],"items_purged":["Strike_G","Strike_G"],"gold":40,"score":434,"play_id":"dd6095b7-fe75-4ad3-9b59-0194f00f08cb","local_time":"20180408235227","is_prod":false,"is_daily":false,"is_ascension_mode":false,"campfire_upgraded":7,"timestamp":1523224347,"path_taken":["M","M","M","M","?","R","?","R","T","R","?","M","$","M","R","BOSS","M","?","M","$","?","R","?","R","T","R","M","M","?","$","R","BOSS","M","M","?","$","M","R","M","?","T","?","M","?","R","?","R","BOSS"],"build_version":"2018-04-05v2","purchased_purges":2,"victory":false,"master_deck":["Defend_G+1","Defend_G+1","Defend_G+1","Defend_G+1","Strike_G+1","Strike_G+1","Strike_G+1","Survivor","Neutralize+1","Backstab","Skewer","Backstab","Sucker Punch","Flechettes","Backflip","Dagger Spray+1","Riddle With Holes+1","Envenom+1","Deflect+1","Dodge and Roll+1","PiercingWail","Leg Sweep","Cloak And Dagger+1","Bullet Time","Cloak And Dagger","Footwork+1","Flying Knee","Dagger Spray+1","Cloak And Dagger","Madness","Madness","Riddle With Holes+1"],"max_hp_per_floor":[63,63,63,63,63,63,63,63,63,63,63,63,63,63,63,63,63,63,63,63,63,63,63,63,63,63,63,63,63,63,63,63,63,68,68,68,68,68,68,68,68,68,68,68,68,68,68,68,68,68],"relics":["Ring of the Snake","Girya","Bird Faced Urn","Ectoplasm","Old Coin","Tiny House","Bag of Marbles","The Specimen"],"card_choices":[{"not_picked":["Underhanded Strike","Acrobatics"],"picked":"Backstab","floor":1},{"not_picked":["Quick Slash","Slice"],"picked":"Skewer","floor":2},{"not_picked":["After Image","Backflip"],"picked":"Backstab","floor":3},{"not_picked":["Cloak And Dagger","Distraction"],"picked":"Sucker Punch","floor":4},{"not_picked":["Prepared","Bane"],"picked":"Flechettes","floor":7},{"not_picked":["PiercingWail","Sucker Punch"],"picked":"Backflip","floor":12},{"not_picked":["Concentrate","Dagger Throw"],"picked":"Riddle With Holes","floor":14},{"not_picked":["Burst","Grand Finale"],"picked":"Envenom","floor":16},{"not_picked":["Acrobatics","Quick Slash"],"picked":"Deflect","floor":20},{"not_picked":["Prepared","Quick Slash"],"picked":"Dodge and Roll","floor":22},{"not_picked":["Sucker Punch","Accuracy"],"picked":"Cloak And Dagger","floor":28},{"not_picked":["Night Terror","Tactician"],"picked":"Bullet Time","floor":33},{"not_picked":["Flying Knee","Deflect"],"picked":"Cloak And Dagger","floor":34},{"not_picked":["Flechettes","Cloak And Dagger"],"picked":"Footwork","floor":35},{"not_picked":["Prepared","Sucker Punch"],"picked":"Cloak And Dagger","floor":36},{"not_picked":["Calculated Gamble","Blur"],"picked":"Dagger Spray","floor":39},{"not_picked":["Finisher","Flying Knee"],"picked":"Cloak And Dagger","floor":41},{"not_picked":["Underhanded Strike","Bane"],"picked":"Riddle With Holes","floor":45}],"player_experience":358994,"potions_floor_usage":[28,36,36,50,50,50],"damage_taken":[{"damage":0,"enemies":"Small Slimes","floor":1,"turns":4},{"damage":1,"enemies":"2 Louse","floor":2,"turns":3},{"damage":0,"enemies":"Cultist","floor":3,"turns":3},{"damage":1,"enemies":"2 Fungi Beasts","floor":4,"turns":3},{"damage":0,"enemies":"Blue Slaver","floor":7,"turns":1},{"damage":2,"enemies":"Exordium Thugs","floor":12,"turns":2},{"damage":0,"enemies":"Exordium Wildlife","floor":14,"turns":2},{"damage":33,"enemies":"The Guardian","floor":16,"turns":10},{"damage":0,"enemies":"Chosen","floor":18,"turns":3},{"damage":0,"enemies":"3 Byrds","floor":20,"turns":2},{"damage":0,"enemies":"Centurion and Healer","floor":22,"turns":4},{"damage":0,"enemies":"Snake Plant","floor":28,"turns":3},{"damage":2,"enemies":"Cultist and Chosen","floor":29,"turns":4},{"damage":36,"enemies":"Champ","floor":33,"turns":11},{"damage":0,"enemies":"Orb Walker","floor":35,"turns":3},{"damage":16,"enemies":"3 Darklings","floor":36,"turns":3},{"damage":7,"enemies":"Sphere and 2 Shapes","floor":39,"turns":5},{"damage":1,"enemies":"4 Shapes","floor":41,"turns":7},{"damage":0,"enemies":"Maw","floor":45,"turns":9},{"damage":98,"enemies":"Time Eater","floor":50,"turns":13}],"event_choices":[{"event_name":"Shining Light","player_choice":"Entered Light","floor":5,"damage_taken":0},{"event_name":"World of Goop","player_choice":"Left","floor":11,"damage_taken":0},{"event_name":"Ghosts","player_choice":"Ignored","floor":19,"damage_taken":0},{"event_name":"Match and Keep!","player_choice":"2 cards matched","floor":24,"damage_taken":0},{"event_name":"Back to Basics","player_choice":"Simplicity","floor":30,"damage_taken":0},{"event_name":"Transmorgrifier","player_choice":"Transform","floor":37,"damage_taken":0},{"event_name":"Winding Halls","player_choice":"Embrace Madness","floor":44,"damage_taken":0},{"event_name":"Mysterious Sphere","player_choice":"Ignore","floor":48,"damage_taken":0}],"boss_relics":[{"not_picked":["Runic Dome","Orrery"],"picked":"Ectoplasm"},{"not_picked":["Pandora\u0027s Box","Cursed Key"],"picked":"Tiny House"}],"potions_floor_spawned":[4,7,14,20,22,29,33,39,45],"seed_played":"8018611593961960220","killed_by":"Time Eater","ascension_level":0,"is_trial":false}