{"gold_per_floor":[118,132,282,302,73,73,73,105,158,193,211,211,276,11,11,90,90,102,152,220,270,320,320,346,346,346,374,384,87,101,25,25,25],"floor_reached":33,"playtime":2265,"items_purged":["Doubt"],"score":586,"play_id":"2bfd610b-d262-4dff-9857-1ca7672125dc","local_time":"20181210223619","is_ascension_mode":true,"campfire_choices":[{"data":"Neutralize","floor":6.0,"key":"SMITH"},{"floor":12.0,"key":"REST"},{"data":"Crippling Poison","floor":15.0,"key":"SMITH"},{"data":"Die Die Die","floor":23,"key":"SMITH"},{"floor":25,"key":"REST"},{"floor":32,"key":"REST"}],"neow_cost":"NONE","seed_source_timestamp":5842001424571,"circlet_count":0,"master_deck":["AscendersBane","Defend_G","Defend_G","Defend_G","Defend_G","Defend_G","Strike_G","Strike_G","Strike_G","Strike_G","Strike_G","Survivor","Neutralize+1","Footwork","Backstab","Dash","Corpse Explosion","Deadly Poison","Deadly Poison","PiercingWail","Crippling Poison+1","Die Die Die+1","Dash","Backflip","Well Laid Plans","Backflip+1","Footwork","Noxious Fumes"],"special_seed":0,"relics":["Ring of the Snake","NeowsBlessing","SsserpentHead","Pen Nib","Tiny Chest","Tingsha","Shuriken","Velvet Choker","Nilry\u0027s Codex","Lantern","Bottled Flame","Unceasing Top","FossilizedHelix"],"potions_floor_usage":[20,24,33],"damage_taken":[{"damage":0.0,"enemies":"Cultist","floor":1.0,"turns":1.0},{"damage":0.0,"enemies":"Jaw Worm","floor":2.0,"turns":1.0},{"damage":0.0,"enemies":"2 Louse","floor":4.0,"turns":1.0},{"damage":13.0,"enemies":"Lagavulin","floor":8.0,"turns":9.0},{"damage":44.0,"enemies":"Gremlin Nob","floor":10.0,"turns":5.0},{"damage":2.0,"enemies":"Exordium Wildlife","floor":11.0,"turns":4.0},{"damage":4.0,"enemies":"Blue Slaver","floor":13.0,"turns":5.0},{"damage":21,"enemies":"Hexaghost","floor":16,"turns":9},{"damage":18,"enemies":"2 Thieves","floor":18,"turns":3},{"damage":11,"enemies":"3 Byrds","floor":20,"turns":3},{"damage":11,"enemies":"Gremlin Leader","floor":24,"turns":10},{"damage":31,"enemies":"Book of Stabbing","floor":27,"turns":6},{"damage":10,"enemies":"Centurion and Healer","floor":28,"turns":4},{"damage":0,"enemies":"3 Cultists","floor":30,"turns":4},{"damage":52,"enemies":"Automaton","floor":33,"turns":6}],"seed_played":"-1615682528048899664","potions_obtained":[{"floor":1.0,"key":"Strength Potion"},{"floor":4.0,"key":"Block Potion"},{"floor":8.0,"key":"Fruit Juice"},{"floor":18,"key":"Fire Potion"},{"floor":20,"key":"SkillPotion"},{"floor":28,"key":"Swift Potion"},{"floor":30,"key":"Poison Potion"}],"is_trial":false,"path_per_floor":["M","M","?","M","$","R","?","E","T","E","M","R","M","$","R","B",null,"M","?","M","?","?","R","E","R","T","E","M","$","M","$","R","B"],"character_chosen":"THE_SILENT","items_purchased":["Corpse Explosion","Crippling Poison","Shuriken","FossilizedHelix","Noxious Fumes"],"campfire_rested":3,"item_purchase_floors":[5,14,14,29,31],"current_hp_per_floor":[59,59,59,59,59,59,59,51,51,7,5,26,22,22,22,1,54,36,71,60,39,39,39,28,49,49,18,8,8,8,8,29,0],"gold":25,"neow_bonus":"THREE_ENEMY_KILL","is_prod":false,"is_daily":false,"chose_seed":false,"campfire_upgraded":3,"win_rate":0,"timestamp":1544477779,"path_taken":["M","?","?","M","$","R","?","E","T","E","M","R","?","?","R","BOSS","M","?","?","?","?","R","E","R","T","E","M","?","M","$","R","BOSS"],"build_version":"2018-12-06","purchased_purges":1,"victory":false,"max_hp_per_floor":[66,66,66,66,66,66,66,71,71,71,71,71,71,71,71,71,71,71,71,71,71,71,71,71,71,71,71,71,71,71,71,71,71],"card_choices":[{"not_picked":["Well Laid Plans","All Out Attack"],"picked":"Footwork","floor":1.0},{"not_picked":["Bouncing Flask","Sucker Punch"],"picked":"Backstab","floor":2.0},{"not_picked":["Tactician","Skewer"],"picked":"Dash","floor":4.0},{"not_picked":["Calculated Gamble","Flying Knee"],"picked":"Deadly Poison","floor":8.0},{"not_picked":["Flying Knee","Slice"],"picked":"Deadly Poison","floor":10.0},{"not_picked":["Riddle With Holes","Outmaneuver","Bane"],"picked":"SKIP","floor":11.0},{"not_picked":["Flying Knee","Riddle With Holes"],"picked":"PiercingWail","floor":13.0},{"not_picked":["Tools of the Trade","Glass Knife"],"picked":"Die Die Die","floor":16},{"not_picked":["Prepared","Outmaneuver"],"picked":"Dash","floor":18},{"not_picked":["Dagger Throw","Predator","Concentrate"],"picked":"SKIP","floor":20},{"not_picked":["PiercingWail","Prepared+1","Expertise"],"picked":"SKIP","floor":24},{"not_picked":["Deadly Poison","Tactician"],"picked":"Well Laid Plans","floor":27},{"not_picked":["Poisoned Stab","Unload"],"picked":"Backflip+1","floor":28},{"not_picked":["Blur","Sucker Punch+1"],"picked":"Footwork","floor":30}],"player_experience":1823474,"relics_obtained":[{"floor":8.0,"key":"Pen Nib"},{"floor":9.0,"key":"Tiny Chest"},{"floor":10.0,"key":"Tingsha"},{"floor":21,"key":"Nilry\u0027s Codex"},{"floor":24,"key":"Lantern"},{"floor":26,"key":"Bottled Flame"},{"floor":27,"key":"Unceasing Top"}],"event_choices":[{"damage_healed":0.0,"max_hp_gain":0.0,"max_hp_loss":0.0,"gold_gain":150.0,"event_name":"Liars Game","player_choice":"AGREE","floor":3.0,"gold_loss":0.0,"damage_taken":0.0,"cards_obtained":["Doubt"]},{"damage_healed":0.0,"max_hp_gain":0.0,"max_hp_loss":0.0,"gold_gain":0.0,"event_name":"FaceTrader","player_choice":"Trade","floor":7.0,"gold_loss":0.0,"damage_taken":0.0,"relics_obtained":["SsserpentHead"]},{"damage_healed":35,"gold_gain":0,"player_choice":"Full Heal","damage_taken":0,"max_hp_gain":0,"max_hp_loss":0,"event_name":"Wheel of Change","floor":19,"gold_loss":0},{"damage_healed":0,"gold_gain":0,"player_choice":"Obtained Book","damage_taken":21,"max_hp_gain":0,"max_hp_loss":0,"event_name":"Cursed Tome","floor":21,"gold_loss":0},{"damage_healed":0,"gold_gain":0,"player_choice":"Read","damage_taken":0,"max_hp_gain":0,"max_hp_loss":0,"event_name":"The Library","floor":22,"gold_loss":0,"cards_obtained":["Backflip"]}],"is_beta":false,"boss_relics":[{"not_picked":["HoveringKite","Orrery"],"picked":"Velvet Choker"}],"items_purged_floors":[5],"is_endless":false,"potions_floor_spawned":[1,4,8,18,20,28,30],"killed_by":"Automaton","ascension_level":20}