{"gold_per_floor":[118,30,105,122,137,137,151,151,151,151,163,42,56,56,56,56],"floor_reached":16,"playtime":462,"items_purged":["Defend_B"],"score":97,"play_id":"bd103676-2c44-4e77-be7b-b93ecd0e52d5","local_time":"20180716231649","is_ascension_mode":true,"campfire_choices":[{"data":"Sunder","floor":6,"key":"SMITH"},{"data":"Streamline","floor":8,"key":"SMITH"},{"data":"Beam Cell","floor":15,"key":"SMITH"}],"neow_cost":"NONE","seed_source_timestamp":389460428440802,"circlet_count":0,"master_deck":["Strike_B","Strike_B","Strike_B","Zap","Dualcast","Lockon+1","Force Field+1","Multi-Cast+1","Streamline+1","Coolheaded","Sunder+1","Leap","Leap","White Noise","Beam Cell+1","Cold Snap","Chill"],"relics":["Astrolabe","Dream Catcher","CultistMask"],"potions_floor_usage":[13],"damage_taken":[{"damage":6,"enemies":"Cultist","floor":1,"turns":3},{"damage":13,"enemies":"Jaw Worm","floor":4,"turns":3},{"damage":0,"enemies":"2 Louse","floor":5,"turns":2},{"damage":10,"enemies":"Looter","floor":7,"turns":2},{"damage":0,"enemies":"Large Slime","floor":11,"turns":4},{"damage":1,"enemies":"Exordium Thugs","floor":13,"turns":2},{"damage":0,"enemies":"Hexaghost","floor":16,"turns":1}],"seed_played":"7426612984383345361","potions_obtained":[{"floor":1,"key":"Explosive Potion"},{"floor":5,"key":"Ancient Potion"},{"floor":7,"key":"Weak Potion"},{"floor":13,"key":"Explosive Potion"}],"is_trial":false,"path_per_floor":["M","$","?","M","M","R","M","R","T","?","M","$","M","?","R"],"character_chosen":"DEFECT","items_purchased":["Coolheaded","Sunder","Cold Snap"],"campfire_rested":0,"item_purchase_floors":[2,2,12],"current_hp_per_floor":[69,69,58,45,45,45,35,35,35,28,28,28,27,27,27,27],"gold":56,"neow_bonus":"BOSS_RELIC","is_prod":false,"is_daily":false,"chose_seed":false,"campfire_upgraded":3,"win_rate":0,"timestamp":1531808209,"path_taken":["M","$","?","M","M","R","M","R","T","?","M","$","?","?","R","BOSS"],"build_version":"2018-07-13","purchased_purges":1,"victory":false,"max_hp_per_floor":[75,75,75,75,75,75,75,75,75,75,75,75,75,75,75,75],"card_choices":[{"not_picked":["Chill","Chaos"],"picked":"Streamline","floor":1},{"not_picked":["Sweeping Beam","Undo"],"picked":"Leap","floor":4},{"not_picked":["Darkness","Tempest"],"picked":"Leap","floor":5},{"not_picked":["Streamline","Coolheaded"],"picked":"White Noise","floor":7},{"not_picked":["Ball Lightning","Go for the Eyes"],"picked":"Beam Cell","floor":11},{"not_picked":["Stack","Consume"],"picked":"Chill","floor":13}],"player_experience":676403,"relics_obtained":[{"floor":9,"key":"Dream Catcher"}],"event_choices":[{"event_name":"World of Goop","player_choice":"Gather Gold","floor":3,"damage_taken":0},{"event_name":"Golden Wing","player_choice":"Card Removal","floor":10,"damage_taken":0},{"event_name":"FaceTrader","player_choice":"Trade","floor":14,"damage_taken":0}],"boss_relics":[],"items_purged_floors":[12],"is_endless":false,"potions_floor_spawned":[1,5,7,13],"killed_by":"Hexaghost","ascension_level":1}