{"gold_per_floor":[119,119,194,208,223,254,254,48,48,48,24,38,38,107,107,107],"floor_reached":16,"playtime":207,"items_purged":[],"score":98,"play_id":"ab92610e-56c3-4ad0-b85a-be0e2ce9f412","local_time":"20181227215932","is_ascension_mode":false,"campfire_choices":[{"floor":10,"key":"REST"},{"data":"Flex","floor":15,"key":"SMITH"}],"neow_cost":"NONE","seed_source_timestamp":6924697662052,"circlet_count":0,"master_deck":["Strike_R","Strike_R","Strike_R","Strike_R","Strike_R","Defend_R","Defend_R","Defend_R","Bash","Clash","Flex","Flex+1"],"relics":["Burning Blood","NeowsBlessing","Champion Belt","Incense Burner","Chemical X","Shuriken","Sundial"],"potions_floor_usage":[],"damage_taken":[{"damage":0,"enemies":"Jaw Worm","floor":1,"turns":1},{"damage":0,"enemies":"Small Slimes","floor":4,"turns":1},{"damage":0,"enemies":"2 Louse","floor":5,"turns":1},{"damage":44,"enemies":"Lagavulin","floor":6,"turns":6},{"damage":15,"enemies":"Lots of Slimes","floor":12,"turns":3},{"damage":53,"enemies":"Slime Boss","floor":16,"turns":11}],"seed_played":"-1350233960997865204","potions_obtained":[{"floor":12,"key":"Weak Potion"}],"is_trial":false,"path_per_floor":["M","?","?","M","M","E","?","$","T","R","$","M","$","T","R","B"],"character_chosen":"IRONCLAD","items_purchased":["Chemical X","Flex"],"campfire_rested":1,"item_purchase_floors":[8,11],"current_hp_per_floor":[80,73,62,68,74,36,36,36,36,60,60,51,51,51,51,0],"gold":107,"neow_bonus":"THREE_ENEMY_KILL","is_prod":false,"is_daily":false,"chose_seed":false,"campfire_upgraded":1,"win_rate":1,"timestamp":1545965972,"path_taken":["M","?","?","M","M","E","?","$","T","R","$","M","?","?","R","BOSS"],"build_version":"2018-12-20","purchased_purges":0,"victory":false,"max_hp_per_floor":[80,80,80,80,80,80,80,80,80,80,80,80,80,80,80,80],"card_choices":[{"not_picked":["Heavy Blade","Twin Strike"],"picked":"Clash","floor":1},{"not_picked":["Anger","Cleave"],"picked":"Flex","floor":12}],"player_experience":132954,"relics_obtained":[{"floor":6,"key":"Champion Belt"},{"floor":9,"key":"Shuriken"},{"floor":14,"key":"Sundial"}],"event_choices":[{"cards_removed":["Defend_R"],"damage_healed":0,"gold_gain":0,"player_choice":"Card Removal","damage_taken":7,"max_hp_gain":0,"max_hp_loss":0,"event_name":"Golden Wing","floor":2,"gold_loss":0},{"damage_healed":0,"gold_gain":75,"player_choice":"Gather Gold","damage_taken":11,"max_hp_gain":0,"max_hp_loss":0,"event_name":"World of Goop","floor":3,"gold_loss":0},{"damage_healed":0,"gold_gain":0,"player_choice":"Searched \u00271\u0027 times","damage_taken":0,"relics_obtained":["Incense Burner"],"max_hp_gain":0,"max_hp_loss":0,"event_name":"Dead Adventurer","floor":7,"gold_loss":0}],"is_beta":false,"boss_relics":[],"items_purged_floors":[],"is_endless":false,"potions_floor_spawned":[12],"killed_by":"Slime Boss","ascension_level":0}