{"gold_per_floor":[114,39,39,55,55,55,76,95,120,120,120,156,171,187,187,277,277,301,315,315,333,357,357,388,388,437,437,477,501,54,98,98,98],"floor_reached":33,"playtime":903,"items_purged":["Writhe","Doubt"],"score":537,"play_id":"ae186961-9ed1-46d8-acdf-1520ec3b62cd","local_time":"20180727173324","is_ascension_mode":true,"campfire_choices":[{"data":"Bash","floor":6.0,"key":"SMITH"},{"data":"Shrug It Off","floor":11.0,"key":"SMITH"},{"data":"Perfected Strike","floor":15.0,"key":"SMITH"},{"data":"Immolate","floor":23.0,"key":"SMITH"},{"data":"Power Through","floor":25.0,"key":"SMITH"},{"data":"Enlightenment","floor":32,"key":"SMITH"}],"neow_cost":"CURSE","seed_source_timestamp":321449985740053,"circlet_count":0,"master_deck":["Strike_R","Strike_R","Strike_R","Strike_R","Defend_R+1","Defend_R","Defend_R+1","Defend_R+1","Bash+1","AscendersBane","Carnage+1","Shrug It Off+1","Anger","Headbutt","Battle Trance","Perfected Strike+1","Immolate+1","Thunderclap","Power Through+1","Havoc","Shockwave","Flame Barrier+1","Perfected Strike","Havoc+1","Infernal Blade","Enlightenment+1","Evolve","Shrug It Off","Ghostly Armor","Shrug It Off"],"special_seed":0,"relics":["Burning Blood","Torii","Golden Idol","Bag of Marbles","War Paint","Red Skull","Cursed Key","Prayer Wheel","Orichalcum","Sundial","Omamori"],"potions_floor_usage":[],"damage_taken":[{"damage":7.0,"enemies":"Jaw Worm","floor":1.0,"turns":4.0},{"damage":8.0,"enemies":"2 Louse","floor":4.0,"turns":3.0},{"damage":0.0,"enemies":"Cultist","floor":7.0,"turns":2.0},{"damage":10.0,"enemies":"Large Slime","floor":8.0,"turns":2.0},{"damage":24.0,"enemies":"Lagavulin","floor":12.0,"turns":4.0},{"damage":0.0,"enemies":"3 Louse","floor":13.0,"turns":2.0},{"damage":0.0,"enemies":"Looter","floor":14.0,"turns":1.0},{"damage":19.0,"enemies":"Slime Boss","floor":16.0,"turns":7.0},{"damage":0.0,"enemies":"Chosen","floor":18.0,"turns":3.0},{"damage":14.0,"enemies":"Shell Parasite","floor":19.0,"turns":3.0},{"damage":2.0,"enemies":"Sentry and Sphere","floor":21.0,"turns":4.0},{"damage":0.0,"enemies":"Cultist and Chosen","floor":22.0,"turns":3.0},{"damage":7.0,"enemies":"Gremlin Leader","floor":24.0,"turns":5.0},{"damage":15.0,"enemies":"Slavers","floor":28.0,"turns":5.0},{"damage":0.0,"enemies":"Snecko","floor":29.0,"turns":3.0},{"damage":4,"enemies":"Book of Stabbing","floor":31,"turns":5},{"damage":79,"enemies":"Collector","floor":33,"turns":11}],"seed_played":"2830073151050503902","potions_obtained":[{"floor":1.0,"key":"PowerPotion"},{"floor":8.0,"key":"AttackPotion"},{"floor":12.0,"key":"Dexterity Potion"},{"floor":21.0,"key":"Weak Potion"},{"floor":28.0,"key":"Regen Potion"},{"floor":31,"key":"Explosive Potion"}],"is_trial":false,"path_per_floor":["M","$","?","M","?","R","M","M","T","?","R","E","M","M","R","B",null,"M","M","?","M","M","R","E","R","T","?","E","M","$","E","R"],"character_chosen":"IRONCLAD","items_purchased":["Enlightenment","Evolve","Shrug It Off","Ghostly Armor"],"campfire_rested":0,"item_purchase_floors":[30,30,30,30],"current_hp_per_floor":[67,67,44,42,42,42,48,44,44,44,44,26,32,38,38,25,57,63,55,55,59,65,65,64,64,64,64,55,61,61,63,63,0],"gold":98,"neow_bonus":"ONE_RARE_RELIC","is_prod":false,"is_daily":false,"chose_seed":false,"campfire_upgraded":6,"win_rate":0,"timestamp":1532738004,"path_taken":["M","$","?","M","?","R","M","M","T","?","R","E","M","M","R","BOSS","M","?","?","M","M","R","E","R","T","?","E","M","$","E","R","BOSS"],"build_version":"2018-07-26","purchased_purges":2,"victory":false,"max_hp_per_floor":[75,75,75,75,68,68,68,68,68,68,68,68,68,68,68,68,68,68,68,68,68,68,68,68,68,68,68,68,68,68,68,68,68],"card_choices":[{"not_picked":["Evolve","Clash"],"picked":"Carnage","floor":1.0},{"not_picked":["True Grit","Body Slam"],"picked":"Shrug It Off","floor":4.0},{"not_picked":["Havoc","Body Slam"],"picked":"Anger","floor":7.0},{"not_picked":["Shrug It Off","Armaments"],"picked":"Headbutt","floor":8.0},{"not_picked":["Burning Pact","Armaments"],"picked":"Battle Trance","floor":12.0},{"not_picked":["Anger","Entrench"],"picked":"Perfected Strike","floor":13.0},{"not_picked":["Double Tap","Limit Break"],"picked":"Immolate","floor":16.0},{"not_picked":["Warcry","Dropkick"],"picked":"Thunderclap","floor":18.0},{"not_picked":["Second Wind+1","Inflame"],"picked":"Power Through","floor":19.0},{"not_picked":["Rampage","Sword Boomerang"],"picked":"Havoc","floor":21.0},{"not_picked":["Twin Strike+1","Pommel Strike"],"picked":"Shockwave","floor":22.0},{"not_picked":["Feel No Pain","Cleave+1"],"picked":"Flame Barrier+1","floor":24.0},{"not_picked":["Exhume","Clothesline"],"picked":"Perfected Strike","floor":28.0},{"not_picked":["Body Slam","Dropkick"],"picked":"Havoc+1","floor":29.0},{"not_picked":["Anger","Sword Boomerang+1"],"picked":"Infernal Blade","floor":29.0},{"not_picked":["Feel No Pain","Iron Wave"],"picked":"Shrug It Off","floor":31}],"player_experience":696122,"relics_obtained":[{"floor":9.0,"key":"Bag of Marbles"},{"floor":12.0,"key":"Red Skull"},{"floor":24.0,"key":"Prayer Wheel"},{"floor":26.0,"key":"Orichalcum"},{"floor":28.0,"key":"Sundial"},{"floor":31,"key":"Omamori"}],"event_choices":[{"event_name":"Shining Light","player_choice":"Entered Light","floor":3.0,"damage_taken":0.0},{"event_name":"Golden Idol","player_choice":"Lose Max HP","floor":5.0,"damage_taken":0.0},{"event_name":"WeMeetAgain","player_choice":"Potion","floor":10.0,"damage_taken":0.0},{"event_name":"Bonfire Elementals","player_choice":"BASIC","floor":20.0,"damage_taken":0.0},{"event_name":"The Mausoleum","player_choice":"No","floor":27.0,"damage_taken":0.0}],"is_beta":true,"boss_relics":[{"not_picked":["Velvet Choker","Pandora\u0027s Box"],"picked":"Cursed Key"}],"items_purged_floors":[2,30],"is_endless":false,"potions_floor_spawned":[1,8,12,21,22,28,31],"killed_by":"Collector","ascension_level":15}