{"gold_per_floor":[117,117,135,11,11,11,29,41,41,55,55,90,101,111,111,212,262,282,242,259,273,292,292,3,3,26,41,59,59,74,74,74,171,171,190,190,190,0,10,10,23,23,46,46,46,9,9,9,9,9],"floor_reached":51,"playtime":2125,"items_purged":["Strike_B","Dualcast+1"],"score":674,"play_id":"c353314b-2494-490d-af8f-84ce93fa1dc3","local_time":"20181002144854","daily_mods":["Colorless Cards"],"is_ascension_mode":false,"campfire_choices":[{"data":"Dualcast","floor":6,"key":"SMITH"},{"data":"Steam","floor":11,"key":"SMITH"},{"data":"Double Energy","floor":15,"key":"SMITH"},{"data":"Redo","floor":23,"key":"SMITH"},{"data":"Beam Cell","floor":25,"key":"SMITH"},{"data":"Gash","floor":29,"key":"SMITH"},{"data":"Steam","floor":32,"key":"SMITH"},{"data":"Go for the Eyes","floor":40,"key":"SMITH"},{"data":"Dramatic Entrance","floor":42,"key":"SMITH"},{"data":"Flash of Steel","floor":47,"key":"SMITH"},{"data":"Zap","floor":49,"key":"SMITH"}],"neow_cost":"","seed_source_timestamp":0,"circlet_count":0,"master_deck":["Defend_B+1","Defend_B","Defend_B","Zap+1","Redo+1","Steam+1","Panacea","Go for the Eyes+1","Double Energy+1","Deep Breath","Steam+1","Redo+1","Streamline+1","Beam Cell+1","Steam+1","Gash+1","Dramatic Entrance+1","Sadistic Nature+1","Core Surge+1","Secret Technique+1","Panache+1","Redo+1","Flash of Steel+1","Zap+1"],"relics":["Unceasing Top","Frozen Egg 2","Sundial","Tiny House","Vajra","Art of War","Astrolabe","PreservedInsect"],"potions_floor_usage":[12,12,14,16,22,28,28,33,39],"damage_taken":[{"damage":5,"enemies":"Small Slimes","floor":1,"turns":3},{"damage":1,"enemies":"Cultist","floor":3,"turns":3},{"damage":0,"enemies":"Jaw Worm","floor":7,"turns":2},{"damage":0,"enemies":"Looter","floor":8,"turns":3},{"damage":8,"enemies":"Lots of Slimes","floor":10,"turns":4},{"damage":14,"enemies":"3 Sentries","floor":12,"turns":8},{"damage":1,"enemies":"Exordium Wildlife","floor":13,"turns":4},{"damage":0,"enemies":"Gremlin Gang","floor":14,"turns":3},{"damage":19,"enemies":"Hexaghost","floor":16,"turns":13},{"damage":0,"enemies":"Chosen","floor":18,"turns":4},{"damage":2,"enemies":"Shell Parasite","floor":20,"turns":5},{"damage":15,"enemies":"Shelled Parasite and Fungi","floor":21,"turns":8},{"damage":0,"enemies":"3 Cultists","floor":22,"turns":4},{"damage":0,"enemies":"Snake Plant","floor":27,"turns":3},{"damage":1,"enemies":"Sentry and Sphere","floor":28,"turns":5},{"damage":2,"enemies":"Centurion and Healer","floor":30,"turns":4},{"damage":11,"enemies":"Collector","floor":33,"turns":6},{"damage":0,"enemies":"Orb Walker","floor":35,"turns":1},{"damage":3,"enemies":"3 Shapes","floor":39,"turns":3},{"damage":0,"enemies":"Maw","floor":41,"turns":2},{"damage":3,"enemies":"Donu and Deca","floor":50,"turns":5}],"seed_played":"-7238408758657008031","potions_obtained":[{"floor":3,"key":"GamblersBrew"},{"floor":7,"key":"SkillPotion"},{"floor":8,"key":"AttackPotion"},{"floor":10,"key":"Strength Potion"},{"floor":13,"key":"Dexterity Potion"},{"floor":17,"key":"Regen Potion"},{"floor":20,"key":"SneckoOil"},{"floor":21,"key":"AttackPotion"},{"floor":22,"key":"Regen Potion"},{"floor":27,"key":"Swift Potion"},{"floor":33,"key":"Fire Potion"},{"floor":39,"key":"Regen Potion"}],"is_trial":true,"path_per_floor":["M","?","M","$","?","R","M","M","T","M","R","E","M","M","R","B",null,"M","?","M","M","M","R","$","R","T","M","M","R","M","?","R","B",null,"M","?","?","$","M","R","M","R","T","?","?","$","R","?","R","B"],"character_chosen":"DEFECT","items_purchased":["Steam","Gash","Vajra","Panache+1","Flash of Steel"],"campfire_rested":0,"item_purchase_floors":[4,24,24,38,46],"current_hp_per_floor":[70,70,69,69,69,69,69,69,69,61,61,47,46,46,46,27,80,80,80,78,63,63,63,63,63,63,63,62,62,60,60,60,63,80,80,80,80,80,77,77,77,77,77,77,76,76,76,76,76,73],"gold":9,"neow_bonus":"","is_prod":false,"is_daily":false,"chose_seed":false,"campfire_upgraded":11,"win_rate":0,"timestamp":1538484534,"path_taken":["M","?","M","$","?","R","M","?","T","M","R","E","M","?","R","BOSS","M","?","M","M","M","R","$","R","T","M","M","R","M","?","R","BOSS","M","?","?","$","?","R","M","R","T","?","?","$","R","?","R","BOSS"],"build_version":"2018-09-27","purchased_purges":2,"victory":true,"max_hp_per_floor":[75,75,75,75,75,75,75,75,75,75,75,75,75,75,75,75,80,80,80,80,80,80,80,80,80,80,80,80,80,80,80,80,80,80,80,80,80,80,80,80,80,80,80,80,76,76,76,76,76,76],"card_choices":[{"not_picked":["Conserve Battery","Cold Snap","Leap"],"picked":"SKIP","floor":1},{"not_picked":["Streamline","Stack"],"picked":"Redo","floor":3},{"not_picked":["Blizzard","Redo"],"picked":"Panacea","floor":7},{"not_picked":["Finesse","Leap"],"picked":"Go for the Eyes","floor":8},{"not_picked":["Defragment+1","Conserve Battery","Streamline"],"picked":"SKIP","floor":10},{"not_picked":["Mayhem+1","Sweeping Beam"],"picked":"Double Energy","floor":12},{"not_picked":["Ball Lightning","Bandage Up"],"picked":"Deep Breath","floor":13},{"not_picked":["Rebound","Sweeping Beam"],"picked":"Steam","floor":14},{"not_picked":["Rebound","Hologram"],"picked":"Redo","floor":17},{"not_picked":["Rebound","Leap+1"],"picked":"Streamline+1","floor":18},{"not_picked":["Sweeping Beam+1","Redo","Cold Snap"],"picked":"SKIP","floor":20},{"not_picked":["Defragment+1","Conserve Battery"],"picked":"Beam Cell","floor":21},{"not_picked":["Sweeping Beam","Static Discharge+1"],"picked":"Steam","floor":22},{"not_picked":["Magnetism+1","Self Repair+1","Lockon"],"picked":"SKIP","floor":27},{"not_picked":["Beam Cell","Melter+1"],"picked":"Dramatic Entrance","floor":28},{"not_picked":["Hello World+1","White Noise","Cold Snap+1"],"picked":"SKIP","floor":30},{"not_picked":["The Bomb","Rainbow"],"picked":"Sadistic Nature+1","floor":33},{"not_picked":["Redo","Barrage","Cold Snap+1"],"picked":"SKIP","floor":35},{"not_picked":["Force Field+1","Melter","Enlightenment"],"picked":"SKIP","floor":39},{"not_picked":["Ball Lightning","Madness"],"picked":"Redo+1","floor":41}],"player_experience":780981,"relics_obtained":[{"floor":9,"key":"Frozen Egg 2"},{"floor":12,"key":"Sundial"},{"floor":26,"key":"Art of War"},{"floor":43,"key":"PreservedInsect"}],"event_choices":[{"event_name":"Upgrade Shrine","player_choice":"Upgraded","floor":2,"damage_taken":0},{"event_name":"Living Wall","player_choice":"Grow","floor":5,"damage_taken":0},{"event_name":"Designer","player_choice":"Upgrade 2 Random Cards","floor":19,"damage_taken":0},{"event_name":"Falling","player_choice":"Removed Skill","floor":36,"damage_taken":0},{"event_name":"Tomb of Lord Red Mask","player_choice":"Ignored","floor":37,"damage_taken":0},{"event_name":"Bonfire Elementals","player_choice":"BASIC","floor":44,"damage_taken":0},{"event_name":"Winding Halls","player_choice":"Max HP","floor":45,"damage_taken":0},{"event_name":"Match and Keep!","player_choice":"1 cards matched","floor":48,"damage_taken":0}],"is_beta":false,"boss_relics":[{"not_picked":["Cursed Key","Pandora\u0027s Box"],"picked":"Tiny House"},{"not_picked":["Runic Pyramid","White Beast Statue"],"picked":"Astrolabe"}],"items_purged_floors":[4,24],"is_endless":false,"potions_floor_spawned":[3,7,8,10,13,20,21,22,27,33,39],"ascension_level":0}