{"path_per_floor":["M","?","$","M","?","R","M","R","T","M","R","M","M","?","R","B",null,"M","?","M","M","$","R","?","R","T","M","$","M","M","$","R","B",null,"M","M","?","?","M","R","M","M","T","?","M","M","$","M","R","B"],"character_chosen":"IRONCLAD","items_purchased":["Heavy Blade"],"gold_per_floor":[114,64,64,79,79,79,94,94,94,109,109,124,139,139,139,239,239,254,254,269,284,155,155,155,155,155,170,70,85,100,100,100,200,200,215,230,230,230,245,245,260,275,275,275,290,305,305,320,320,320],"floor_reached":51,"campfire_rested":1,"playtime":1864,"current_hp_per_floor":[79,79,79,71,77,77,77,77,83,80,80,78,76,73,73,77,98,81,81,88,82,82,82,82,82,82,71,71,66,64,64,96,85,108,107,106,106,106,104,104,100,94,100,100,91,88,88,80,80,63],"items_purged":["Evolve","Strike_R"],"gold":320,"score":870,"play_id":"84d0a0d5-3da5-4144-aa84-7f5b177dd06c","local_time":"20180314114023","daily_mods":["Diverse","Cursed Run","Vintage"],"is_prod":false,"is_daily":true,"is_ascension_mode":false,"campfire_upgraded":2,"timestamp":1521024023,"path_taken":["M","?","$","M","?","R","M","R","T","M","R","M","M","?","R","BOSS","M","?","M","M","?","R","?","R","T","M","$","?","M","?","R","BOSS","M","M","?","?","M","R","M","M","T","?","M","M","$","M","R","BOSS"],"build_version":"2018-03-09","purchased_purges":3,"victory":true,"master_deck":["Strike_R+1","Strike_R","Strike_R","Bash+1","Blur+1","Regret","Pain","Injury","Bludgeon+1","Immolate+1","Rupture+1","Heavy Blade+1","Flex+1","Headbutt","Shockwave+1","Injury","Combust","Injury"],"max_hp_per_floor":[80,80,80,80,86,86,86,86,92,92,92,92,92,92,92,98,98,98,98,108,108,108,108,108,108,108,108,108,108,108,108,108,108,108,108,108,108,108,108,108,108,108,114,114,114,114,114,114,114,120],"relics":["Cursed Key","Darkstone Periapt","Du-Vu Doll","Toxic Egg 2","Oddly Smooth Stone","Champion Belt","Shovel","Blue Candle","Anchor","Prayer Wheel","Toolbox","Kunai","Mercury Hourglass","Girya","Pen Nib","Astrolabe","Omamori","Meat on the Bone","Pear","War Paint","Bottled Tornado","Charon\u0027s Ashes","Thread and Needle","Vajra","Matryoshka","Orrery","Sundial","Shuriken","Whetstone","Ice Cream","Mummified Hand","Juzu Bracelet","Gambling Chip","The Courier","Dead Branch","Bottled Flame","Frozen Egg 2"],"card_choices":[{"not_picked":["Dark Embrace","Barricade"],"picked":"Bludgeon"},{"not_picked":["Sever Soul","Body Slam"],"picked":"Flex"},{"not_picked":["Searing Blow","Seeing Red"],"picked":"Headbutt"},{"not_picked":["Sword Boomerang","Fiend Fire"],"picked":"Shockwave"}],"player_experience":150677,"potions_floor_usage":[16,33,50,50,50],"damage_taken":[{"damage":1,"enemies":"2 Louse","floor":1,"turns":3},{"damage":8,"enemies":"Small Slimes","floor":4,"turns":3},{"damage":0,"enemies":"Jaw Worm","floor":7,"turns":2},{"damage":3,"enemies":"Looter","floor":10,"turns":2},{"damage":2,"enemies":"Large Slime","floor":12,"turns":5},{"damage":2,"enemies":"Blue Slaver","floor":13,"turns":2},{"damage":2,"enemies":"Slime Boss","floor":16,"turns":6},{"damage":17,"enemies":"3 Byrds","floor":18,"turns":3},{"damage":3,"enemies":"Spheric Guardian","floor":20,"turns":2},{"damage":6,"enemies":"Centurion and Healer","floor":21,"turns":4},{"damage":11,"enemies":"Sentry and Sphere","floor":27,"turns":3},{"damage":5,"enemies":"Snecko","floor":29,"turns":2},{"damage":2,"enemies":"Snake Plant","floor":30,"turns":2},{"damage":11,"enemies":"Automaton","floor":33,"turns":3},{"damage":1,"enemies":"Orb Walker","floor":35,"turns":2},{"damage":1,"enemies":"3 Shapes","floor":36,"turns":2},{"damage":6,"enemies":"3 Darklings","floor":39,"turns":2},{"damage":4,"enemies":"Maw","floor":41,"turns":4},{"damage":6,"enemies":"4 Shapes","floor":42,"turns":3},{"damage":9,"enemies":"3 Darklings","floor":45,"turns":2},{"damage":3,"enemies":"Sphere and 2 Shapes","floor":46,"turns":2},{"damage":8,"enemies":"4 Shapes","floor":48,"turns":2},{"damage":41,"enemies":"Awakened One","floor":50,"turns":4}],"event_choices":[{"event_name":"The Cleric","player_choice":"Card Removal","floor":2,"damage_taken":0},{"event_name":"Big Fish","player_choice":"Box","floor":5,"damage_taken":0},{"event_name":"Scrap Ooze","player_choice":"success","floor":14,"damage_taken":3},{"event_name":"The Mausoleum","player_choice":"Yes","floor":19,"damage_taken":0},{"event_name":"The Woman in Blue","player_choice":"Bought 0 Potions","floor":24,"damage_taken":0},{"event_name":"Fountain of Cleansing","player_choice":"Ignored","floor":37,"damage_taken":0},{"event_name":"Purifier","player_choice":"One Purge","floor":38,"damage_taken":0},{"event_name":"Transmorgrifier","player_choice":"Transform","floor":44,"damage_taken":0}],"boss_relics":[{"not_picked":["Runic Dome","Sozu"],"picked":"Astrolabe"},{"not_picked":["Tiny House","Black Star"],"picked":"Orrery"}],"potions_floor_spawned":[1,7,13,21,30,39,46],"seed_played":"2308081983426786839","ascension_level":0,"is_trial":false}