{"gold_per_floor":[114,129,24,37,51,84,84,99,169,169,181,239,252,252,252,356,356,372,372,11,11,26,26,40,40,40,75,175,175,189,189],"floor_reached":31,"playtime":1437,"items_purged":["Decay"],"score":257,"play_id":"2833a1f2-6e50-476a-82bf-f3ceef34a978","local_time":"20190121205546","is_ascension_mode":false,"campfire_choices":[{"floor":7,"key":"RECALL"},{"data":"Spot Weakness","floor":10,"key":"SMITH"},{"data":"Iron Wave","floor":15,"key":"SMITH"},{"floor":23,"key":"REST"},{"data":"Infernal Blade","floor":25,"key":"SMITH"}],"neow_cost":"NONE","seed_source_timestamp":99997887367155,"circlet_count":0,"master_deck":["Strike_R","Strike_R","Strike_R","Strike_R","Strike_R","Defend_R","Defend_R","Defend_R","Defend_R","Bash+1","Twin Strike","Inflame","Whirlwind","Battle Trance","Spot Weakness","Spot Weakness+1","Perfected Strike","Clash","Headbutt","Iron Wave+1","Demon Form","Anger","Discovery+1","Feel No Pain","Infernal Blade+1","Shrug It Off+1","Writhe","Warcry","Cleave+1","Infernal Blade+1","Anger+1"],"relics":["Burning Blood","NeowsBlessing","Shuriken","Cursed Key","Blue Candle","Lantern","Singing Bowl","Charon\u0027s Ashes","WingedGreaves","Bottled Flame"],"potions_floor_usage":[6,11,16,24,28,31],"damage_taken":[{"damage":0,"enemies":"Cultist","floor":1,"turns":1},{"damage":0,"enemies":"Jaw Worm","floor":2,"turns":1},{"damage":0,"enemies":"Small Slimes","floor":4,"turns":1},{"damage":6,"enemies":"Red Slaver","floor":5,"turns":3},{"damage":36,"enemies":"Lagavulin","floor":6,"turns":5},{"damage":0,"enemies":"3 Louse","floor":8,"turns":1},{"damage":3,"enemies":"Lots of Slimes","floor":11,"turns":3},{"damage":0,"enemies":"Exordium Wildlife","floor":13,"turns":2},{"damage":31,"enemies":"The Guardian","floor":16,"turns":8},{"damage":23,"enemies":"Shell Parasite","floor":18,"turns":3},{"damage":20,"enemies":"2 Thieves","floor":22,"turns":3},{"damage":10,"enemies":"Cultist and Chosen","floor":24,"turns":5},{"damage":5,"enemies":"Gremlin Leader","floor":27,"turns":5},{"damage":17,"enemies":"Colosseum Slavers","floor":28,"turns":4},{"damage":36,"enemies":"Colosseum Nobs","floor":28,"turns":5},{"damage":21,"enemies":"Snake Plant","floor":30,"turns":3},{"damage":9,"enemies":"Centurion and Healer","floor":31,"turns":3}],"seed_played":"7661071770158967350","potions_obtained":[{"floor":4,"key":"Explosive Potion"},{"floor":8,"key":"Poison Potion"},{"floor":11,"key":"SkillPotion"},{"floor":16,"key":"FearPotion"},{"floor":24,"key":"Poison Potion"},{"floor":30,"key":"SpeedPotion"}],"is_trial":false,"path_per_floor":["M","M","$","M","M","E","R","M","T","R","M","?","M","?","R","B",null,"M","T","$","?","M","R","M","R","T","E","?","?","M","M"],"character_chosen":"IRONCLAD","items_purchased":["Whirlwind","Battle Trance","Discovery","Feel No Pain","Lantern"],"campfire_rested":1,"item_purchase_floors":[3,3,20,20,20],"current_hp_per_floor":[80,80,80,80,80,50,50,56,56,56,59,59,65,65,65,40,80,63,63,63,63,49,73,69,69,69,70,29,29,14,5],"gold":189,"neow_bonus":"THREE_ENEMY_KILL","is_prod":false,"is_daily":false,"chose_seed":false,"campfire_upgraded":3,"win_rate":0,"timestamp":1548057346,"path_taken":["M","M","$","?","M","E","R","M","T","R","M","?","M","?","R","BOSS","M","?","$","?","M","R","?","R","T","E","?","?","M","?"],"build_version":"2019-01-17v2","purchased_purges":1,"victory":false,"max_hp_per_floor":[80,80,80,80,80,80,80,80,80,80,80,80,80,80,80,80,80,80,80,80,80,80,80,80,80,80,80,80,80,80,80],"card_choices":[{"not_picked":["True Grit","Havoc"],"picked":"Twin Strike","floor":1},{"not_picked":["Havoc","Body Slam"],"picked":"Inflame","floor":2},{"not_picked":["Clothesline","Bludgeon"],"picked":"Spot Weakness","floor":4},{"not_picked":["Clothesline","Whirlwind"],"picked":"Spot Weakness","floor":5},{"not_picked":["Warcry","Ghostly Armor"],"picked":"Perfected Strike","floor":6},{"not_picked":["Reckless Charge","Shrug It Off"],"picked":"Clash","floor":8},{"not_picked":["Rage","Berserk"],"picked":"Headbutt","floor":11},{"not_picked":["Feel No Pain","Rupture"],"picked":"Iron Wave","floor":13},{"not_picked":["Bludgeon","Berserk"],"picked":"Demon Form","floor":16},{"not_picked":["Second Wind+1","Wild Strike"],"picked":"Anger","floor":18},{"not_picked":["Clothesline","Body Slam"],"picked":"Infernal Blade","floor":22},{"not_picked":["Carnage+1","Thunderclap"],"picked":"Shrug It Off+1","floor":24},{"not_picked":["Pommel Strike","Twin Strike"],"picked":"Warcry","floor":27},{"not_picked":["Spot Weakness+1","Sword Boomerang"],"picked":"Cleave+1","floor":28},{"not_picked":["Offering","Iron Wave"],"picked":"Anger+1","floor":30}],"player_experience":582119,"relics_obtained":[{"floor":6,"key":"Shuriken"},{"floor":19,"key":"Blue Candle"},{"floor":26,"key":"Singing Bowl"},{"floor":27,"key":"Charon\u0027s Ashes"},{"floor":28,"key":"WingedGreaves"},{"floor":28,"key":"Bottled Flame"}],"event_choices":[{"damage_healed":0,"gold_gain":58,"player_choice":"Gained Gold","damage_taken":0,"max_hp_gain":0,"max_hp_loss":0,"event_name":"Golden Wing","floor":12,"gold_loss":0},{"damage_healed":0,"gold_gain":0,"player_choice":"Upgraded","damage_taken":0,"max_hp_gain":0,"max_hp_loss":0,"event_name":"Upgrade Shrine","floor":14,"gold_loss":0,"cards_upgraded":["Bash"]},{"damage_healed":0,"gold_gain":0,"player_choice":"Forge","damage_taken":0,"max_hp_gain":0,"max_hp_loss":0,"event_name":"Accursed Blacksmith","floor":21,"gold_loss":0,"cards_upgraded":["Discovery"]},{"damage_healed":0,"gold_gain":0,"player_choice":"Fight","damage_taken":0,"max_hp_gain":0,"max_hp_loss":0,"event_name":"Colosseum","floor":28,"gold_loss":0},{"damage_healed":0,"gold_gain":0,"player_choice":"Fought Nobs","damage_taken":0,"max_hp_gain":0,"max_hp_loss":0,"event_name":"Colosseum","floor":28,"gold_loss":0},{"damage_healed":0,"gold_gain":0,"player_choice":"Copied","damage_taken":0,"max_hp_gain":0,"max_hp_loss":0,"event_name":"Duplicator","floor":29,"gold_loss":0,"cards_obtained":["Infernal Blade"]}],"is_beta":false,"boss_relics":[{"not_picked":["Runic Dome","Runic Pyramid"],"picked":"Cursed Key"}],"items_purged_floors":[20],"is_endless":false,"potions_floor_spawned":[4,8,11,16,24,28,30],"killed_by":"Centurion and Healer","ascension_level":0}