{"gold_per_floor":[116,131,81,81,81,97,97,22,22,36,48,64,64,81,81,179,179,193,210,210,226,241,241,241],"floor_reached":24,"playtime":975,"items_purged":["Regret"],"score":192,"play_id":"8baca9f0-eb9f-4bdc-8756-c6887bb946f7","local_time":"20190128202532","is_ascension_mode":false,"campfire_choices":[{"data":"Infernal Blade","floor":13,"key":"SMITH"},{"data":"Bash","floor":15,"key":"SMITH"},{"floor":23,"key":"REST"}],"neow_cost":"NONE","seed_source_timestamp":373835023472,"circlet_count":0,"master_deck":["Strike_R","Strike_R","Strike_R","Strike_R","Defend_R","Defend_R","Defend_R","Bash+1","Clothesline","Infernal Blade+1","Reaper","Dropkick","Cleave","Headbutt","Ghostly Armor","Uppercut","Demon Form","Clash","Uppercut+1","Panacea","Sever Soul"],"relics":["Burning Blood","Juzu Bracelet","Blue Candle","Bottled Lightning","Busted Crown"],"potions_floor_usage":[10,16,16,19,19,21,24],"damage_taken":[{"damage":0,"enemies":"Small Slimes","floor":1,"turns":3},{"damage":3,"enemies":"Jaw Worm","floor":2,"turns":3},{"damage":0,"enemies":"2 Louse","floor":6,"turns":2},{"damage":18,"enemies":"Large Slime","floor":10,"turns":6},{"damage":11,"enemies":"Red Slaver","floor":11,"turns":4},{"damage":29,"enemies":"Gremlin Gang","floor":12,"turns":4},{"damage":0,"enemies":"Large Slime","floor":14,"turns":4},{"damage":25,"enemies":"Slime Boss","floor":16,"turns":9},{"damage":20,"enemies":"Spheric Guardian","floor":18,"turns":4},{"damage":7,"enemies":"Chosen","floor":19,"turns":5},{"damage":13,"enemies":"Sentry and Sphere","floor":21,"turns":4},{"damage":31,"enemies":"Snake Plant","floor":22,"turns":4},{"damage":60,"enemies":"Book of Stabbing","floor":24,"turns":4}],"seed_played":"2229538153204284834","potions_obtained":[{"floor":1,"key":"Poison Potion"},{"floor":12,"key":"Energy Potion"},{"floor":14,"key":"SkillPotion"},{"floor":16,"key":"SpeedPotion"},{"floor":18,"key":"PowerPotion"},{"floor":19,"key":"Block Potion"},{"floor":22,"key":"FearPotion"}],"is_trial":false,"path_per_floor":["M","M","?","?","T","M","?","$","T","M","M","M","R","M","R","B",null,"M","M","?","M","M","R","E"],"character_chosen":"IRONCLAD","items_purchased":[],"campfire_rested":1,"item_purchase_floors":[],"current_hp_per_floor":[80,80,80,80,80,80,80,80,80,72,71,54,54,65,65,54,80,66,71,55,48,29,53,0],"gold":241,"neow_bonus":"RANDOM_COMMON_RELIC","is_prod":false,"is_daily":false,"chose_seed":false,"campfire_upgraded":2,"win_rate":0,"timestamp":1548660332,"path_taken":["M","M","?","?","?","M","?","?","T","M","M","M","R","M","R","BOSS","M","M","?","M","M","R","E"],"build_version":"2019-01-23","purchased_purges":1,"victory":false,"max_hp_per_floor":[80,80,80,80,80,80,80,80,80,80,80,80,80,80,80,80,80,80,80,80,80,80,80,80],"card_choices":[{"not_picked":["Twin Strike","Thunderclap"],"picked":"Clothesline","floor":1},{"not_picked":["Flex","Clash"],"picked":"Infernal Blade","floor":2},{"not_picked":["Body Slam","Bloodletting"],"picked":"Dropkick","floor":6},{"not_picked":["Ghostly Armor","Havoc"],"picked":"Cleave","floor":10},{"not_picked":["Havoc","Anger"],"picked":"Headbutt","floor":11},{"not_picked":["Battle Trance","Perfected Strike"],"picked":"Ghostly Armor","floor":12},{"not_picked":["Iron Wave","Twin Strike"],"picked":"Uppercut","floor":14},{"not_picked":["Juggernaut","Feed"],"picked":"Demon Form","floor":16},{"not_picked":[],"picked":"Clash","floor":18},{"not_picked":[],"picked":"Uppercut+1","floor":19},{"not_picked":[],"picked":"Sever Soul","floor":21},{"not_picked":["Uppercut"],"picked":"SKIP","floor":22}],"player_experience":600217,"relics_obtained":[{"floor":9,"key":"Bottled Lightning"}],"event_choices":[{"cards_removed":["Strike_R"],"damage_healed":0,"gold_gain":0,"player_choice":"Card Removal","damage_taken":0,"max_hp_gain":0,"max_hp_loss":0,"event_name":"The Cleric","floor":3,"gold_loss":50},{"damage_healed":0,"gold_gain":0,"cards_transformed":["Defend_R"],"player_choice":"Change","damage_taken":0,"max_hp_gain":0,"max_hp_loss":0,"event_name":"Living Wall","floor":4,"gold_loss":0,"cards_obtained":["Reaper"]},{"damage_healed":0,"gold_gain":0,"player_choice":"Box","damage_taken":0,"relics_obtained":["Blue Candle"],"max_hp_gain":0,"max_hp_loss":0,"event_name":"Big Fish","floor":7,"gold_loss":0,"cards_obtained":["Regret"]},{"damage_healed":0,"gold_gain":0,"player_choice":"CARD ","damage_taken":16,"max_hp_gain":0,"max_hp_loss":0,"event_name":"Knowing Skull","floor":20,"potions_obtained":[],"gold_loss":0,"cards_obtained":["Panacea"]}],"is_beta":false,"boss_relics":[{"not_picked":["Calling Bell","Orrery"],"picked":"Busted Crown"}],"items_purged_floors":[8],"is_endless":false,"potions_floor_spawned":[1,12,14,16,18,19,22],"killed_by":"Book of Stabbing","ascension_level":0}