{"gold_per_floor":[116,41,57,57,29,58,58,91,91,102,102,137,152,152,152,227,227,247,58,74,88,101,101,132,132,155,155,155,155],"floor_reached":29,"playtime":1019,"items_purged":["Strike_B","Defend_B"],"score":672,"play_id":"e18705e2-a517-4e5c-9916-4e53f9033464","local_time":"20181224201001","is_ascension_mode":true,"campfire_choices":[{"data":"Defragment","floor":7.0,"key":"SMITH"},{"data":"Go for the Eyes","floor":11.0,"key":"SMITH"},{"data":"Defragment","floor":15.0,"key":"SMITH"},{"floor":23.0,"key":"REST"},{"floor":25,"key":"REST"}],"neow_cost":"NONE","seed_source_timestamp":23613031874653,"circlet_count":0,"master_deck":["AscendersBane","Strike_B","Strike_B","Defend_B","Defend_B","Defend_B","Zap","Dualcast","Auto Shields","Defragment+1","Seek","Go for the Eyes+1","Doom and Gloom","Rebound","Coolheaded","Defragment+1","Cold Snap","Buffer","Gash","BootSequence","Hologram"],"special_seed":0,"relics":["Cracked Core","NeowsBlessing","Darkstone Periapt","Pear","Shuriken","Happy Flower","Pantograph","Eternal Feather","Potion Belt","Oddly Smooth Stone"],"potions_floor_usage":[24],"damage_taken":[{"damage":0.0,"enemies":"Cultist","floor":1.0,"turns":1.0},{"damage":0.0,"enemies":"Jaw Worm","floor":3.0,"turns":1.0},{"damage":0.0,"enemies":"3 Sentries","floor":6.0,"turns":2.0},{"damage":26.0,"enemies":"Gremlin Nob","floor":8.0,"turns":4.0},{"damage":7.0,"enemies":"Small Slimes","floor":10.0,"turns":3.0},{"damage":1.0,"enemies":"Lagavulin","floor":12.0,"turns":6.0},{"damage":10.0,"enemies":"Gremlin Gang","floor":13.0,"turns":6.0},{"damage":0.0,"enemies":"The Guardian","floor":16.0,"turns":10.0},{"damage":15.0,"enemies":"2 Thieves","floor":18.0,"turns":5.0},{"damage":10.0,"enemies":"Shell Parasite","floor":20.0,"turns":7.0},{"damage":4.0,"enemies":"Centurion and Healer","floor":21.0,"turns":8.0},{"damage":8.0,"enemies":"Cultist and Chosen","floor":22.0,"turns":7.0},{"damage":67,"enemies":"Book of Stabbing","floor":24,"turns":8},{"damage":20,"enemies":"Chosen and Byrds","floor":29,"turns":5}],"seed_played":"-7739663415057272978","potions_obtained":[{"floor":6.0,"key":"SteroidPotion"},{"floor":10.0,"key":"Strength Potion"},{"floor":16.0,"key":"Swift Potion"},{"floor":18.0,"key":"Strength Potion"},{"floor":22.0,"key":"Swift Potion"},{"floor":24,"key":"SteroidPotion"}],"is_trial":false,"path_per_floor":["M","$","M","?","$","E","R","E","T","M","R","E","M","?","R","B",null,"M","$","M","M","M","R","E","R","T","?","?","M"],"character_chosen":"DEFECT","items_purchased":["Go for the Eyes","BootSequence"],"campfire_rested":2,"item_purchase_floors":[5,19],"current_hp_per_floor":[64,64,64,64,64,64,64,48,48,41,41,40,30,30,30,55,75,60,60,50,46,38,74,7,43,43,20,20,0],"gold":155,"neow_bonus":"THREE_ENEMY_KILL","is_prod":false,"is_daily":false,"chose_seed":false,"campfire_upgraded":3,"win_rate":0,"timestamp":1545649801,"path_taken":["M","$","?","?","$","E","R","E","T","?","R","E","M","?","R","BOSS","M","$","?","M","M","R","E","R","T","?","?","?"],"build_version":"2018-12-20","purchased_purges":2,"victory":false,"max_hp_per_floor":[71,71,71,71,71,71,71,81,81,81,81,81,81,81,81,81,81,81,81,81,81,81,81,81,81,81,86,86,86],"card_choices":[{"not_picked":["Turbo","Skim"],"picked":"Auto Shields","floor":1.0},{"not_picked":["Go for the Eyes","Double Energy"],"picked":"Defragment","floor":3.0},{"not_picked":["Melter","Redo"],"picked":"Doom and Gloom","floor":6.0},{"not_picked":["Steam","Chaos"],"picked":"Rebound","floor":8.0},{"not_picked":["Turbo","Go for the Eyes"],"picked":"Coolheaded","floor":10.0},{"not_picked":["Buffer","Sweeping Beam"],"picked":"Defragment","floor":12.0},{"not_picked":["Coolheaded","Turbo"],"picked":"Cold Snap","floor":13.0},{"not_picked":["Reboot","Amplify"],"picked":"Buffer","floor":16.0},{"not_picked":["Rebound","Leap"],"picked":"Gash","floor":18.0},{"not_picked":["Redo","Aggregate+1"],"picked":"Hologram","floor":20.0},{"not_picked":["Cold Snap","Turbo","Conserve Battery"],"picked":"SKIP","floor":21.0},{"not_picked":["Hologram","Sunder","Gash"],"picked":"SKIP","floor":22.0},{"not_picked":["Aggregate+1","Melter","Machine Learning"],"picked":"SKIP","floor":24}],"player_experience":836625,"relics_obtained":[{"floor":6.0,"key":"Darkstone Periapt"},{"floor":8.0,"key":"Pear"},{"floor":9.0,"key":"Shuriken"},{"floor":12.0,"key":"Happy Flower"},{"floor":24,"key":"Potion Belt"},{"floor":26,"key":"Oddly Smooth Stone"}],"event_choices":[{"damage_healed":0.0,"max_hp_gain":0.0,"max_hp_loss":0.0,"gold_gain":0.0,"cards_transformed":["Strike_B"],"event_name":"Transmorgrifier","player_choice":"Transformed","floor":4.0,"gold_loss":0.0,"damage_taken":0.0,"cards_obtained":["Seek"]},{"damage_healed":0.0,"max_hp_gain":0.0,"max_hp_loss":0.0,"gold_gain":0.0,"event_name":"WeMeetAgain","player_choice":"Gave Potion","floor":14.0,"gold_loss":0.0,"damage_taken":0.0,"relics_obtained":["Pantograph"]},{"damage_healed":0,"gold_gain":0,"player_choice":"Shed Blood","damage_taken":28,"max_hp_gain":5,"max_hp_loss":0,"event_name":"Forgotten Altar","floor":27,"gold_loss":0},{"damage_healed":0,"gold_gain":0,"player_choice":"0 cards matched","damage_taken":0,"max_hp_gain":0,"max_hp_loss":0,"event_name":"Match and Keep!","floor":28,"gold_loss":0,"cards_obtained":[]}],"is_beta":false,"boss_relics":[{"not_picked":["Runic Dome","Coffee Dripper"],"picked":"Eternal Feather"}],"items_purged_floors":[2,19],"is_endless":false,"potions_floor_spawned":[6,10,12,16,18,20,22,24],"killed_by":"Chosen and Byrds","ascension_level":20}