{"gold_per_floor":[111,111,124,143,157,157,82,93,138,172,172,191,222,242,242,242],"floor_reached":16,"playtime":531,"items_purged":["Defend_B"],"score":228,"play_id":"a4f2525f-d396-4667-aa74-84ceb3a05c45","local_time":"20181219224242","is_ascension_mode":true,"campfire_choices":[{"data":"Sunder","floor":6.0,"key":"SMITH"},{"floor":11.0,"key":"REST"},{"floor":15,"key":"REST"}],"neow_cost":"NONE","seed_source_timestamp":37701779444526,"circlet_count":0,"master_deck":["AscendersBane","Strike_B","Strike_B","Strike_B","Defend_B","Defend_B","Defend_B","Zap","Dualcast","Sunder+1","Turbo+1","Skim+1","Chill+1","Recycle+1","Leap+1","Coolheaded+1","Genetic Algorithm+1","Ball Lightning"],"special_seed":0,"relics":["Cracked Core","Toxic Egg 2","Vajra","Potion Belt","Orichalcum"],"potions_floor_usage":[13],"damage_taken":[{"damage":2.0,"enemies":"2 Louse","floor":1.0,"turns":3.0},{"damage":0.0,"enemies":"Small Slimes","floor":3.0,"turns":2.0},{"damage":6.0,"enemies":"Cultist","floor":4.0,"turns":3.0},{"damage":13.0,"enemies":"3 Louse","floor":5.0,"turns":3.0},{"damage":7.0,"enemies":"Blue Slaver","floor":8.0,"turns":4.0},{"damage":21.0,"enemies":"Lagavulin","floor":10.0,"turns":6.0},{"damage":16.0,"enemies":"Large Slime","floor":12.0,"turns":2.0},{"damage":9,"enemies":"Gremlin Nob","floor":13,"turns":3},{"damage":0,"enemies":"Exordium Wildlife","floor":14,"turns":3},{"damage":33,"enemies":"Hexaghost","floor":16,"turns":9}],"seed_played":"-7548736930838668713","potions_obtained":[{"floor":3.0,"key":"Regen Potion"},{"floor":5.0,"key":"Strength Potion"},{"floor":13,"key":"Ancient Potion"}],"is_trial":false,"path_per_floor":["M","?","M","M","M","R","$","M","T","E","R","M","E","M","R","B"],"character_chosen":"DEFECT","items_purchased":[],"campfire_rested":2,"item_purchase_floors":[],"current_hp_per_floor":[62,51,51,45,41,41,41,34,34,13,34,18,9,9,30,0],"gold":242,"neow_bonus":"REMOVE_CARD","is_prod":false,"is_daily":false,"chose_seed":false,"campfire_upgraded":1,"win_rate":0,"timestamp":1545226962,"path_taken":["M","?","M","M","M","R","$","M","T","E","R","M","E","M","R","BOSS"],"build_version":"2018-12-13","purchased_purges":1,"victory":false,"max_hp_per_floor":[71,71,71,71,71,71,71,71,71,71,71,71,71,71,71,71],"card_choices":[{"not_picked":["Redo","Barrage"],"picked":"Sunder","floor":1.0},{"not_picked":["Rebound","Streamline"],"picked":"Turbo+1","floor":3.0},{"not_picked":["Turbo+1","Creative AI"],"picked":"Skim+1","floor":4.0},{"not_picked":["Rebound","Conserve Battery+1"],"picked":"Chill+1","floor":5.0},{"not_picked":["Leap+1","Compile Driver"],"picked":"Recycle+1","floor":8.0},{"not_picked":["Rebound","Go for the Eyes"],"picked":"Leap+1","floor":10.0},{"not_picked":["Storm","Beam Cell"],"picked":"Coolheaded+1","floor":12.0},{"not_picked":["Redo+1","Beam Cell"],"picked":"Genetic Algorithm+1","floor":13},{"not_picked":["Beam Cell","Rebound"],"picked":"Ball Lightning","floor":14}],"player_experience":817235,"relics_obtained":[{"floor":9.0,"key":"Vajra"},{"floor":10.0,"key":"Potion Belt"},{"floor":13,"key":"Orichalcum"}],"event_choices":[{"damage_healed":0.0,"max_hp_gain":0.0,"max_hp_loss":0.0,"gold_gain":0.0,"event_name":"Scrap Ooze","player_choice":"Success","floor":2.0,"gold_loss":0.0,"damage_taken":11.0,"relics_obtained":["Toxic Egg 2"]}],"is_beta":false,"boss_relics":[],"items_purged_floors":[7],"is_endless":false,"potions_floor_spawned":[3,5,13],"killed_by":"Hexaghost","ascension_level":20}