{"gold_per_floor":[116,116,116,41,54,54,54,54,78,90,90,101,181,206,206,279,279,290,290,310,310,4,4,24,24,51,51,61,79,79,92,92,168,218,229,244,261,136,136,136,151,151,204,204,204,220,89,101,101,101],"floor_reached":51,"playtime":746,"items_purged":["Defend_R","Strike_R","Strike_R"],"score":1167,"play_id":"5b5a3e0f-750f-4128-9e88-d48dac4cb9aa","local_time":"20180726162958","is_ascension_mode":true,"campfire_choices":[{"data":"Flex","floor":6.0,"key":"SMITH"},{"data":"Bash","floor":8.0,"key":"SMITH"},{"data":"Thunderclap","floor":15.0,"key":"SMITH"},{"floor":23.0,"key":"REST"},{"data":"Strike_R","floor":27.0,"key":"SMITH"},{"data":"Limit Break","floor":32.0,"key":"SMITH"},{"floor":40.0,"key":"REST"},{"data":"Double Tap","floor":42.0,"key":"SMITH"},{"data":"Flex","floor":44.0,"key":"SMITH"},{"data":"Demon Form","floor":49.0,"key":"SMITH"}],"neow_cost":"NONE","seed_source_timestamp":293361254479977,"circlet_count":0,"master_deck":["Strike_R+1","Strike_R+1","Strike_R","Defend_R+1","Bash+1","AscendersBane","Whirlwind+1","Flex+1","Thunderclap+1","Limit Break+1","Double Tap+1","Flex+1","Headbutt","Demon Form+1","Evolve"],"special_seed":0,"relics":["Lizard Tail","Paper Frog","War Paint","Matryoshka","Bag of Preparation","Velvet Choker","ClockworkSouvenir","Centennial Puzzle","Anchor","FaceOfCleric","Tiny House","Potion Belt","Tiny Chest","Bag of Marbles"],"potions_floor_usage":[50],"damage_taken":[{"damage":12.0,"enemies":"Jaw Worm","floor":1.0,"turns":2.0},{"damage":3.0,"enemies":"Small Slimes","floor":5.0,"turns":3.0},{"damage":0.0,"enemies":"Cultist","floor":10.0,"turns":2.0},{"damage":0.0,"enemies":"Exordium Wildlife","floor":12.0,"turns":3.0},{"damage":10.0,"enemies":"3 Sentries","floor":14.0,"turns":3.0},{"damage":38.0,"enemies":"Slime Boss","floor":16.0,"turns":5.0},{"damage":3.0,"enemies":"3 Byrds","floor":18.0,"turns":4.0},{"damage":11.0,"enemies":"Spheric Guardian","floor":20.0,"turns":3.0},{"damage":0.0,"enemies":"Snake Plant","floor":24.0,"turns":1.0},{"damage":0.0,"enemies":"Centurion and Healer","floor":28.0,"turns":2.0},{"damage":16.0,"enemies":"Slaver and Parasite","floor":29.0,"turns":3.0},{"damage":0.0,"enemies":"Snecko","floor":31.0,"turns":2.0},{"damage":28.0,"enemies":"Collector","floor":33.0,"turns":6.0},{"damage":6.0,"enemies":"Orb Walker","floor":35.0,"turns":2.0},{"damage":0.0,"enemies":"3 Shapes","floor":36.0,"turns":1.0},{"damage":0.0,"enemies":"Flame Bruiser 2 Orb","floor":37.0,"turns":3.0},{"damage":8.0,"enemies":"4 Shapes","floor":39.0,"turns":2.0},{"damage":5.0,"enemies":"Maw","floor":41.0,"turns":4.0},{"damage":0.0,"enemies":"3 Darklings","floor":46.0,"turns":2.0},{"damage":0.0,"enemies":"Flame Bruiser 2 Orb","floor":48.0,"turns":1.0},{"damage":74,"enemies":"Donu and Deca","floor":50,"turns":5}],"seed_played":"4196088062780064164","potions_obtained":[{"floor":1.0,"key":"SneckoOil"},{"floor":14.0,"key":"Strength Potion"},{"floor":16.0,"key":"FearPotion"},{"floor":24.0,"key":"Fire Potion"},{"floor":31.0,"key":"SmokeBomb"},{"floor":34.0,"key":"Ancient Potion"},{"floor":46.0,"key":"Fire Potion"}],"is_trial":false,"path_per_floor":["M","?","T","$","M","R","?","R","T","M","$","M","T","E","R","B",null,"M","?","M","?","$","R","M","?","T","R","M","M","?","M","R","B",null,"M","M","M","$","M","R","M","R","T","R","?","M","?","M","R","B"],"character_chosen":"IRONCLAD","items_purchased":["ClockworkSouvenir"],"campfire_rested":2,"item_purchase_floors":[22],"current_hp_per_floor":[56,56,56,56,53,53,53,53,53,53,53,53,53,43,43,5,58,55,55,44,44,44,66,66,66,66,66,66,50,50,51,51,24,69,64,65,66,66,59,84,80,80,80,80,80,81,81,82,82,9],"gold":101,"neow_bonus":"BOSS_RELIC","is_prod":false,"is_daily":false,"chose_seed":false,"campfire_upgraded":8,"win_rate":0,"timestamp":1532647798,"path_taken":["M","?","?","?","?","R","?","R","T","M","$","?","?","E","R","BOSS","M","?","M","?","$","R","?","?","T","R","M","?","?","M","R","BOSS","M","?","M","$","M","R","M","R","T","R","?","M","?","?","R","BOSS"],"build_version":"2018-07-26","purchased_purges":3,"victory":true,"max_hp_per_floor":[75,75,75,75,75,75,75,75,75,75,75,75,75,75,75,75,75,75,75,75,75,75,75,75,75,75,75,75,75,75,76,76,77,82,83,84,85,85,86,86,87,87,87,87,87,88,88,89,89,90],"card_choices":[{"not_picked":["Burning Pact","Sword Boomerang"],"picked":"Whirlwind","floor":1.0},{"not_picked":["Warcry","Clothesline"],"picked":"Flex","floor":5.0},{"not_picked":["Headbutt","Wild Strike"],"picked":"Thunderclap","floor":12.0},{"not_picked":["Wild Strike","Second Wind"],"picked":"Limit Break","floor":31.0},{"not_picked":["Bludgeon","Reaper"],"picked":"Double Tap","floor":33.0},{"not_picked":["Cleave","Headbutt+1"],"picked":"Flex","floor":35.0},{"not_picked":["Second Wind","Warcry","Perfected Strike+1"],"picked":"SKIP","floor":36.0},{"not_picked":["Juggernaut","Wild Strike"],"picked":"Headbutt","floor":37.0},{"not_picked":["Anger","Pommel Strike"],"picked":"Demon Form","floor":46.0},{"not_picked":["Perfected Strike","Clash"],"picked":"Evolve","floor":48.0}],"player_experience":690360,"relics_obtained":[{"floor":3.0,"key":"Paper Frog"},{"floor":9.0,"key":"War Paint"},{"floor":13.0,"key":"Matryoshka"},{"floor":14.0,"key":"Bag of Preparation"},{"floor":26.0,"key":"Centennial Puzzle"},{"floor":26.0,"key":"Anchor"},{"floor":43.0,"key":"Potion Belt"},{"floor":43.0,"key":"Tiny Chest"}],"event_choices":[{"event_name":"Living Wall","player_choice":"Grow","floor":2.0,"damage_taken":0.0},{"event_name":"Liars Game","player_choice":"disagreed","floor":7.0,"damage_taken":0.0},{"event_name":"Back to Basics","player_choice":"Elegance","floor":19.0,"damage_taken":0.0},{"event_name":"Ghosts","player_choice":"Ignored","floor":21.0,"damage_taken":0.0},{"event_name":"Beggar","player_choice":"Ignored","floor":25.0,"damage_taken":0.0},{"event_name":"FaceTrader","player_choice":"Trade","floor":30.0,"damage_taken":0.0},{"event_name":"Falling","player_choice":"Removed Skill","floor":45.0,"damage_taken":0.0},{"event_name":"WeMeetAgain","player_choice":"Gold","floor":47.0,"damage_taken":0.0}],"is_beta":true,"boss_relics":[{"not_picked":["White Beast Statue","Runic Pyramid"],"picked":"Velvet Choker"},{"not_picked":["Mark of Pain","Eternal Feather"],"picked":"Tiny House"}],"items_purged_floors":[4,22,38],"is_endless":false,"potions_floor_spawned":[1,14,16,24,31,35,36,39,46],"ascension_level":15}