{"gold_per_floor":[109,109,126,126,143,143,218,248,274,274,291,309,309,336,336,414,414,428,428,428,353,106,139,155,155],"floor_reached":25,"playtime":5009,"items_purged":["Strike_G"],"score":508,"play_id":"a0a7c1d9-5fd4-4b37-b924-e648ab8497f2","local_time":"20190104190014","is_ascension_mode":true,"campfire_choices":[{"data":"Neutralize","floor":6.0,"key":"SMITH"},{"data":"Flechettes","floor":10.0,"key":"SMITH"},{"floor":13.0,"key":"REST"},{"data":"Deadly Poison","floor":15.0,"key":"SMITH"}],"neow_cost":"NONE","seed_source_timestamp":18149241097593,"circlet_count":0,"master_deck":["AscendersBane","Defend_G","Defend_G","Defend_G","Defend_G","Defend_G","Strike_G","Strike_G","Survivor","Neutralize+1","Noxious Fumes+1","Well Laid Plans","Flechettes+1","Deadly Poison+1","Dash","Backstab","Adrenaline","Poisoned Stab","Catalyst","PiercingWail","Deadly Poison"],"special_seed":0,"relics":["Ring of the Snake","NeowsBlessing","Bag of Preparation","Bag of Marbles","Orichalcum","White Beast Statue","Regal Pillow","Sundial"],"potions_floor_usage":[25],"damage_taken":[{"damage":0.0,"enemies":"Cultist","floor":1.0,"turns":1.0},{"damage":0.0,"enemies":"2 Louse","floor":3.0,"turns":1.0},{"damage":0.0,"enemies":"Jaw Worm","floor":5.0,"turns":1.0},{"damage":21.0,"enemies":"3 Sentries","floor":8.0,"turns":8.0},{"damage":6.0,"enemies":"3 Louse","floor":11.0,"turns":4.0},{"damage":1.0,"enemies":"Large Slime","floor":12.0,"turns":5.0},{"damage":0.0,"enemies":"Gremlin Nob","floor":14.0,"turns":3.0},{"damage":15.0,"enemies":"Hexaghost","floor":16.0,"turns":8.0},{"damage":6.0,"enemies":"2 Thieves","floor":18.0,"turns":5.0},{"damage":31.0,"enemies":"Book of Stabbing","floor":23.0,"turns":5.0},{"damage":0.0,"enemies":"Shell Parasite","floor":24.0,"turns":1.0},{"damage":0,"enemies":"Gremlin Leader","floor":25,"turns":5}],"seed_played":"-6863526437022642233","potions_obtained":[{"floor":1.0,"key":"Dexterity Potion"},{"floor":5.0,"key":"FearPotion"},{"floor":11.0,"key":"Fire Potion"},{"floor":12.0,"key":"AttackPotion"},{"floor":18.0,"key":"SkillPotion"},{"floor":23.0,"key":"Ancient Potion"},{"floor":24.0,"key":"Dexterity Potion"}],"is_trial":false,"path_per_floor":["M","?","M","?","M","R","?","E","T","R","M","M","R","E","R","B",null,"M","?","?","?","$","E","M","E"],"character_chosen":"THE_SILENT","items_purchased":["Regal Pillow"],"campfire_rested":1,"item_purchase_floors":[22],"current_hp_per_floor":[59,59,59,59,59,59,48,27,27,27,21,20,39,39,39,24,56,50,50,32,32,32,1,1,1],"gold":155,"neow_bonus":"THREE_ENEMY_KILL","is_prod":false,"is_daily":false,"chose_seed":false,"campfire_upgraded":3,"win_rate":0,"timestamp":1546624814,"path_taken":["M","?","?","?","M","R","?","E","T","R","?","M","R","E","R","BOSS","M","?","?","?","?","E","M","E"],"build_version":"2019-01-03v3","purchased_purges":1,"victory":false,"max_hp_per_floor":[66,66,66,66,66,66,66,66,66,66,66,66,66,66,66,66,66,66,66,71,71,71,71,71,71],"card_choices":[{"not_picked":["Footwork","Masterful Stab"],"picked":"Noxious Fumes","floor":1.0},{"not_picked":["Dagger Spray","Noxious Fumes"],"picked":"Well Laid Plans","floor":3.0},{"not_picked":["Underhanded Strike","Dagger Throw"],"picked":"Flechettes","floor":5.0},{"not_picked":["Quick Slash","Cloak And Dagger"],"picked":"Deadly Poison","floor":8.0},{"not_picked":["Deflect","Slice"],"picked":"Dash","floor":11.0},{"not_picked":["Bane","Acrobatics","Slice"],"picked":"SKIP","floor":12.0},{"not_picked":["Tools of the Trade","Prepared"],"picked":"Backstab","floor":14.0},{"not_picked":["Storm of Steel","Phantasmal Killer"],"picked":"Adrenaline","floor":16.0},{"not_picked":["Well Laid Plans","Acrobatics"],"picked":"Poisoned Stab","floor":18.0},{"not_picked":["Prepared","Endless Agony"],"picked":"PiercingWail","floor":23.0},{"not_picked":["Setup","Well Laid Plans"],"picked":"Deadly Poison","floor":24.0}],"player_experience":1969230,"relics_obtained":[{"floor":8.0,"key":"Bag of Preparation"},{"floor":9.0,"key":"Bag of Marbles"},{"floor":14.0,"key":"Orichalcum"},{"floor":23.0,"key":"Sundial"}],"event_choices":[{"cards_removed":["Strike_G"],"damage_healed":0.0,"max_hp_gain":0.0,"max_hp_loss":0.0,"gold_gain":0.0,"event_name":"Bonfire Elementals","player_choice":"Offered Basic","floor":2.0,"gold_loss":0.0,"damage_taken":0.0},{"damage_healed":0.0,"max_hp_gain":0.0,"max_hp_loss":0.0,"gold_gain":0.0,"event_name":"Living Wall","player_choice":"Grow","floor":4.0,"gold_loss":0.0,"damage_taken":0.0,"cards_upgraded":["Noxious Fumes"]},{"damage_healed":0.0,"max_hp_gain":0.0,"max_hp_loss":0.0,"gold_gain":75.0,"event_name":"World of Goop","player_choice":"Gather Gold","floor":7.0,"gold_loss":0.0,"damage_taken":11.0},{"damage_healed":0.0,"max_hp_gain":0.0,"max_hp_loss":0.0,"gold_gain":0.0,"event_name":"The Library","player_choice":"Read","floor":19.0,"gold_loss":0.0,"damage_taken":0.0,"cards_obtained":["Catalyst"]},{"damage_healed":0.0,"max_hp_gain":5.0,"max_hp_loss":0.0,"gold_gain":0.0,"event_name":"Forgotten Altar","player_choice":"Shed Blood","floor":20.0,"gold_loss":0.0,"damage_taken":23.0},{"cards_removed":["Strike_G"],"damage_healed":0.0,"max_hp_gain":0.0,"max_hp_loss":0.0,"gold_gain":0.0,"event_name":"Beggar","player_choice":"Gave Gold","floor":21.0,"gold_loss":75.0,"damage_taken":0.0}],"is_beta":false,"boss_relics":[{"not_picked":["Tiny House","Runic Dome"],"picked":"White Beast Statue"}],"items_purged_floors":[22],"is_endless":false,"potions_floor_spawned":[1,5,11,12,18,23,24],"killed_by":"Gremlin Leader","ascension_level":20}