{"gold_per_floor":[112,112,112,8,8,41,41,41,93,128,128,144,171,94,94,173,173,188,198,248,267,283,296,296,323,323,323,343,363,363],"floor_reached":30,"playtime":4539,"items_purged":["Strike_G"],"score":636,"play_id":"edfb6583-af2f-4ef6-bcee-c54f91dbd59c","local_time":"20181111225558","is_ascension_mode":true,"campfire_choices":[{"data":"Dagger Spray","floor":7.0,"key":"SMITH"},{"data":"Neutralize","floor":11.0,"key":"SMITH"},{"data":"A Thousand Cuts","floor":15.0,"key":"SMITH"},{"floor":27.0,"key":"REST"}],"neow_cost":"NONE","seed_source_timestamp":29240125173496,"circlet_count":0,"master_deck":["AscendersBane","Survivor","Neutralize+1","Poisoned Stab","Dagger Spray+1","Dodge and Roll","A Thousand Cuts+1","Deflect","Wraith Form v2","PiercingWail","Backstab","Corpse Explosion","Deflect","Tactician","Deadly Poison","Deadly Poison","Noxious Fumes","Deflect","Heel Hook","Dagger Throw","Predator+1","Backflip+1","Backflip","Cloak And Dagger","Well Laid Plans","A Thousand Cuts","Neutralize","Doppelganger","Noxious Fumes+1","Escape Plan","Backflip"],"special_seed":0,"relics":["Ring of the Snake","NeowsBlessing","Prayer Wheel","Strawberry","Letter Opener","Snake Skull","Pandora\u0027s Box","Ancient Tea Set","Bag of Preparation"],"potions_floor_usage":[30,30],"damage_taken":[{"damage":0.0,"enemies":"Small Slimes","floor":1.0,"turns":1.0},{"damage":0.0,"enemies":"Lagavulin","floor":6.0,"turns":1.0},{"damage":0.0,"enemies":"Gremlin Nob","floor":10.0,"turns":1.0},{"damage":3.0,"enemies":"Jaw Worm","floor":12.0,"turns":4.0},{"damage":20.0,"enemies":"Lagavulin","floor":13.0,"turns":10.0},{"damage":38.0,"enemies":"Slime Boss","floor":16.0,"turns":10.0},{"damage":18.0,"enemies":"Chosen","floor":18.0,"turns":4.0},{"damage":2.0,"enemies":"3 Byrds","floor":19.0,"turns":2.0},{"damage":11.0,"enemies":"3 Cultists","floor":21.0,"turns":3.0},{"damage":0.0,"enemies":"Centurion and Healer","floor":22.0,"turns":5.0},{"damage":1.0,"enemies":"Chosen and Byrds","floor":23.0,"turns":5.0},{"damage":13.0,"enemies":"Slavers","floor":25.0,"turns":2.0},{"damage":8.0,"enemies":"Shelled Parasite and Fungi","floor":28.0,"turns":5.0},{"damage":19,"enemies":"Sentry and Sphere","floor":29,"turns":5},{"damage":16,"enemies":"Book of Stabbing","floor":30,"turns":4}],"seed_played":"-2852181875181386889","potions_obtained":[{"floor":6.0,"key":"SpeedPotion"},{"floor":13.0,"key":"Energy Potion"},{"floor":16.0,"key":"Swift Potion"},{"floor":21.0,"key":"SkillPotion"},{"floor":22.0,"key":"Dexterity Potion"},{"floor":25.0,"key":"SkillPotion"},{"floor":28.0,"key":"Dexterity Potion"}],"is_trial":false,"path_per_floor":["M","?","?","$","?","E","R","$","T","E","R","M","E","$","R","B",null,"M","M","?","M","M","M","?","E","T","R","M","M","E"],"character_chosen":"THE_SILENT","items_purchased":["Dagger Spray","Backstab"],"campfire_rested":1,"item_purchase_floors":[4,14],"current_hp_per_floor":[59,52,57,57,57,57,57,57,64,64,64,61,41,41,41,3,59,41,39,39,28,28,27,27,14,14,37,29,10,0],"gold":363,"neow_bonus":"THREE_ENEMY_KILL","is_prod":false,"is_daily":false,"chose_seed":false,"campfire_upgraded":3,"win_rate":0,"timestamp":1541973358,"path_taken":["M","?","?","$","?","E","R","?","T","E","R","M","E","$","R","BOSS","M","M","?","M","M","?","?","E","T","R","?","M","E"],"build_version":"2018-11-08","purchased_purges":1,"victory":false,"max_hp_per_floor":[66,66,71,71,71,71,71,71,78,78,78,78,78,78,78,78,78,78,78,78,78,78,78,78,78,78,78,78,78,78],"card_choices":[{"not_picked":["PiercingWail","Riddle With Holes"],"picked":"Poisoned Stab","floor":1.0},{"not_picked":["All Out Attack","Blade Dance"],"picked":"Dodge and Roll","floor":6.0},{"not_picked":["Sucker Punch","Dagger Throw"],"picked":"A Thousand Cuts","floor":10.0},{"not_picked":["Heel Hook","PiercingWail"],"picked":"Deflect","floor":12.0},{"not_picked":["Quick Slash","Dagger Spray"],"picked":"Wraith Form v2","floor":12.0},{"not_picked":["Prepared","Accuracy"],"picked":"PiercingWail","floor":13.0},{"not_picked":["Glass Knife","A Thousand Cuts"],"picked":"Corpse Explosion","floor":16.0},{"not_picked":["Expertise","Sucker Punch"],"picked":"Predator+1","floor":18.0},{"not_picked":["Deadly Poison","Slice"],"picked":"Backflip+1","floor":18.0},{"not_picked":["Prepared","Dagger Throw"],"picked":"Backflip","floor":19.0},{"not_picked":["Flying Knee","Sucker Punch","Prepared+1"],"picked":"SKIP","floor":19.0},{"not_picked":["Blur","Prepared"],"picked":"Cloak And Dagger","floor":21.0},{"not_picked":["Tactician","Choke","Flying Knee"],"picked":"SKIP","floor":21.0},{"not_picked":["Acrobatics+1","Bane"],"picked":"Well Laid Plans","floor":22.0},{"not_picked":["Poisoned Stab","Tactician","Blade Dance"],"picked":"SKIP","floor":22.0},{"not_picked":["Dagger Throw","Poisoned Stab"],"picked":"A Thousand Cuts","floor":23.0},{"not_picked":["PiercingWail","Outmaneuver","Eviscerate"],"picked":"SKIP","floor":23.0},{"not_picked":["Acrobatics","Eviscerate","Dagger Spray"],"picked":"SKIP","floor":25.0},{"not_picked":["Deflect","Tactician"],"picked":"Noxious Fumes+1","floor":28.0},{"not_picked":["Masterful Stab","Deadly Poison"],"picked":"Escape Plan","floor":28.0},{"not_picked":["Eviscerate","Quick Slash"],"picked":"Backflip","floor":29},{"not_picked":["Poisoned Stab","Concentrate","Quick Slash"],"picked":"SKIP","floor":29}],"player_experience":1783101,"relics_obtained":[{"floor":6.0,"key":"Prayer Wheel"},{"floor":9.0,"key":"Strawberry"},{"floor":10.0,"key":"Letter Opener"},{"floor":13.0,"key":"Snake Skull"},{"floor":25.0,"key":"Ancient Tea Set"},{"floor":26.0,"key":"Bag of Preparation"}],"event_choices":[{"cards_removed":["Strike_G"],"damage_healed":0.0,"max_hp_gain":0.0,"max_hp_loss":0.0,"gold_gain":0.0,"event_name":"Golden Wing","player_choice":"Card Removal","floor":2.0,"gold_loss":0.0,"damage_taken":7.0},{"damage_healed":0.0,"max_hp_gain":5.0,"max_hp_loss":0.0,"gold_gain":0.0,"event_name":"Big Fish","player_choice":"Donut","floor":3.0,"gold_loss":0.0,"damage_taken":0.0},{"damage_healed":0.0,"max_hp_gain":0.0,"max_hp_loss":0.0,"gold_gain":0.0,"event_name":"Liars Game","player_choice":"Ignored","floor":5.0,"gold_loss":0.0,"damage_taken":0.0},{"damage_healed":0.0,"max_hp_gain":0.0,"max_hp_loss":0.0,"gold_gain":50.0,"event_name":"Golden Shrine","player_choice":"Pray","floor":20.0,"gold_loss":0.0,"damage_taken":0.0},{"damage_healed":0.0,"max_hp_gain":0.0,"max_hp_loss":0.0,"gold_gain":0.0,"event_name":"Match and Keep!","player_choice":"2 cards matched","floor":24.0,"gold_loss":0.0,"damage_taken":0.0,"cards_obtained":["Neutralize","Doppelganger"]}],"is_beta":false,"boss_relics":[{"not_picked":["Runic Pyramid","Lizard Tail"],"picked":"Pandora\u0027s Box"}],"items_purged_floors":[4],"is_endless":false,"potions_floor_spawned":[6,13,16,18,21,22,25,28,29],"killed_by":"Book of Stabbing","ascension_level":20}