{"path_per_floor":["M","$","?","M","$","R","E","R","T","M","M","?","M","M","R","B",null,"M","?","M","?","$","R","M","R","T","?","$","M","M","$","R"],"character_chosen":"IRONCLAD","items_purchased":["Hemokinesis","Uppercut","Deep Breath","Strength Potion"],"gold_per_floor":[118,9,9,19,19,19,54,54,79,90,106,56,72,90,90,185,185,196,196,208,208,43,43,53,53,53,53,4,14,28,28,28],"floor_reached":33,"campfire_rested":2,"playtime":1310,"current_hp_per_floor":[80,80,80,80,80,80,66,66,66,67,69,69,73,70,70,25,80,51,51,42,42,42,66,55,79,79,79,79,79,73,73,73],"items_purged":["Strike_R"],"gold":28,"score":296,"play_id":"1294b8e0-fb58-422c-9bdd-14974a75214e","local_time":"20180313080337","is_prod":false,"is_daily":false,"is_ascension_mode":true,"campfire_upgraded":4,"timestamp":1520924617,"path_taken":["M","$","?","M","$","R","E","R","T","M","?","?","M","?","R","BOSS","M","?","M","?","$","R","?","R","T","?","$","M","?","?","R","BOSS"],"build_version":"2018-03-09","purchased_purges":1,"victory":false,"master_deck":["Strike_R","Defend_R","Defend_R","Defend_R","Defend_R","Bash","Rupture+1","Hemokinesis+1","Uppercut","Shockwave","True Grit+1","Hemokinesis","Rupture","Combust+1","Reaper","Offering","Bloodletting","Power Through","Deep Breath","Ghostly Armor+1","Flame Barrier","Sentinel"],"max_hp_per_floor":[80,80,80,80,80,80,80,80,80,80,80,80,80,80,80,80,80,80,80,80,80,80,80,80,80,80,80,80,80,80,80,80],"relics":["Burning Blood","Charon\u0027s Ashes","Bronze Scales","Mark of Pain","Toolbox"],"card_choices":[{"not_picked":["Sword Boomerang","Feel No Pain"],"picked":"Rupture"},{"not_picked":["Perfected Strike","Second Wind"],"picked":"True Grit"},{"not_picked":["Heavy Blade","Perfected Strike"],"picked":"Hemokinesis"},{"not_picked":["Searing Blow","Thunderclap"],"picked":"Rupture"},{"not_picked":["Heavy Blade","True Grit"],"picked":"Combust"},{"not_picked":["Pommel Strike","Rupture"],"picked":"Reaper"},{"not_picked":["Fiend Fire","Dark Embrace"],"picked":"Offering"},{"not_picked":["Cleave","Headbutt"],"picked":"Bloodletting"},{"not_picked":["True Grit","Dark Embrace"],"picked":"Power Through"},{"not_picked":["Perfected Strike","Burning Pact"],"picked":"Ghostly Armor"},{"not_picked":["Searing Blow","Burning Pact"],"picked":"Flame Barrier"},{"not_picked":["Pommel Strike","Sever Soul"],"picked":"Sentinel"}],"player_experience":220088,"potions_floor_usage":[1,4,13,14,16,30,33,33],"damage_taken":[{"damage":1,"enemies":"Cultist","floor":1,"turns":3},{"damage":6,"enemies":"Jaw Worm","floor":4,"turns":4},{"damage":20,"enemies":"Gremlin Nob","floor":7,"turns":4},{"damage":5,"enemies":"2 Louse","floor":10,"turns":1},{"damage":4,"enemies":"2 Fungi Beasts","floor":11,"turns":3},{"damage":2,"enemies":"Looter","floor":13,"turns":2},{"damage":9,"enemies":"Gremlin Gang","floor":14,"turns":3},{"damage":66,"enemies":"The Guardian","floor":16,"turns":8},{"damage":35,"enemies":"Shell Parasite","floor":18,"turns":6},{"damage":21,"enemies":"Spheric Guardian","floor":20,"turns":4},{"damage":27,"enemies":"Snecko","floor":24,"turns":4},{"damage":17,"enemies":"Centurion and Healer","floor":29,"turns":6},{"damage":12,"enemies":"3 Cultists","floor":30,"turns":3},{"damage":115,"enemies":"Collector","floor":33,"turns":9}],"event_choices":[{"event_name":"Living Wall","player_choice":"Change","floor":3,"damage_taken":0},{"event_name":"The Cleric","player_choice":"Card Removal","floor":12,"damage_taken":0},{"event_name":"Back to Basics","player_choice":"Elegance","floor":19,"damage_taken":0},{"event_name":"Vampires","player_choice":"Ignored","floor":21,"damage_taken":0},{"event_name":"Beggar","player_choice":"Ignored","floor":27,"damage_taken":0}],"boss_relics":[{"not_picked":["Ectoplasm","Astrolabe"],"picked":"Mark of Pain"}],"potions_floor_spawned":[1,7,14,20],"seed_played":"-6743530715815584725","killed_by":"Collector","ascension_level":4,"is_trial":false}