{"path_per_floor":["M","M","M","M","M","R","E","R","T","E","$","R","?","M","R","B",null,"M","M","?","?","$","R","E","R","T","M","?","M","?","M","R"],"character_chosen":"IRONCLAD","items_purchased":[],"gold_per_floor":[99,99,99,99,99,99,99,99,99,99,24,24,24,24,24,24,24,24,24,24,24,24,24,24,24,24,24,24,24,24,24,24],"floor_reached":33,"campfire_rested":4,"playtime":1558,"current_hp_per_floor":[80,80,79,79,73,73,47,71,71,68,68,68,68,68,68,23,80,63,60,52,52,52,76,57,80,80,80,80,72,72,39,63],"items_purged":["Strike_R"],"gold":24,"score":277,"play_id":"522c24b4-a0ae-4969-a8a4-5930c105e3d9","local_time":"20180316215946","is_prod":false,"is_daily":false,"is_ascension_mode":false,"campfire_upgraded":3,"timestamp":1521233986,"path_taken":["M","M","M","M","M","R","E","R","T","E","$","R","?","M","R","BOSS","M","M","?","?","$","R","E","R","T","?","?","M","?","M","R","BOSS"],"build_version":"2018-03-15v2","purchased_purges":1,"victory":false,"master_deck":["Strike_R","Strike_R","Strike_R","Defend_R","Defend_R","Defend_R","Defend_R","Bash+1","Flex","Flex","Dropkick","Thunderclap","Shrug It Off+1","Heavy Blade","Battle Trance","Uppercut","Ghostly Armor+1","Demon Form","Sword Boomerang","Disarm","Spot Weakness","Dropkick+1","Shrug It Off+1","Flame Barrier"],"max_hp_per_floor":[80,80,80,80,80,80,80,80,80,80,80,80,80,80,80,80,80,80,80,80,80,80,80,80,80,80,80,80,80,80,80,80],"relics":["Ectoplasm","Bag of Preparation","Ginger","Bottled Flame","Orrery","Molten Egg 2","Lantern"],"card_choices":[{"not_picked":["Thunderclap","Cleave"],"picked":"Flex"},{"not_picked":["Offering","Pummel"],"picked":"Flex"},{"not_picked":["Burning Pact","Wild Strike"],"picked":"Dropkick"},{"not_picked":["Wild Strike","Flex"],"picked":"Thunderclap"},{"not_picked":["Thunderclap","Headbutt"],"picked":"Shrug It Off"},{"not_picked":["Flex","Pommel Strike"],"picked":"Heavy Blade"},{"not_picked":["Sever Soul","Rupture"],"picked":"Battle Trance"},{"not_picked":["Heavy Blade","Iron Wave"],"picked":"Ghostly Armor"},{"not_picked":["Exhume","Brutality"],"picked":"Demon Form"},{"not_picked":["Blood for Blood","Havoc"],"picked":"Sword Boomerang"},{"not_picked":["Burning Pact","Heavy Blade"],"picked":"Disarm"},{"not_picked":["Havoc","True Grit"],"picked":"Spot Weakness"},{"not_picked":["Headbutt","Dual Wield"],"picked":"Dropkick"},{"not_picked":["Iron Wave","Headbutt"],"picked":"Shrug It Off"}],"player_experience":105797,"potions_floor_usage":[4,7,24,27,29,29,33,33],"damage_taken":[{"damage":0,"enemies":"2 Louse","floor":1,"turns":2},{"damage":0,"enemies":"Cultist","floor":2,"turns":4},{"damage":1,"enemies":"Jaw Worm","floor":3,"turns":3},{"damage":0,"enemies":"Large Slime","floor":4,"turns":4},{"damage":6,"enemies":"Lots of Slimes","floor":5,"turns":5},{"damage":26,"enemies":"Gremlin Nob","floor":7,"turns":4},{"damage":3,"enemies":"3 Sentries","floor":10,"turns":4},{"damage":0,"enemies":"Exordium Thugs","floor":14,"turns":2},{"damage":45,"enemies":"Hexaghost","floor":16,"turns":10},{"damage":17,"enemies":"Spheric Guardian","floor":18,"turns":5},{"damage":3,"enemies":"Chosen","floor":19,"turns":5},{"damage":28,"enemies":"Gremlin Leader","floor":24,"turns":7},{"damage":0,"enemies":"Snake Plant","floor":27,"turns":3},{"damage":14,"enemies":"Slaver and Parasite","floor":29,"turns":7},{"damage":33,"enemies":"Chosen and Byrds","floor":31,"turns":6},{"damage":66,"enemies":"Automaton","floor":33,"turns":10}],"event_choices":[{"event_name":"Transmorgrifier","player_choice":"Transform","floor":13,"damage_taken":0},{"event_name":"Wheel of Change","player_choice":"Damage","floor":20,"damage_taken":0},{"event_name":"Beggar","player_choice":"Ignored","floor":21,"damage_taken":0},{"event_name":"The Library","player_choice":"Read","floor":28,"damage_taken":0},{"event_name":"Addict","player_choice":"Ignored","floor":30,"damage_taken":0}],"boss_relics":[{"not_picked":["Philosopher\u0027s Stone","Astrolabe"],"picked":"Orrery"}],"potions_floor_spawned":[3,5,10,16,19,24,27,31],"seed_played":"3493365916261165161","killed_by":"Automaton","ascension_level":0,"is_trial":false}