{"gold_per_floor":[115,115,134,60,79,79,108,108,108,121,151,167,167,192,192,266,266,280,330,255,271,291,291,324,324,349,159,173,188,221,238,238,314,314,330,345,364,375,375,408,408,440,465,479,479,490,523,534,534,534,534,534,534,125,152,152],"floor_reached":56,"playtime":16756,"items_purged":["Strike_R","Parasite","Parasite"],"score":2052,"play_id":"479d777a-6d5f-41b6-9afc-ed1f25e80d7f","local_time":"20190125211929","is_ascension_mode":true,"campfire_choices":[{"data":"True Grit","floor":6.0,"key":"SMITH"},{"data":"Whirlwind","floor":8.0,"key":"SMITH"},{"data":"Uppercut","floor":13.0,"key":"SMITH"},{"floor":15.0,"key":"REST"},{"data":"Feed","floor":23.0,"key":"SMITH"},{"data":"Disarm","floor":25.0,"key":"SMITH"},{"data":"Juggernaut","floor":32.0,"key":"SMITH"},{"data":"Brutality","floor":41.0,"key":"SMITH"},{"floor":45.0,"key":"DIG"},{"floor":49.0,"key":"RECALL"},{"floor":53.0,"key":"REST"}],"neow_cost":"NONE","seed_source_timestamp":0,"circlet_count":0,"master_deck":["AscendersBane","Strike_R","Strike_R","Strike_R+1","Defend_R","Defend_R+1","Defend_R+1","Defend_R","Bash+1","Flame Barrier","True Grit+1","Feel No Pain","Rampage","Whirlwind+1","Ghostly Armor","Infernal Blade","Uppercut+1","Reaper+1","Feed+1","Disarm+1","Feel No Pain","Brutality+1","Corruption","Juggernaut+1","Offering","Armaments+1","Flame Barrier+1","Intimidate","Exhume","Shrug It Off+1","Battle Trance"],"special_seed":0,"relics":["Burning Blood","Blue Candle","Bronze Scales","Vajra","Darkstone Periapt","Cursed Key","Singing Bowl","Blood Vial","PreservedInsect","Runic Pyramid","Shovel","Dead Branch","Whetstone","Medical Kit","War Paint"],"potions_floor_usage":[56,56],"damage_taken":[{"damage":7.0,"enemies":"Jaw Worm","floor":1.0,"turns":3.0},{"damage":0.0,"enemies":"2 Louse","floor":3.0,"turns":3.0},{"damage":0.0,"enemies":"Cultist","floor":5.0,"turns":4.0},{"damage":7.0,"enemies":"3 Sentries","floor":7.0,"turns":15.0},{"damage":0.0,"enemies":"Large Slime","floor":10.0,"turns":7.0},{"damage":15.0,"enemies":"Lagavulin","floor":11.0,"turns":7.0},{"damage":10.0,"enemies":"Gremlin Gang","floor":12.0,"turns":3.0},{"damage":21.0,"enemies":"Gremlin Nob","floor":14.0,"turns":4.0},{"damage":56.0,"enemies":"Slime Boss","floor":16.0,"turns":12.0},{"damage":24.0,"enemies":"Chosen","floor":18.0,"turns":8.0},{"damage":8.0,"enemies":"3 Byrds","floor":21.0,"turns":2.0},{"damage":8.0,"enemies":"Snake Plant","floor":22.0,"turns":4.0},{"damage":21.0,"enemies":"Slavers","floor":24.0,"turns":3.0},{"damage":5.0,"enemies":"Snecko","floor":28.0,"turns":5.0},{"damage":15.0,"enemies":"Centurion and Healer","floor":29.0,"turns":11.0},{"damage":44.0,"enemies":"Gremlin Leader","floor":30.0,"turns":7.0},{"damage":3.0,"enemies":"3 Cultists","floor":31.0,"turns":4.0},{"damage":84.0,"enemies":"Collector","floor":33.0,"turns":10.0},{"damage":10.0,"enemies":"Orb Walker","floor":35.0,"turns":4.0},{"damage":9.0,"enemies":"3 Shapes","floor":36.0,"turns":5.0},{"damage":6.0,"enemies":"Jaw Worm Horde","floor":37.0,"turns":4.0},{"damage":30.0,"enemies":"Transient","floor":38.0,"turns":6.0},{"damage":10.0,"enemies":"Giant Head","floor":40.0,"turns":6.0},{"damage":43.0,"enemies":"Reptomancer","floor":42.0,"turns":7.0},{"damage":5.0,"enemies":"3 Darklings","floor":44.0,"turns":5.0},{"damage":9.0,"enemies":"Spire Growth","floor":46.0,"turns":3.0},{"damage":2.0,"enemies":"Nemesis","floor":47.0,"turns":3.0},{"damage":27.0,"enemies":"Writhing Mass","floor":48.0,"turns":7.0},{"damage":57.0,"enemies":"Donu and Deca","floor":50.0,"turns":9.0},{"damage":85.0,"enemies":"Time Eater","floor":51.0,"turns":10.0},{"damage":83,"enemies":"Shield and Spear","floor":55,"turns":8},{"damage":100,"enemies":"The Heart","floor":56,"turns":8}],"seed_played":"8630937914583422997","potions_obtained":[{"floor":3.0,"key":"SpeedPotion"},{"floor":7.0,"key":"Weak Potion"},{"floor":10.0,"key":"SkillPotion"},{"floor":14.0,"key":"Dexterity Potion"},{"floor":16.0,"key":"SteroidPotion"},{"floor":18.0,"key":"BloodPotion"},{"floor":21.0,"key":"Explosive Potion"},{"floor":33.0,"key":"AttackPotion"},{"floor":35.0,"key":"SteroidPotion"},{"floor":38.0,"key":"Swift Potion"},{"floor":48.0,"key":"LiquidBronze"}],"is_trial":false,"path_per_floor":["M","?","M","$","M","R","E","R","T","M","E","M","R","E","R","B",null,"M","?","$","M","M","R","E","R","T","$","M","M","E","M","R","B",null,"M","M","M","M","?","E","R","E","T","M","R","M","E","M","R","B","B",null,"R","$","E","B"],"character_chosen":"IRONCLAD","items_purchased":["Feel No Pain","Feel No Pain","Medical Kit","Dexterity Potion"],"campfire_rested":2,"item_purchase_floors":[4,27,54,54],"current_hp_per_floor":[67,44,50,50,56,56,55,55,55,61,52,48,48,33,55,12,59,51,51,51,56,62,62,49,49,55,55,69,73,56,75,75,16,82,85,90,105,90,90,97,97,84,90,102,102,103,125,121,121,90,34,121,150,147,84,0],"gold":152,"neow_bonus":"UPGRADE_CARD","is_prod":false,"is_daily":false,"chose_seed":false,"campfire_upgraded":7,"win_rate":0,"timestamp":1548411569,"path_taken":["M","?","M","$","M","R","E","R","T","M","E","M","R","E","R","BOSS","M","?","$","?","M","R","E","R","T","$","M","M","E","M","R","BOSS","M","M","M","M","?","E","R","E","T","M","R","?","E","M","R","BOSS","BOSS","R","$","E","BOSS"],"build_version":"2019-01-23","purchased_purges":3,"victory":false,"max_hp_per_floor":[75,75,75,75,75,75,75,75,75,75,75,75,75,75,75,75,75,78,78,78,78,81,81,83,83,89,86,90,96,100,104,104,104,104,104,110,116,116,116,120,120,122,128,132,132,134,136,142,142,146,150,150,150,147,151,151],"card_choices":[{"not_picked":["Flex","Fire Breathing"],"picked":"Flame Barrier","floor":1.0},{"not_picked":["Heavy Blade","Reckless Charge"],"picked":"True Grit","floor":3.0},{"not_picked":["Disarm","True Grit"],"picked":"Rampage","floor":5.0},{"not_picked":["Reaper","Barricade"],"picked":"Whirlwind","floor":7.0},{"not_picked":["Clash","Second Wind"],"picked":"Ghostly Armor","floor":10.0},{"not_picked":["Flex","Pommel Strike"],"picked":"Infernal Blade","floor":11.0},{"not_picked":["Thunderclap","Pommel Strike"],"picked":"Uppercut","floor":12.0},{"not_picked":["Infernal Blade","Flame Barrier"],"picked":"Reaper","floor":14.0},{"not_picked":["Bludgeon","Impervious"],"picked":"Feed","floor":16.0},{"not_picked":["Clash","Evolve","Twin Strike"],"picked":"SKIP","floor":18.0},{"not_picked":["Flame Barrier","Armaments"],"picked":"Disarm","floor":21.0},{"not_picked":["Warcry","Clash","Twin Strike+1"],"picked":"SKIP","floor":22.0},{"not_picked":["Whirlwind","Clothesline+1","Infernal Blade"],"picked":"Singing Bowl","floor":24.0},{"not_picked":["Headbutt+1","Warcry"],"picked":"Brutality","floor":28.0},{"not_picked":["Clash","Warcry","Clothesline"],"picked":"Singing Bowl","floor":29.0},{"not_picked":["Metallicize+1","Body Slam"],"picked":"Corruption","floor":30.0},{"not_picked":["Havoc","Shrug It Off"],"picked":"Juggernaut","floor":31.0},{"not_picked":["Juggernaut","Double Tap"],"picked":"Offering","floor":33.0},{"not_picked":["Warcry","Uppercut+1"],"picked":"Armaments+1","floor":35.0},{"not_picked":["Heavy Blade","Sword Boomerang","Armaments"],"picked":"Singing Bowl","floor":36.0},{"not_picked":["Fire Breathing","Carnage+1","Headbutt+1"],"picked":"Singing Bowl","floor":37.0},{"not_picked":["Cleave+1","Clash"],"picked":"Flame Barrier","floor":38.0},{"not_picked":["Reckless Charge","Cleave"],"picked":"Exhume","floor":40.0},{"not_picked":["Spot Weakness+1","Blood for Blood","Twin Strike"],"picked":"Singing Bowl","floor":42.0},{"not_picked":["Pommel Strike","Bloodletting"],"picked":"Shrug It Off","floor":44.0},{"not_picked":["Wild Strike+1","Cleave","Feed"],"picked":"Singing Bowl","floor":46.0},{"not_picked":["Power Through+1","Wild Strike","Dropkick"],"picked":"Singing Bowl","floor":47.0},{"not_picked":["Iron Wave","Pommel Strike","Havoc"],"picked":"Singing Bowl","floor":48.0},{"not_picked":["Uppercut","Sever Soul+1"],"picked":"Battle Trance","floor":55}],"player_experience":653254,"relics_obtained":[{"floor":7.0,"key":"Blue Candle"},{"floor":9.0,"key":"Bronze Scales"},{"floor":11.0,"key":"Vajra"},{"floor":14.0,"key":"Darkstone Periapt"},{"floor":24.0,"key":"Singing Bowl"},{"floor":26.0,"key":"Blood Vial"},{"floor":30.0,"key":"PreservedInsect"},{"floor":42.0,"key":"Shovel"},{"floor":45.0,"key":"Dead Branch"},{"floor":47.0,"key":"Whetstone"},{"floor":55,"key":"War Paint"}],"event_choices":[{"damage_healed":0.0,"max_hp_gain":0.0,"max_hp_loss":0.0,"gold_gain":0.0,"event_name":"Shining Light","player_choice":"Entered Light","floor":2.0,"gold_loss":0.0,"damage_taken":23.0,"cards_upgraded":["Defend_R","Defend_R"]},{"damage_healed":0.0,"max_hp_gain":0.0,"max_hp_loss":0.0,"gold_gain":100.0,"event_name":"The Joust","player_choice":"Bet on Murderer","floor":19.0,"gold_loss":50.0,"damage_taken":0.0},{"damage_healed":0.0,"max_hp_gain":0.0,"max_hp_loss":0.0,"gold_gain":0.0,"cards_transformed":["Strike_R"],"event_name":"Transmorgrifier","player_choice":"Transformed","floor":39.0,"gold_loss":0.0,"damage_taken":0.0,"cards_obtained":["Intimidate"]}],"is_beta":false,"boss_relics":[{"not_picked":["Empty Cage","Velvet Choker"],"picked":"Cursed Key"},{"not_picked":["Runic Dome","Mark of Pain"],"picked":"Runic Pyramid"}],"items_purged_floors":[20,27,54],"is_endless":false,"potions_floor_spawned":[3,7,10,14,16,18,21,22,33,35,38,48,55],"killed_by":"The Heart","ascension_level":20}