{"gold_per_floor":[119,130,305,305,322,356,356,366,366,398,398,412,98,113,113,232,232,256,280,39,39,53,84,84,124,124,193,193,42,142,160,160,286,286,306,325,325],"floor_reached":37,"playtime":4463,"items_purged":["Doubt","Strike_G"],"score":464,"play_id":"856983e6-3857-4602-81f0-27e86c5917b2","local_time":"20190124110234","is_ascension_mode":false,"campfire_choices":[{"data":"Noxious Fumes","floor":7,"key":"SMITH"},{"floor":15,"key":"REST"},{"floor":24,"key":"REST"},{"floor":32,"key":"REST"}],"neow_cost":"NONE","seed_source_timestamp":307010081779292,"circlet_count":0,"master_deck":["Defend_G","Defend_G","Defend_G","Defend_G","Defend_G","Strike_G","Strike_G","Survivor","Neutralize","Backflip","Noxious Fumes+1","Acrobatics","Cloak And Dagger","Leg Sweep","Terror","Backstab","Footwork","Prepared","Envenom","After Image","Escape Plan","Dodge and Roll","PiercingWail","Ghostly","Ghostly","Ghostly","Ghostly","Ghostly","Escape Plan+1","PiercingWail","Prepared","Adrenaline"],"relics":["Ring of the Snake","Gremlin Horn","Bag of Marbles","Bottled Tornado","Golden Idol","Orichalcum","Empty Cage","Sling","Question Card","Bottled Flame","Regal Pillow","Tiny Chest","Mercury Hourglass","Busted Crown"],"potions_floor_usage":[10,14,22,23,23,25],"damage_taken":[{"damage":0,"enemies":"2 Louse","floor":1,"turns":3},{"damage":0,"enemies":"Jaw Worm","floor":2,"turns":7},{"damage":0,"enemies":"Cultist","floor":5,"turns":5},{"damage":27,"enemies":"3 Sentries","floor":6,"turns":9},{"damage":3,"enemies":"Looter","floor":8,"turns":3},{"damage":24,"enemies":"Gremlin Nob","floor":10,"turns":6},{"damage":0,"enemies":"2 Fungi Beasts","floor":12,"turns":4},{"damage":3,"enemies":"Exordium Thugs","floor":14,"turns":5},{"damage":18,"enemies":"Hexaghost","floor":16,"turns":11},{"damage":9,"enemies":"Shell Parasite","floor":18,"turns":7},{"damage":0,"enemies":"Spheric Guardian","floor":19,"turns":6},{"damage":3,"enemies":"Centurion and Healer","floor":22,"turns":12},{"damage":27,"enemies":"Slavers","floor":23,"turns":7},{"damage":1,"enemies":"Book of Stabbing","floor":25,"turns":9},{"damage":1,"enemies":"Slavers","floor":27,"turns":7},{"damage":0,"enemies":"Snake Plant","floor":31,"turns":6},{"damage":8,"enemies":"Automaton","floor":33,"turns":14},{"damage":0,"enemies":"Orb Walker","floor":35,"turns":6},{"damage":0,"enemies":"3 Darklings","floor":36,"turns":6},{"damage":42,"enemies":"Sphere and 2 Shapes","floor":37,"turns":3}],"seed_played":"-2502700949120375988","potions_obtained":[{"floor":6,"key":"EssenceOfSteel"},{"floor":10,"key":"SkillPotion"},{"floor":12,"key":"Regen Potion"},{"floor":16,"key":"FearPotion"},{"floor":19,"key":"Dexterity Potion"},{"floor":22,"key":"Energy Potion"},{"floor":23,"key":"SpeedPotion"},{"floor":36,"key":"EntropicBrew"}],"is_trial":false,"path_per_floor":["M","M","?","T","M","E","R","M","T","E","?","M","$","M","R","B",null,"M","M","$","?","M","E","R","E","T","E","T","$","?","M","R","B",null,"M","M","M"],"character_chosen":"THE_SILENT","items_purchased":["Footwork","Prepared","Orichalcum","Sling","PiercingWail","Prepared"],"campfire_rested":3,"item_purchase_floors":[13,13,13,20,20,29],"current_hp_per_floor":[70,70,70,70,70,43,43,40,40,16,16,16,16,27,48,30,70,61,61,61,35,32,5,15,14,14,13,13,13,13,13,35,27,35,35,35,0],"gold":325,"neow_bonus":"REMOVE_CARD","is_prod":false,"is_daily":false,"chose_seed":false,"campfire_upgraded":1,"win_rate":0,"timestamp":1548356554,"path_taken":["M","M","?","?","?","E","R","M","T","E","?","M","$","M","R","BOSS","M","M","$","?","M","E","R","E","T","E","?","$","?","M","R","BOSS","M","M","M"],"build_version":"2019-01-23","purchased_purges":2,"victory":false,"max_hp_per_floor":[70,70,70,70,70,70,70,70,70,70,70,70,70,70,70,70,70,70,70,70,35,35,35,35,35,35,35,35,35,35,35,35,35,35,35,35,35],"card_choices":[{"not_picked":["Deadly Poison","Dagger Throw"],"picked":"Backflip","floor":1},{"not_picked":["Reflex","Heel Hook"],"picked":"Noxious Fumes","floor":2},{"not_picked":["Underhanded Strike","Choke"],"picked":"Acrobatics","floor":5},{"not_picked":["Terror","Flying Knee"],"picked":"Cloak And Dagger","floor":6},{"not_picked":["Blade Dance","Noxious Fumes"],"picked":"Leg Sweep","floor":8},{"not_picked":["Acrobatics","Quick Slash"],"picked":"Terror","floor":10},{"not_picked":["Dagger Throw","Masterful Stab"],"picked":"Backstab","floor":12},{"not_picked":["Calculated Gamble","Dagger Spray"],"picked":"Envenom","floor":14},{"not_picked":["Storm of Steel","Corpse Explosion"],"picked":"After Image","floor":16},{"not_picked":["Predator","Terror"],"picked":"Escape Plan","floor":18},{"not_picked":["Finisher","Acrobatics+1"],"picked":"Dodge and Roll","floor":19},{"not_picked":["Backflip","Outmaneuver"],"picked":"Escape Plan+1","floor":22},{"not_picked":["Accuracy","Distraction","Poisoned Stab"],"picked":"SKIP","floor":23},{"not_picked":["Deadly Poison","All Out Attack","Underhanded Strike","Terror"],"picked":"SKIP","floor":25},{"not_picked":["Noxious Fumes+1","Flying Knee","Accuracy+1"],"picked":"PiercingWail","floor":27},{"not_picked":["Endless Agony+1","Backstab","Dodge and Roll","Venomology"],"picked":"SKIP","floor":31},{"not_picked":["After Image","Bullet Time","Envenom"],"picked":"Adrenaline","floor":33},{"not_picked":["Poisoned Stab+1","Backflip+1"],"picked":"SKIP","floor":35},{"not_picked":["Leg Sweep","Sucker Punch"],"picked":"SKIP","floor":36}],"player_experience":113260,"relics_obtained":[{"floor":4,"key":"Gremlin Horn"},{"floor":6,"key":"Bag of Marbles"},{"floor":10,"key":"Bottled Tornado"},{"floor":23,"key":"Question Card"},{"floor":25,"key":"Bottled Flame"},{"floor":26,"key":"Regal Pillow"},{"floor":27,"key":"Tiny Chest"},{"floor":28,"key":"Mercury Hourglass"}],"event_choices":[{"damage_healed":0,"gold_gain":175,"player_choice":"AGREE","damage_taken":0,"max_hp_gain":0,"max_hp_loss":0,"event_name":"Liars Game","floor":3,"gold_loss":0,"cards_obtained":["Doubt"]},{"damage_healed":0,"gold_gain":0,"player_choice":"Take Wound","damage_taken":0,"relics_obtained":["Golden Idol"],"max_hp_gain":0,"max_hp_loss":0,"event_name":"Golden Idol","floor":11,"gold_loss":0,"cards_obtained":["Injury"]},{"damage_healed":0,"gold_gain":0,"player_choice":"Became a Ghost","damage_taken":0,"max_hp_gain":0,"max_hp_loss":35,"event_name":"Ghosts","floor":21,"gold_loss":0,"cards_obtained":["Ghostly","Ghostly","Ghostly","Ghostly","Ghostly"]},{"damage_healed":0,"gold_gain":100,"player_choice":"Pray","damage_taken":0,"max_hp_gain":0,"max_hp_loss":0,"event_name":"Golden Shrine","floor":30,"gold_loss":0}],"is_beta":false,"boss_relics":[{"not_picked":["Ring of the Serpent","Fusion Hammer"],"picked":"Empty Cage"},{"not_picked":["Coffee Dripper","Pandora\u0027s Box"],"picked":"Busted Crown"}],"items_purged_floors":[13,29],"is_endless":false,"potions_floor_spawned":[6,10,12,16,19,22,23,36],"killed_by":"Sphere and 2 Shapes","ascension_level":0}