{"path_per_floor":["M","$","?","?","?","R","M","R","T","M","E","R","M","$","R","B",null,"M","?","M","?","M","R","E","R","T","E","R","M","R","M","R"],"character_chosen":"IRONCLAD","items_purchased":["Inflame","True Grit","Heavy Blade"],"gold_per_floor":[116,40,40,40,40,40,53,53,53,68,101,101,119,16,16,119,119,131,131,146,146,158,158,191,191,491,517,517,536,536,548,548],"floor_reached":33,"campfire_rested":3,"playtime":1236,"current_hp_per_floor":[80,80,80,80,80,80,80,80,80,75,63,63,61,61,61,23,80,66,66,39,39,46,70,56,80,80,50,50,32,56,61,61],"items_purged":[],"gold":548,"score":340,"play_id":"78354078-ba22-4358-a860-c946d59113de","local_time":"20180311113108","is_prod":false,"is_daily":false,"is_ascension_mode":true,"campfire_upgraded":6,"timestamp":1520764268,"path_taken":["M","$","?","?","?","R","?","R","T","M","E","R","M","?","R","BOSS","M","?","M","?","M","R","E","R","T","E","R","M","R","M","R","BOSS"],"build_version":"2018-03-09","purchased_purges":0,"victory":false,"master_deck":["Strike_R+1","Strike_R+1","Strike_R+1","Strike_R+1","Defend_R+1","Defend_R+1","Defend_R+1","Defend_R+1","Bash","Limit Break+1","Pummel+1","Inflame+1","Injury","Twin Strike","Sword Boomerang+1","Sentinel+1","True Grit+1","Heavy Blade+1","Clothesline+1","Iron Wave","Ghostly Armor+1"],"max_hp_per_floor":[80,80,80,80,80,80,80,80,80,80,80,80,80,80,80,80,80,80,80,80,80,80,80,80,80,80,80,80,80,80,80,80],"relics":["Burning Blood","Blue Candle","Frozen Eye","Du-Vu Doll","Lizard Tail","Gremlin Horn","Old Coin","War Paint"],"card_choices":[{"not_picked":["Body Slam","Havoc"],"picked":"Pummel"},{"not_picked":["Entrench","True Grit"],"picked":"Twin Strike"},{"not_picked":["Body Slam","Clash"],"picked":"Sword Boomerang"},{"not_picked":["Body Slam","Anger"],"picked":"Sentinel"},{"not_picked":["Anger","Battle Trance"],"picked":"Clothesline"},{"not_picked":["Carnage","Warcry"],"picked":"Iron Wave"},{"not_picked":["Spot Weakness","Sentinel"],"picked":"Ghostly Armor"}],"player_experience":193454,"potions_floor_usage":[13,16,18,27,31,33],"damage_taken":[{"damage":0.0,"enemies":"Small Slimes","floor":1.0,"turns":3.0},{"damage":1.0,"enemies":"Cultist","floor":7.0,"turns":3.0},{"damage":11.0,"enemies":"2 Louse","floor":10.0,"turns":3.0},{"damage":18,"enemies":"Gremlin Nob","floor":11,"turns":3},{"damage":8,"enemies":"Blue Slaver","floor":13,"turns":2},{"damage":44,"enemies":"The Guardian","floor":16,"turns":10},{"damage":20,"enemies":"2 Thieves","floor":18,"turns":5},{"damage":33,"enemies":"3 Byrds","floor":20,"turns":6},{"damage":46,"enemies":"Snake Plant","floor":22,"turns":5},{"damage":20,"enemies":"Slavers","floor":24,"turns":4},{"damage":36,"enemies":"Book of Stabbing","floor":27,"turns":5},{"damage":24,"enemies":"Centurion and Healer","floor":29,"turns":4},{"damage":1,"enemies":"Snecko","floor":31,"turns":3},{"damage":69,"enemies":"Collector","floor":33,"turns":6}],"event_choices":[{"event_name":"Accursed Blacksmith","player_choice":"Forge","floor":3.0,"damage_taken":0.0},{"event_name":"Big Fish","player_choice":"Box","floor":4.0,"damage_taken":0.0},{"event_name":"Living Wall","player_choice":"Forget","floor":5.0,"damage_taken":0.0},{"event_name":"Bonfire Elementals","player_choice":"BASIC","floor":19,"damage_taken":0},{"event_name":"Back to Basics","player_choice":"Simplicity","floor":21,"damage_taken":0}],"boss_relics":[{"not_picked":["Pandora\u0027s Box","Orrery"],"picked":"Lizard Tail"}],"potions_floor_spawned":[7,13,16,20,22,27],"seed_played":"1061829855783092610","killed_by":"Collector","ascension_level":4,"is_trial":false}