{"gold_per_floor":[99,99,111,111,127,127,161,180,180,180,37,57,67,97,97,193,193,203,54,54,69,82,82,82,82,82,133,152,171,171,171,171,270,320,338,338,354,157,171,171,21,21,21,21,21,21,21,21],"floor_reached":48,"playtime":2317,"items_purged":["Defend_G","Regret","Pain","Decay"],"score":488,"play_id":"afa65032-e0bc-4be4-bca8-904d7dabce09","local_time":"20181014164134","is_ascension_mode":false,"campfire_choices":[{"data":"Neutralize","floor":6.0,"key":"SMITH"},{"floor":10.0,"key":"REST"},{"data":"After Image","floor":15.0,"key":"SMITH"},{"floor":23.0,"key":"REST"},{"data":"After Image","floor":25.0,"key":"SMITH"},{"floor":30.0,"key":"REST"},{"floor":32.0,"key":"REST"},{"floor":40,"key":"REST"},{"data":"Night Terror","floor":42,"key":"SMITH"},{"data":"Infinite Blades","floor":45,"key":"SMITH"}],"neow_cost":"NONE","seed_source_timestamp":0,"circlet_count":0,"master_deck":["Defend_G","Strike_G","Strike_G+1","Strike_G","Survivor","Neutralize+1","Finisher","Backstab","Poisoned Stab","Slice","Bouncing Flask","Noxious Fumes","Poisoned Stab","Catalyst","After Image+1","After Image+1","Bane+1","Bane","Quick Slash+1","Leg Sweep","Blur+1","Night Terror+1","PiercingWail","Outmaneuver","Acrobatics","Infinite Blades+1","Finisher+1"],"special_seed":0,"relics":["Ring of the Snake","Bottled Flame","Matryoshka","Sundial","Calling Bell","Centennial Puzzle","Pantograph","StoneCalendar","Kunai","Pear","Boot","Happy Flower","Tiny House","Question Card"],"potions_floor_usage":[35,37,39],"damage_taken":[{"damage":4.0,"enemies":"2 Louse","floor":1.0,"turns":4.0},{"damage":0.0,"enemies":"Cultist","floor":3.0,"turns":2.0},{"damage":0.0,"enemies":"Small Slimes","floor":5.0,"turns":2.0},{"damage":14.0,"enemies":"3 Sentries","floor":7.0,"turns":5.0},{"damage":0.0,"enemies":"Exordium Wildlife","floor":8.0,"turns":1.0},{"damage":0.0,"enemies":"2 Fungi Beasts","floor":12.0,"turns":2.0},{"damage":1.0,"enemies":"Red Slaver","floor":13.0,"turns":2.0},{"damage":0.0,"enemies":"Gremlin Nob","floor":14.0,"turns":2.0},{"damage":12.0,"enemies":"Hexaghost","floor":16.0,"turns":8.0},{"damage":25.0,"enemies":"Shell Parasite","floor":18.0,"turns":4.0},{"damage":12.0,"enemies":"3 Byrds","floor":21.0,"turns":6.0},{"damage":27.0,"enemies":"Sentry and Sphere","floor":22.0,"turns":5.0},{"damage":23.0,"enemies":"Snake Plant","floor":28.0,"turns":4.0},{"damage":7.0,"enemies":"Snecko","floor":29.0,"turns":4.0},{"damage":53.0,"enemies":"Champ","floor":33.0,"turns":12.0},{"damage":30,"enemies":"3 Darklings","floor":35,"turns":7},{"damage":12,"enemies":"3 Shapes","floor":37,"turns":5},{"damage":49,"enemies":"Transient","floor":39,"turns":5},{"damage":43,"enemies":"Maw","floor":48,"turns":6}],"seed_played":"-2444878696766509765","potions_obtained":[{"floor":1.0,"key":"Poison Potion"},{"floor":5.0,"key":"PowerPotion"},{"floor":12.0,"key":"Fire Potion"},{"floor":13.0,"key":"SkillPotion"},{"floor":22.0,"key":"Poison Potion"},{"floor":28.0,"key":"SkillPotion"},{"floor":33.0,"key":"Poison Potion"},{"floor":34.0,"key":"Regen Potion"},{"floor":37,"key":"SkillPotion"},{"floor":39,"key":"SkillPotion"}],"is_trial":false,"path_per_floor":["M","?","M","?","M","R","E","M","T","R","$","M","M","E","R","B",null,"M","$","?","M","M","R","?","R","T","T","M","M","R","?","R","B",null,"M","?","M","$","M","R","$","R","T","?","R","$","?"],"character_chosen":"THE_SILENT","items_purchased":["Noxious Fumes","Bane","Infinite Blades"],"campfire_rested":5,"item_purchase_floors":[11,19,38],"current_hp_per_floor":[66,59,59,45,45,45,31,31,31,52,52,52,51,51,51,39,70,45,45,45,33,6,27,27,27,37,37,14,7,30,16,40,12,87,57,57,59,59,10,36,36,36,36,36,36,36,36,0],"gold":21,"neow_bonus":"TRANSFORM_CARD","is_prod":false,"is_daily":false,"chose_seed":false,"campfire_upgraded":5,"win_rate":0.0,"timestamp":1539488494,"path_taken":["M","?","?","?","M","R","E","?","T","R","?","M","M","E","R","BOSS","M","$","?","M","M","R","?","R","T","?","M","M","R","?","R","BOSS","M","?","M","$","?","R","$","R","T","?","R","$","?","M"],"build_version":"2018-10-11","purchased_purges":4,"victory":false,"max_hp_per_floor":[70,70,70,70,70,70,70,70,70,70,70,70,70,70,70,70,70,70,70,70,70,70,70,67,67,77,77,77,77,77,82,82,82,87,87,87,87,87,87,87,87,87,87,87,87,87,87,87],"card_choices":[{"not_picked":["Acrobatics","Dagger Spray"],"picked":"Backstab","floor":1.0},{"not_picked":["Heel Hook","Sucker Punch"],"picked":"Poisoned Stab","floor":3.0},{"not_picked":["Predator","Bane"],"picked":"Slice","floor":5.0},{"not_picked":["Sucker Punch","Tactician"],"picked":"Bouncing Flask","floor":7.0},{"not_picked":["Escape Plan","Bane","Deflect"],"picked":"SKIP","floor":8.0},{"not_picked":["Well Laid Plans","Outmaneuver"],"picked":"Poisoned Stab","floor":12.0},{"not_picked":["Heel Hook","Glass Knife"],"picked":"Catalyst","floor":13.0},{"not_picked":["Tactician","Calculated Gamble"],"picked":"After Image","floor":14.0},{"not_picked":["Night Terror","Adrenaline"],"picked":"After Image","floor":16.0},{"not_picked":["Slice","Dagger Throw"],"picked":"Bane","floor":18.0},{"not_picked":["Underhanded Strike","Dagger Throw","Wraith Form v2"],"picked":"SKIP","floor":21.0},{"not_picked":["Slice","Caltrops"],"picked":"Quick Slash+1","floor":22.0},{"not_picked":["Deflect","Acrobatics"],"picked":"Leg Sweep","floor":28.0},{"not_picked":["Slice","Footwork"],"picked":"Blur+1","floor":29.0},{"not_picked":["Bullet Time","Malaise"],"picked":"Night Terror","floor":33.0},{"not_picked":["Acrobatics","Outmaneuver"],"picked":"PiercingWail","floor":34.0},{"not_picked":["Deadly Poison","Expertise"],"picked":"Outmaneuver","floor":35},{"not_picked":["Outmaneuver","Leg Sweep","Backflip"],"picked":"SKIP","floor":37},{"not_picked":["Dagger Throw+1","Doppelganger"],"picked":"Finisher+1","floor":39}],"player_experience":32606,"relics_obtained":[{"floor":7.0,"key":"Bottled Flame"},{"floor":9.0,"key":"Matryoshka"},{"floor":14.0,"key":"Sundial"},{"floor":17.0,"key":"Centennial Puzzle"},{"floor":17.0,"key":"Pantograph"},{"floor":17.0,"key":"StoneCalendar"},{"floor":26.0,"key":"Kunai"},{"floor":26.0,"key":"Pear"},{"floor":27.0,"key":"Boot"},{"floor":27.0,"key":"Happy Flower"},{"floor":43,"key":"Question Card"}],"event_choices":[{"event_name":"Golden Wing","player_choice":"Card Removal","floor":2.0,"damage_taken":0.0},{"event_name":"Shining Light","player_choice":"Entered Light","floor":4.0,"damage_taken":0.0},{"event_name":"Transmorgrifier","player_choice":"Transform","floor":20.0,"damage_taken":0.0},{"event_name":"Drug Dealer","player_choice":"Became Test Subject","floor":24.0,"damage_taken":0.0},{"event_name":"Forgotten Altar","player_choice":"Shed Blood","floor":31.0,"damage_taken":0.0},{"event_name":"Transmorgrifier","player_choice":"Transform","floor":36,"damage_taken":0},{"event_name":"Purifier","player_choice":"One Purge","floor":44,"damage_taken":0},{"event_name":"Bonfire Elementals","player_choice":"BASIC","floor":47,"damage_taken":0}],"is_beta":false,"boss_relics":[{"not_picked":["Snecko Eye","Ectoplasm"],"picked":"Calling Bell"},{"not_picked":["Fusion Hammer","Black Star"],"picked":"Tiny House"}],"items_purged_floors":[11,19,38,41],"is_endless":false,"potions_floor_spawned":[1,5,12,13,22,28,33,37,39],"killed_by":"Maw","ascension_level":0}