{"gold_per_floor":[113,57,74,74,88,120,120,120,147,178,178,158,158,177,177,254,254,274,289,289,289,300,300,58,58,58,58,83,83,108,23,23,23],"floor_reached":33,"playtime":1022,"items_purged":["Strike_B"],"score":642,"play_id":"e0df7a0f-6b45-4364-a414-a5083245eb45","local_time":"20181228203246","is_ascension_mode":true,"campfire_choices":[{"data":"Hologram","floor":8.0,"key":"SMITH"},{"data":"Buffer","floor":11.0,"key":"SMITH"},{"data":"Dualcast","floor":13.0,"key":"SMITH"},{"data":"Coolheaded","floor":15.0,"key":"SMITH"},{"data":"Fusion","floor":23.0,"key":"SMITH"},{"data":"Electrodynamics","floor":25.0,"key":"SMITH"},{"floor":27.0,"key":"REST"},{"floor":32.0,"key":"REST"}],"neow_cost":"NONE","seed_source_timestamp":36560977633809,"circlet_count":0,"master_deck":["AscendersBane","Strike_B","Strike_B","Strike_B","Defend_B+1","Defend_B","Defend_B","Defend_B","Zap+1","Dualcast+1","Ball Lightning","Streamline+1","Rebound","Hologram+1","Buffer+1","Coolheaded+1","Reboot","Undo","Sweeping Beam+1","Necronomicurse","Fusion+1","Electrodynamics+1","Sunder","Turbo"],"special_seed":0,"relics":["Cracked Core","War Paint","Oddly Smooth Stone","Orichalcum","White Beast Statue","Necronomicon","Bag of Marbles","Regal Pillow","Red Mask","Ice Cream"],"potions_floor_usage":[],"damage_taken":[{"damage":6.0,"enemies":"2 Louse","floor":1.0,"turns":3.0},{"damage":0.0,"enemies":"Cultist","floor":3.0,"turns":3.0},{"damage":7.0,"enemies":"Jaw Worm","floor":5.0,"turns":2.0},{"damage":8.0,"enemies":"Gremlin Nob","floor":6.0,"turns":3.0},{"damage":0.0,"enemies":"Exordium Thugs","floor":7.0,"turns":1.0},{"damage":14.0,"enemies":"Lagavulin","floor":10.0,"turns":4.0},{"damage":0.0,"enemies":"Looter","floor":14.0,"turns":3.0},{"damage":0.0,"enemies":"Slime Boss","floor":16.0,"turns":6.0},{"damage":22.0,"enemies":"3 Byrds","floor":18.0,"turns":5.0},{"damage":0.0,"enemies":"Spheric Guardian","floor":19.0,"turns":4.0},{"damage":5.0,"enemies":"Centurion and Healer","floor":22.0,"turns":7.0},{"damage":27.0,"enemies":"Slavers","floor":28.0,"turns":4.0},{"damage":12.0,"enemies":"Masked Bandits","floor":30.0,"turns":3.0},{"damage":64,"enemies":"Automaton","floor":33,"turns":8}],"seed_played":"-6877901521728248125","potions_obtained":[{"floor":3.0,"key":"EntropicBrew"},{"floor":5.0,"key":"Fire Potion"},{"floor":12.0,"key":"Fruit Juice"},{"floor":14.0,"key":"Block Potion"},{"floor":18.0,"key":"EntropicBrew"},{"floor":19.0,"key":"Fire Potion"},{"floor":22.0,"key":"SmokeBomb"},{"floor":28.0,"key":"Ancient Potion"}],"is_trial":false,"path_per_floor":["M","$","M","?","M","E","M","R","T","E","R","?","R","M","R","B",null,"M","M","?","?","M","R","$","R","T","R","E","$","?","?","R","B"],"character_chosen":"DEFECT","items_purchased":["Streamline","Electrodynamics"],"campfire_rested":2,"item_purchase_floors":[2,24],"current_hp_per_floor":[65,65,65,65,58,50,50,50,50,36,36,41,41,41,41,41,73,51,51,51,30,25,25,25,25,25,49,22,22,10,10,49,0],"gold":23,"neow_bonus":"TEN_PERCENT_HP_BONUS","is_prod":false,"is_daily":false,"chose_seed":false,"campfire_upgraded":6,"win_rate":0,"timestamp":1545996766,"path_taken":["M","$","M","?","M","E","?","R","T","E","R","?","R","M","R","BOSS","M","M","?","?","M","R","$","R","T","R","E","?","?","?","R","BOSS"],"build_version":"2018-12-20","purchased_purges":1,"victory":false,"max_hp_per_floor":[78,78,78,78,78,78,78,78,78,78,78,83,83,83,83,83,83,83,83,83,83,83,83,83,83,83,83,83,83,83,83,83,83],"card_choices":[{"not_picked":["Streamline","Consume"],"picked":"Ball Lightning","floor":1.0},{"not_picked":["Sweeping Beam","Heatsinks"],"picked":"Rebound","floor":3.0},{"not_picked":["Leap","Compile Driver"],"picked":"Hologram","floor":5.0},{"not_picked":["Blizzard","Tempest"],"picked":"Buffer","floor":6.0},{"not_picked":["Sweeping Beam","Steam","Reprogram"],"picked":"SKIP","floor":10.0},{"not_picked":["Hologram","Blizzard"],"picked":"Coolheaded","floor":14.0},{"not_picked":["Rainbow","Meteor Strike"],"picked":"Reboot","floor":16.0},{"not_picked":["Go for the Eyes","Doom and Gloom"],"picked":"Undo","floor":18.0},{"not_picked":["Leap","Auto Shields"],"picked":"Sweeping Beam+1","floor":19.0},{"not_picked":["Barrage","Melter"],"picked":"Fusion","floor":22.0},{"not_picked":["Auto Shields","Double Energy+1"],"picked":"Sunder","floor":28.0},{"not_picked":["Melter+1","Conserve Battery"],"picked":"Turbo","floor":30.0}],"player_experience":878431,"relics_obtained":[{"floor":6.0,"key":"War Paint"},{"floor":9.0,"key":"Oddly Smooth Stone"},{"floor":10.0,"key":"Orichalcum"},{"floor":21.0,"key":"Necronomicon"},{"floor":26.0,"key":"Bag of Marbles"},{"floor":28.0,"key":"Regal Pillow"},{"floor":30.0,"key":"Red Mask"}],"event_choices":[{"damage_healed":0.0,"max_hp_gain":0.0,"max_hp_loss":0.0,"gold_gain":0.0,"event_name":"Upgrade Shrine","player_choice":"Upgraded","floor":4.0,"gold_loss":0.0,"damage_taken":0.0,"cards_upgraded":["Streamline"]},{"damage_healed":0.0,"max_hp_gain":0.0,"max_hp_loss":0.0,"gold_gain":0.0,"event_name":"The Woman in Blue","player_choice":"Bought 1 Potion","floor":12.0,"gold_loss":0.0,"damage_taken":0.0},{"damage_healed":0.0,"max_hp_gain":0.0,"max_hp_loss":0.0,"gold_gain":0.0,"event_name":"Ghosts","player_choice":"Ignored","floor":20.0,"gold_loss":0.0,"damage_taken":0.0},{"damage_healed":0.0,"max_hp_gain":0.0,"max_hp_loss":0.0,"gold_gain":0.0,"event_name":"Cursed Tome","player_choice":"Obtained Book","floor":21.0,"gold_loss":0.0,"damage_taken":21.0},{"damage_healed":0.0,"max_hp_gain":0.0,"max_hp_loss":0.0,"gold_gain":0.0,"event_name":"Masked Bandits","player_choice":"Fought Bandits","floor":30.0,"gold_loss":0.0,"damage_taken":0.0},{"damage_healed":0.0,"max_hp_gain":0.0,"max_hp_loss":0.0,"gold_gain":0.0,"event_name":"Addict","player_choice":"Obtained Relic","floor":31.0,"gold_loss":85.0,"damage_taken":0.0,"relics_obtained":["Ice Cream"]}],"is_beta":false,"boss_relics":[{"not_picked":["Ectoplasm","Coffee Dripper"],"picked":"White Beast Statue"}],"items_purged_floors":[24],"is_endless":false,"potions_floor_spawned":[3,5,7,14,18,19,22,28,30],"killed_by":"Automaton","ascension_level":20}