{"path_per_floor":["M","?","$","T","M","R","E","R","T","?","?","M","M","M","R","B",null,"M","M","?","?","?","R","$","R","T","R","$","M","M","$","R","B",null,"M","?","M","M","$","R","M","R","T","?","R","M","?","?","R","B"],"character_chosen":"IRONCLAD","items_purchased":["Shrug It Off","Gremlin Horn","Shrug It Off","Impervious"],"gold_per_floor":[110,60,15,93,106,106,131,131,155,155,330,345,365,377,377,480,510,527,544,459,459,384,384,50,50,123,123,23,38,56,9,9,107,107,117,117,127,142,71,71,86,86,109,164,164,180,180,180,180,180],"floor_reached":51,"campfire_rested":3,"playtime":2407,"current_hp_per_floor":[80,80,80,80,80,80,14,38,38,38,38,44,59,65,65,64,85,71,67,74,74,74,74,74,74,74,74,74,72,69,69,92,18,92,91,91,86,75,75,75,60,87,87,79,79,87,92,92,92,72],"items_purged":["Strike_R","Strike_R"],"gold":180,"score":693,"play_id":"404bf703-17fc-468b-9ab4-4e1d4733223b","local_time":"20180326211641","is_prod":false,"is_daily":false,"is_ascension_mode":false,"campfire_upgraded":8,"timestamp":1522091801,"path_taken":["M","?","$","?","?","R","E","R","T","?","?","M","M","M","R","BOSS","M","?","?","?","?","R","?","R","T","R","$","M","?","$","R","BOSS","M","?","M","M","$","R","M","R","T","?","R","?","?","?","R","BOSS"],"build_version":"2018-03-22v2","purchased_purges":2,"victory":true,"master_deck":["Defend_R","Defend_R","Defend_R+1","Defend_R","Bash","Pummel","Shrug It Off+1","Pummel+1","Headbutt","Body Slam+1","Body Slam+1","Barricade+1","Body Slam+1","Iron Wave","Shrug It Off+1","Juggernaut+1","Battle Trance","Rage","Entrench+1","Impervious","True Grit+1"],"max_hp_per_floor":[80,80,80,80,80,80,80,80,80,80,80,80,80,80,80,80,85,85,85,92,92,92,92,92,92,92,92,92,92,92,92,92,92,92,92,92,92,92,92,92,92,92,92,92,92,92,92,92,92,92],"relics":["Burning Blood","Toolbox","Omamori","Oddly Smooth Stone","Tiny House","Strawberry","Gremlin Horn","Molten Egg 2","Orrery","Blood Vial","Dead Branch"],"card_choices":[{"not_picked":["Warcry","Perfected Strike"],"picked":"Pummel","floor":1.0},{"not_picked":["Juggernaut","Cleave"],"picked":"Pummel","floor":5.0},{"not_picked":["Anger","Power Through"],"picked":"Headbutt","floor":7.0},{"not_picked":["Wild Strike","Sentinel"],"picked":"Body Slam","floor":13.0},{"not_picked":["Iron Wave","Sword Boomerang"],"picked":"Body Slam","floor":14.0},{"not_picked":["Dark Embrace","Feed"],"picked":"Barricade","floor":16.0},{"not_picked":["Warcry","Clash"],"picked":"Body Slam","floor":18.0},{"not_picked":["Havoc","Wild Strike"],"picked":"Iron Wave","floor":19.0},{"not_picked":["Feel No Pain","Twin Strike"],"picked":"Juggernaut","floor":34},{"not_picked":["True Grit","Headbutt"],"picked":"Battle Trance","floor":34},{"not_picked":["Thunderclap","Sword Boomerang"],"picked":"Rage","floor":34},{"not_picked":["Wild Strike","Anger"],"picked":"Entrench","floor":37},{"not_picked":["Pommel Strike","Heavy Blade"],"picked":"True Grit","floor":44}],"player_experience":164697,"potions_floor_usage":[38,44,50,50,50],"damage_taken":[{"damage":0.0,"enemies":"2 Louse","floor":1.0,"turns":3.0},{"damage":1.0,"enemies":"Jaw Worm","floor":5.0,"turns":6.0},{"damage":72.0,"enemies":"Lagavulin","floor":7.0,"turns":12.0},{"damage":0.0,"enemies":"Cultist","floor":12.0,"turns":3.0},{"damage":10.0,"enemies":"Exordium Thugs","floor":13.0,"turns":8.0},{"damage":0.0,"enemies":"Lots of Slimes","floor":14.0,"turns":4.0},{"damage":7.0,"enemies":"Slime Boss","floor":16.0,"turns":11.0},{"damage":20.0,"enemies":"2 Thieves","floor":18.0,"turns":5.0},{"damage":10.0,"enemies":"3 Byrds","floor":19.0,"turns":6.0},{"damage":8.0,"enemies":"Centurion and Healer","floor":29.0,"turns":4.0},{"damage":9.0,"enemies":"3 Cultists","floor":30.0,"turns":4.0},{"damage":80.0,"enemies":"Champ","floor":33.0,"turns":14.0},{"damage":7,"enemies":"Orb Walker","floor":35,"turns":4},{"damage":11,"enemies":"3 Shapes","floor":37,"turns":6},{"damage":17,"enemies":"Sphere and 2 Shapes","floor":38,"turns":8},{"damage":25,"enemies":"3 Darklings","floor":41,"turns":7},{"damage":31,"enemies":"Sphère mystérieuse","floor":44,"turns":8},{"damage":0,"enemies":"4 Shapes","floor":46,"turns":6},{"damage":26,"enemies":"Time Eater","floor":50,"turns":9}],"event_choices":[{"event_name":"The Cleric","player_choice":"Card Removal","floor":2.0,"damage_taken":0.0},{"event_name":"Living Wall","player_choice":"Grow","floor":10.0,"damage_taken":0.0},{"event_name":"Liars Game","player_choice":"agreed","floor":11.0,"damage_taken":0.0},{"event_name":"Addict","player_choice":"Obtained Relic","floor":20.0,"damage_taken":0.0},{"event_name":"Vampires","player_choice":"Ignored","floor":21.0,"damage_taken":0.0},{"event_name":"Beggar","player_choice":"Gave Gold","floor":22.0,"damage_taken":0.0},{"event_name":"Bonfire Elementals","player_choice":"BASIC","floor":36,"damage_taken":0},{"event_name":"Mysterious Sphere","player_choice":"Fight","floor":44,"damage_taken":0},{"event_name":"Winding Halls","player_choice":"Writhe","floor":47,"damage_taken":0},{"event_name":"Wheel of Change","player_choice":"Full Heal","floor":48,"damage_taken":0}],"boss_relics":[{"not_picked":["Mark of Pain","Black Blood"],"picked":"Orrery"}],"potions_floor_spawned":[7,12,13,14,18,30,38,41,44],"seed_played":"-2558054869079043864","ascension_level":0,"is_trial":false}