{"gold_per_floor":[11,11,86,86,100,127,127,146,446,446,406,426,66,78,78,176,176,189,104,104,104,104,104,119,119,145,145,161,161,173,186,186,290,290,305,319,5,5,24,24],"floor_reached":40,"playtime":2191,"items_purged":["Regret","Strike_B"],"score":411,"play_id":"06416d89-83bb-4133-aae2-af0e0482866d","local_time":"20190111165552","is_ascension_mode":false,"campfire_choices":[{"floor":7,"key":"REST"},{"floor":10,"key":"REST"},{"floor":15,"key":"DIG"},{"floor":23,"key":"RECALL"},{"data":"Darkness","floor":25,"key":"SMITH"},{"data":"Buffer","floor":29,"key":"SMITH"},{"floor":32,"key":"DIG"}],"neow_cost":"NO_GOLD","seed_source_timestamp":430232727262491,"circlet_count":0,"master_deck":["Strike_B","Strike_B","Defend_B","Defend_B","Defend_B","Defend_B","Zap","Dualcast","Undo","Melter","Doom and Gloom","Defragment","Sweeping Beam","Self Repair","Turbo","Defragment","Buffer+1","Darkness+1","Coolheaded+1","Defragment","Defragment","Darkness+1","Rainbow+1","Cold Snap+1","Redo+1","Apotheosis+1","Heatsinks","Madness+1","Madness+1","Storm+1"],"relics":["Cracked Core","Bird Faced Urn","Shovel","Symbiotic Virus","Question Card","MealTicket","Centennial Puzzle","Black Star","Toxic Egg 2","Nilry\u0027s Codex","Nloth\u0027s Gift","Potion Belt","Nuclear Battery"],"potions_floor_usage":[8,12,14,16,16,16,18,24,28,40],"damage_taken":[{"damage":0,"enemies":"Cultist","floor":1,"turns":3},{"damage":5,"enemies":"Small Slimes","floor":5,"turns":3},{"damage":34,"enemies":"Lagavulin","floor":6,"turns":7},{"damage":2,"enemies":"2 Louse","floor":8,"turns":2},{"damage":9,"enemies":"Large Slime","floor":12,"turns":5},{"damage":11,"enemies":"Exordium Thugs","floor":14,"turns":4},{"damage":21,"enemies":"The Guardian","floor":16,"turns":8},{"damage":9,"enemies":"Chosen","floor":18,"turns":5},{"damage":10,"enemies":"2 Thieves","floor":24,"turns":3},{"damage":27,"enemies":"Sentry and Sphere","floor":28,"turns":4},{"damage":0,"enemies":"Snecko","floor":30,"turns":4},{"damage":23,"enemies":"Centurion and Healer","floor":31,"turns":8},{"damage":67,"enemies":"Collector","floor":33,"turns":9},{"damage":0,"enemies":"Orb Walker","floor":35,"turns":3},{"damage":25,"enemies":"3 Darklings","floor":36,"turns":4},{"damage":2,"enemies":"Maw","floor":39,"turns":6},{"damage":94,"enemies":"Giant Head","floor":40,"turns":8}],"seed_played":"4783634857885729542","potions_obtained":[{"floor":6,"key":"SkillPotion"},{"floor":11,"key":"AttackPotion"},{"floor":11,"key":"Block Potion"},{"floor":11,"key":"LiquidBronze"},{"floor":12,"key":"PowerPotion"},{"floor":14,"key":"PowerPotion"},{"floor":16,"key":"AttackPotion"},{"floor":18,"key":"AttackPotion"},{"floor":24,"key":"GamblersBrew"},{"floor":30,"key":"LiquidBronze"},{"floor":39,"key":"FearPotion"}],"is_trial":false,"path_per_floor":["M","?","?","?","M","E","R","M","T","R","?","M","$","M","R","B",null,"M","?","?","?","?","R","M","R","T","?","M","R","M","M","R","B",null,"M","M","$","?","M","E"],"character_chosen":"DEFECT","items_purchased":["MealTicket","Self Repair","Turbo","Apotheosis+1","Heatsinks"],"campfire_rested":2,"item_purchase_floors":[13,13,13,37,37],"current_hp_per_floor":[75,75,64,57,52,18,40,38,38,60,60,53,53,53,53,47,75,75,75,75,59,59,59,64,64,64,64,50,50,63,61,61,25,75,75,56,71,62,75,0],"gold":24,"neow_bonus":"ONE_RARE_RELIC","is_prod":false,"is_daily":false,"chose_seed":false,"campfire_upgraded":2,"win_rate":0,"timestamp":1547178952,"path_taken":["M","?","?","?","M","E","R","M","T","R","?","M","$","M","R","BOSS","M","?","?","?","?","R","M","R","T","?","?","R","M","M","R","BOSS","M","M","$","?","M","E"],"build_version":"2019-01-10","purchased_purges":2,"victory":false,"max_hp_per_floor":[75,75,75,75,75,75,75,75,75,75,75,75,75,75,75,75,75,75,75,75,75,75,75,75,75,75,75,75,75,75,75,75,75,75,75,75,75,75,75,75],"card_choices":[{"not_picked":["Beam Cell","Rebound"],"picked":"Undo","floor":1},{"not_picked":["Leap","Tempest"],"picked":"Melter","floor":5},{"not_picked":["BootSequence","Coolheaded"],"picked":"Doom and Gloom","floor":6},{"not_picked":["Capacitor","Static Discharge","White Noise"],"picked":"Defragment","floor":8},{"not_picked":["Turbo","Leap","Hologram"],"picked":"Sweeping Beam","floor":12},{"not_picked":["Compile Driver","Streamline","Conserve Battery"],"picked":"Defragment","floor":14},{"not_picked":["Hyperbeam","Rainbow","Amplify"],"picked":"Buffer","floor":16},{"not_picked":["Gash","Compile Driver+1","Steam"],"picked":"Darkness","floor":18},{"not_picked":["Cold Snap","Beam Cell","Conserve Battery+1"],"picked":"Coolheaded+1","floor":24},{"not_picked":["Conserve Battery+1","Electrodynamics","Turbo+1"],"picked":"Defragment","floor":28},{"not_picked":["Ball Lightning+1","Sweeping Beam","Rebound"],"picked":"Defragment","floor":30},{"not_picked":["Biased Cognition","Gash","Conserve Battery+1"],"picked":"Darkness+1","floor":31},{"not_picked":["Thunder Strike","All For One","Electrodynamics"],"picked":"Rainbow+1","floor":33},{"not_picked":["Gash+1","Force Field+1","Rebound+1"],"picked":"Cold Snap+1","floor":35},{"not_picked":["Turbo+1","Ball Lightning+1","Melter"],"picked":"Redo+1","floor":36},{"not_picked":["Rebound","FTL+1","Buffer"],"picked":"Storm+1","floor":39}],"player_experience":568869,"relics_obtained":[{"floor":6,"key":"Question Card"},{"floor":9,"key":"Old Coin"},{"floor":15,"key":"Centennial Puzzle"},{"floor":21,"key":"Nilry\u0027s Codex"},{"floor":32,"key":"Potion Belt"}],"event_choices":[{"damage_healed":0,"gold_gain":0,"player_choice":"Box","damage_taken":0,"relics_obtained":["Shovel"],"max_hp_gain":0,"max_hp_loss":0,"event_name":"Big Fish","floor":2,"gold_loss":0,"cards_obtained":["Regret"]},{"damage_healed":0,"gold_gain":75,"player_choice":"Gather Gold","damage_taken":11,"max_hp_gain":0,"max_hp_loss":0,"event_name":"World of Goop","floor":3,"gold_loss":0},{"damage_healed":0,"gold_gain":0,"player_choice":"Success","damage_taken":7,"relics_obtained":["Symbiotic Virus"],"max_hp_gain":0,"max_hp_loss":0,"event_name":"Scrap Ooze","floor":4,"gold_loss":0},{"damage_healed":0,"gold_gain":0,"player_choice":"Bought 3 Potions","damage_taken":0,"max_hp_gain":0,"max_hp_loss":0,"event_name":"The Woman in Blue","floor":11,"gold_loss":0},{"damage_healed":0,"gold_gain":0,"player_choice":"Obtained Relic","damage_taken":0,"relics_obtained":["Toxic Egg 2"],"max_hp_gain":0,"max_hp_loss":0,"event_name":"Addict","floor":19,"gold_loss":85},{"damage_healed":0,"gold_gain":0,"player_choice":"Ignored","damage_taken":0,"max_hp_gain":0,"max_hp_loss":0,"event_name":"Ghosts","floor":20,"gold_loss":0},{"damage_healed":0,"gold_gain":0,"player_choice":"Obtained Book","damage_taken":16,"max_hp_gain":0,"max_hp_loss":0,"event_name":"Cursed Tome","floor":21,"gold_loss":0},{"cards_removed":["Strike_B"],"damage_healed":0,"gold_gain":0,"player_choice":"Elegance","damage_taken":0,"max_hp_gain":0,"max_hp_loss":0,"event_name":"Back to Basics","floor":22,"gold_loss":0},{"damage_healed":0,"gold_gain":0,"player_choice":"Traded Relic","damage_taken":0,"relics_obtained":["Nloth\u0027s Gift"],"max_hp_gain":0,"max_hp_loss":0,"event_name":"N\u0027loth","floor":27,"relics_lost":["Old Coin"],"gold_loss":0},{"damage_healed":0,"gold_gain":0,"player_choice":"Embrace Madness","damage_taken":9,"max_hp_gain":0,"max_hp_loss":0,"event_name":"Winding Halls","floor":38,"gold_loss":0,"cards_obtained":["Madness","Madness"]}],"is_beta":false,"boss_relics":[{"not_picked":["Runic Pyramid","Ectoplasm"],"picked":"Black Star"},{"not_picked":["Runic Dome","FrozenCore"],"picked":"Nuclear Battery"}],"items_purged_floors":[13,37],"is_endless":false,"potions_floor_spawned":[6,12,14,16,18,24,30,39],"killed_by":"Giant Head","ascension_level":0}