{"gold_per_floor":[210,210,210,229,239,270,270,300,300,300,318,351,16,30,30,30],"floor_reached":16,"playtime":451,"items_purged":["Strike_B"],"score":240,"play_id":"a5ff972e-23f8-47ef-a912-a17ea45803f2","local_time":"20190126003638","is_ascension_mode":true,"campfire_choices":[{"floor":7,"key":"REST"},{"floor":10,"key":"REST"},{"floor":15,"key":"REST"}],"neow_cost":"NONE","seed_source_timestamp":0,"circlet_count":0,"master_deck":["AscendersBane","Strike_B","Strike_B","Defend_B","Defend_B","Defend_B","Defend_B","Zap","Dualcast","Cold Snap","Melter","Sweeping Beam","Hologram","Biased Cognition","Sunder","Genetic Algorithm","Conserve Battery"],"special_seed":0,"relics":["Cracked Core","Strawberry","Calipers","Bronze Scales","Anchor","Membership Card"],"potions_floor_usage":[6,8,12,16,16],"damage_taken":[{"damage":4.0,"enemies":"Jaw Worm","floor":1.0,"turns":5.0},{"damage":3,"enemies":"Small Slimes","floor":4,"turns":2},{"damage":0,"enemies":"Cultist","floor":5,"turns":3},{"damage":34,"enemies":"Lagavulin","floor":6,"turns":6},{"damage":19,"enemies":"3 Sentries","floor":8,"turns":6},{"damage":0,"enemies":"2 Fungi Beasts","floor":11,"turns":3},{"damage":18,"enemies":"Lagavulin","floor":12,"turns":6},{"damage":0,"enemies":"3 Louse","floor":14,"turns":2},{"damage":37,"enemies":"Hexaghost","floor":16,"turns":9}],"seed_played":"8258005752389194055","potions_obtained":[{"floor":5,"key":"Strength Potion"},{"floor":6,"key":"SneckoOil"},{"floor":11,"key":"FocusPotion"}],"is_trial":false,"path_per_floor":["M","?","?","M","M","E","R","E","T","R","M","E","$","M","R","B"],"character_chosen":"DEFECT","items_purchased":["Membership Card","Conserve Battery","FearPotion","Energy Potion"],"campfire_rested":3,"item_purchase_floors":[13,13,13,13],"current_hp_per_floor":[60,41,41,38,38,4,27,8,8,31,31,13,13,13,36,0],"gold":30,"neow_bonus":"HUNDRED_GOLD","is_prod":false,"is_daily":false,"chose_seed":false,"campfire_upgraded":0,"win_rate":0,"timestamp":1548430598,"path_taken":["M","?","?","M","M","E","R","E","T","R","M","E","$","M","R","BOSS"],"build_version":"2019-01-23","purchased_purges":1,"victory":false,"max_hp_per_floor":[71,78,78,78,78,78,78,78,78,78,78,78,78,78,78,78],"card_choices":[{"not_picked":["Coolheaded","Barrage"],"picked":"Cold Snap","floor":1.0},{"not_picked":["Compile Driver","Consume"],"picked":"Melter","floor":4},{"not_picked":["Blizzard","Steam Power"],"picked":"Sweeping Beam","floor":5},{"not_picked":["Stack","Consume"],"picked":"Hologram","floor":6},{"not_picked":["Beam Cell","Redo"],"picked":"Biased Cognition","floor":8},{"not_picked":["Cold Snap","Hologram"],"picked":"Sunder","floor":11},{"not_picked":["Beam Cell","Leap"],"picked":"Genetic Algorithm","floor":12},{"not_picked":["BootSequence","Skim","Gash"],"picked":"SKIP","floor":14}],"player_experience":1075930,"relics_obtained":[{"floor":6,"key":"Calipers"},{"floor":8,"key":"Bronze Scales"},{"floor":12,"key":"Anchor"}],"event_choices":[{"damage_healed":0.0,"max_hp_gain":0.0,"max_hp_loss":0.0,"gold_gain":0.0,"event_name":"Scrap Ooze","player_choice":"Success","floor":2.0,"gold_loss":0.0,"damage_taken":26.0,"relics_obtained":["Strawberry"]},{"cards_removed":["Strike_B"],"damage_healed":0.0,"max_hp_gain":0.0,"max_hp_loss":0.0,"gold_gain":0.0,"event_name":"Purifier","player_choice":"Purged","floor":3.0,"gold_loss":0.0,"damage_taken":0.0}],"is_beta":false,"boss_relics":[],"items_purged_floors":[13],"is_endless":false,"potions_floor_spawned":[5,6,11],"killed_by":"Hexaghost","ascension_level":20}