{"gold_per_floor":[116,134,158,178,189,189,189,206,206,206,235,235,269,77,77,150,150,170,185,41,56,67,67,67,82,105,105,119,119,119,119],"floor_reached":31,"playtime":883,"items_purged":["Strike_B"],"score":564,"play_id":"4347c3fa-18b3-40b9-861b-440c02d99769","local_time":"20180716144113","is_ascension_mode":true,"campfire_choices":[{"data":"Doom and Gloom","floor":6.0,"key":"SMITH"},{"data":"Chill","floor":10.0,"key":"SMITH"},{"data":"Coolheaded","floor":12.0,"key":"SMITH"},{"data":"Loop","floor":15.0,"key":"SMITH"},{"floor":23,"key":"REST"},{"floor":27,"key":"REST"},{"data":"Defragment","floor":30,"key":"SMITH"}],"neow_cost":"NONE","seed_source_timestamp":0,"circlet_count":0,"master_deck":["Strike_B+1","Strike_B","Defend_B","Defend_B","Defend_B","Zap+1","Dualcast","AscendersBane","Doom and Gloom+1","Rebound","Core Surge+1","Melter","Chill+1","Coolheaded+1","Doom and Gloom","Loop+1","Beam Cell","Creative AI","Stack","Defragment+1","Leap","Coolheaded","Redo","Hologram","Leap","Fusion"],"special_seed":0,"relics":["Empty Cage","Lantern","Bottled Flame","DataDisk","Mango","Snecko Eye","GremlinMask","Whetstone","Cables"],"potions_floor_usage":[22,22,31],"damage_taken":[{"damage":1.0,"enemies":"Cultist","floor":1.0,"turns":4.0},{"damage":2.0,"enemies":"2 Louse","floor":2.0,"turns":3.0},{"damage":12.0,"enemies":"Jaw Worm","floor":4.0,"turns":3.0},{"damage":3.0,"enemies":"Exordium Wildlife","floor":5.0,"turns":2.0},{"damage":9.0,"enemies":"Red Slaver","floor":8.0,"turns":3.0},{"damage":0.0,"enemies":"3 Sentries","floor":11.0,"turns":4.0},{"damage":12.0,"enemies":"Lagavulin","floor":13.0,"turns":4.0},{"damage":0.0,"enemies":"Slime Boss","floor":16.0,"turns":6.0},{"damage":0.0,"enemies":"3 Byrds","floor":18.0,"turns":2.0},{"damage":0.0,"enemies":"Spheric Guardian","floor":19.0,"turns":3.0},{"damage":14,"enemies":"Snecko","floor":21,"turns":5},{"damage":49,"enemies":"Snake Plant","floor":22,"turns":6},{"damage":5,"enemies":"Centurion and Healer","floor":25,"turns":7},{"damage":15,"enemies":"Snecko","floor":28,"turns":5},{"damage":41,"enemies":"Slavers","floor":31,"turns":2}],"seed_played":"8160430856046663200","potions_obtained":[{"floor":1.0,"key":"LiquidBronze"},{"floor":5.0,"key":"FearPotion"},{"floor":13.0,"key":"Swift Potion"},{"floor":25,"key":"SpeedPotion"},{"floor":28,"key":"Swift Potion"}],"is_trial":false,"path_per_floor":["M","M","T","M","M","R","?","M","T","R","E","R","E","$","R","B",null,"M","M","$","M","M","R","?","M","T","R","M","T","R"],"character_chosen":"DEFECT","items_purchased":["Loop","Beam Cell","Defragment","Leap","Coolheaded"],"campfire_rested":2,"item_purchase_floors":[14,14,20,20,20],"current_hp_per_floor":[63,61,61,49,46,46,46,37,37,37,37,37,39,39,39,39,74,74,74,74,60,11,36,36,31,31,56,41,41,41,0],"gold":119,"neow_bonus":"BOSS_RELIC","is_prod":false,"is_daily":false,"chose_seed":false,"campfire_upgraded":5,"win_rate":0,"timestamp":1531777273,"path_taken":["M","M","?","M","M","R","?","M","T","R","E","R","E","$","R","BOSS","M","M","$","M","M","R","?","M","T","R","?","?","R","E"],"build_version":"2018-07-13","purchased_purges":1,"victory":false,"max_hp_per_floor":[71,71,71,71,71,71,71,71,71,71,71,71,85,85,85,85,85,85,85,85,85,85,85,85,85,85,85,85,85,85,85],"card_choices":[{"not_picked":["Barrage","Gash"],"picked":"Doom and Gloom","floor":1.0},{"not_picked":["Gash","Storm"],"picked":"Rebound","floor":2.0},{"not_picked":["Hologram","Compile Driver"],"picked":"Core Surge","floor":4.0},{"not_picked":["Sweeping Beam","Doom and Gloom"],"picked":"Melter","floor":5.0},{"not_picked":["Conserve Battery","Steam"],"picked":"Chill","floor":8.0},{"not_picked":["Machine Learning","Steam"],"picked":"Coolheaded","floor":11.0},{"not_picked":["Gash","Turbo"],"picked":"Doom and Gloom","floor":13.0},{"not_picked":["Hyperbeam","Thunder Strike"],"picked":"Creative AI","floor":16.0},{"not_picked":["Undo","Steam Power"],"picked":"Stack","floor":18.0},{"not_picked":["Ball Lightning","Turbo"],"picked":"Redo","floor":21},{"not_picked":["Ball Lightning","Go for the Eyes"],"picked":"Hologram","floor":22},{"not_picked":["Cold Snap","Compile Driver"],"picked":"Leap","floor":25},{"not_picked":["Cold Snap","Chill"],"picked":"Fusion","floor":28}],"player_experience":668653,"relics_obtained":[{"floor":3.0,"key":"Lantern"},{"floor":9.0,"key":"Bottled Flame"},{"floor":11.0,"key":"DataDisk"},{"floor":13.0,"key":"Mango"},{"floor":26,"key":"Whetstone"},{"floor":29,"key":"Cables"}],"event_choices":[{"event_name":"Accursed Blacksmith","player_choice":"Forge","floor":7.0,"damage_taken":0.0},{"event_name":"FaceTrader","player_choice":"Trade","floor":24,"damage_taken":0}],"boss_relics":[{"not_picked":["Tiny House","Lizard Tail"],"picked":"Snecko Eye"}],"items_purged_floors":[14],"is_endless":false,"potions_floor_spawned":[1,5,8,11,13,25,28],"killed_by":"Slavers","ascension_level":15}