{"gold_per_floor":[111,127,127,138,152,152,165,165,165,13,188,202,229,229,229,229],"floor_reached":16,"playtime":818,"items_purged":[],"score":122,"play_id":"d91394dc-f419-402c-9fe7-2d39b9fe8ed8","local_time":"20190201071849","is_ascension_mode":true,"campfire_choices":[{"data":"Shockwave","floor":6,"key":"SMITH"},{"data":"True Grit","floor":8,"key":"SMITH"},{"floor":15,"key":"REST"}],"neow_cost":"NONE","seed_source_timestamp":1253132111892370,"circlet_count":0,"master_deck":["Strike_R","Strike_R","Strike_R","Strike_R+1","Defend_R","Defend_R","Defend_R","Defend_R","Bash","Shockwave+1","Pommel Strike","Flame Barrier","Heavy Blade","True Grit+1","Doubt","Metallicize","Decay"],"relics":["Burning Blood","Whetstone","Oddly Smooth Stone","Shuriken"],"potions_floor_usage":[],"damage_taken":[{"damage":6,"enemies":"Cultist","floor":1,"turns":3},{"damage":4,"enemies":"Jaw Worm","floor":2,"turns":4},{"damage":17,"enemies":"Small Slimes","floor":4,"turns":4},{"damage":10,"enemies":"Gremlin Gang","floor":5,"turns":7},{"damage":6,"enemies":"Red Slaver","floor":7,"turns":4},{"damage":0,"enemies":"2 Fungi Beasts","floor":12,"turns":4},{"damage":61,"enemies":"3 Sentries","floor":13,"turns":16},{"damage":43,"enemies":"Hexaghost","floor":16,"turns":13}],"seed_played":"5513685022581579026","potions_obtained":[{"floor":1,"key":"Ancient Potion"},{"floor":2,"key":"Ancient Potion"},{"floor":5,"key":"Energy Potion"}],"is_trial":false,"path_per_floor":["M","M","?","M","M","R","M","R","T","$","?","M","E","?","R","B"],"character_chosen":"IRONCLAD","items_purchased":["Oddly Smooth Stone"],"campfire_rested":1,"item_purchase_floors":[10],"current_hp_per_floor":[80,80,80,69,65,65,65,65,65,65,65,71,16,16,40,0],"gold":229,"neow_bonus":"RANDOM_COMMON_RELIC","is_prod":false,"is_daily":false,"chose_seed":false,"campfire_upgraded":2,"win_rate":0,"timestamp":1549001929,"path_taken":["M","?","?","M","M","R","M","R","T","?","?","M","E","?","R","BOSS"],"build_version":"2019-01-23","purchased_purges":0,"victory":false,"max_hp_per_floor":[80,80,80,80,80,80,80,80,80,80,80,80,80,80,80,80],"card_choices":[{"not_picked":["Thunderclap","Cleave"],"picked":"Shockwave","floor":1},{"not_picked":["Reckless Charge","Searing Blow"],"picked":"Pommel Strike","floor":2},{"not_picked":["Armaments","Pommel Strike"],"picked":"Flame Barrier","floor":4},{"not_picked":["Blood for Blood","Pommel Strike"],"picked":"Heavy Blade","floor":5},{"not_picked":["Perfected Strike","Wild Strike"],"picked":"True Grit","floor":7},{"not_picked":["Sword Boomerang","Brutality","Havoc"],"picked":"SKIP","floor":12},{"not_picked":["Pommel Strike","Rage"],"picked":"Metallicize","floor":13}],"player_experience":471386,"relics_obtained":[{"floor":13,"key":"Shuriken"}],"event_choices":[{"cards_removed":["Strike_R"],"damage_healed":0,"gold_gain":0,"player_choice":"Offered Basic","damage_taken":0,"max_hp_gain":0,"max_hp_loss":0,"event_name":"Bonfire Elementals","floor":3,"gold_loss":0},{"damage_healed":0,"gold_gain":175,"player_choice":"AGREE","damage_taken":0,"max_hp_gain":0,"max_hp_loss":0,"event_name":"Liars Game","floor":11,"gold_loss":0,"cards_obtained":["Doubt"]},{"damage_healed":0,"gold_gain":0,"player_choice":"Cursed","damage_taken":0,"max_hp_gain":0,"max_hp_loss":0,"event_name":"Wheel of Change","floor":14,"gold_loss":0,"cards_obtained":["Decay"]}],"is_beta":false,"boss_relics":[],"items_purged_floors":[],"is_endless":false,"potions_floor_spawned":[1,2,5],"killed_by":"Hexaghost","ascension_level":4}