{"gold_per_floor":[115,0,20,20,20,33,33,52,52,68,68,93,117,160,160,288,288,304,327,6,6,24,24,24,24,24,123,123,146,46,61,61,186,186,205,538,538,40,52,52,69,79,102,102,116,116,48,63,63,63],"floor_reached":50,"playtime":4725,"items_purged":["Strike_G","Shame"],"score":494,"play_id":"a4948466-e0d2-43a2-b708-7297540b9505","local_time":"20181207205801","is_ascension_mode":false,"campfire_choices":[{"data":"Sucker Punch","floor":7,"key":"SMITH"},{"data":"Predator","floor":11,"key":"SMITH"},{"floor":15,"key":"REST"},{"floor":23,"key":"REST"},{"data":"Infinite Blades","floor":25,"key":"SMITH"},{"data":"Terror","floor":28,"key":"SMITH"},{"data":"Envenom","floor":32,"key":"SMITH"},{"data":"Burst","floor":40,"key":"SMITH"},{"floor":46,"key":"REST"},{"floor":49,"key":"REST"}],"neow_cost":"NONE","seed_source_timestamp":3147394767646,"circlet_count":0,"master_deck":["Defend_G","Defend_G","Defend_G","Defend_G","Strike_G","Strike_G","Strike_G","Survivor","Neutralize","All Out Attack","Noxious Fumes","Terror+1","Grand Finale","Injury","Sucker Punch+1","Poisoned Stab","Predator+1","Leg Sweep","Backflip","Envenom+1","Choke+1","Blade Dance+1","Infinite Blades+1","Cloak And Dagger+1","Burst+1","Setup+1","Dodge and Roll+1","Parasite","Injury","Madness","Distraction"],"relics":["Ring of the Snake","Letter Opener","Strawberry","Singing Bowl","Cursed Key","Ninja Scroll","Blue Candle","Lizard Tail","TwistedFunnel","Tingsha","Orichalcum"],"potions_floor_usage":[1,14,19,19,39,41,45,50,50],"damage_taken":[{"damage":0,"enemies":"2 Louse","floor":1,"turns":4},{"damage":0,"enemies":"Small Slimes","floor":3,"turns":3},{"damage":11,"enemies":"Jaw Worm","floor":6,"turns":3},{"damage":10,"enemies":"Lots of Slimes","floor":8,"turns":4},{"damage":8,"enemies":"2 Fungi Beasts","floor":10,"turns":3},{"damage":0,"enemies":"Large Slime","floor":13,"turns":4},{"damage":19,"enemies":"3 Sentries","floor":14,"turns":6},{"damage":27,"enemies":"The Guardian","floor":16,"turns":9},{"damage":5,"enemies":"Shell Parasite","floor":18,"turns":7},{"damage":17,"enemies":"3 Byrds","floor":19,"turns":4},{"damage":7,"enemies":"Snecko","floor":22,"turns":4},{"damage":16,"enemies":"Cultist and Chosen","floor":29,"turns":4},{"damage":5,"enemies":"Shelled Parasite and Fungi","floor":31,"turns":4},{"damage":35,"enemies":"Champ","floor":33,"turns":9},{"damage":0,"enemies":"Orb Walker","floor":35,"turns":3},{"damage":10,"enemies":"3 Shapes","floor":39,"turns":2},{"damage":0,"enemies":"Transient","floor":41,"turns":5},{"damage":40,"enemies":"Writhing Mass","floor":42,"turns":5},{"damage":11,"enemies":"Sphere and 2 Shapes","floor":45,"turns":4},{"damage":34,"enemies":"Maw","floor":48,"turns":6},{"damage":116,"enemies":"Donu and Deca","floor":50,"turns":10}],"seed_played":"-769636454229278012","potions_obtained":[{"floor":0,"key":"AttackPotion"},{"floor":0,"key":"FairyPotion"},{"floor":0,"key":"FairyPotion"},{"floor":3,"key":"SpeedPotion"},{"floor":6,"key":"Regen Potion"},{"floor":16,"key":"Explosive Potion"},{"floor":31,"key":"Explosive Potion"},{"floor":33,"key":"AttackPotion"},{"floor":41,"key":"Poison Potion"},{"floor":42,"key":"Strength Potion"},{"floor":48,"key":"Block Potion"}],"is_trial":false,"path_per_floor":["M","$","M","?","?","M","R","M","T","M","R","T","M","E","R","B",null,"M","M","$","?","M","R","$","R","T","?","R","M","$","M","R","B",null,"M","?","?","$","M","R","M","M","T","?","M","R","$","M","R","B"],"character_chosen":"THE_SILENT","items_purchased":["Noxious Fumes","Ninja Scroll","Infinite Blades","TwistedFunnel","Tingsha","Distraction"],"campfire_rested":4,"item_purchase_floors":[2,20,20,38,38,47],"current_hp_per_floor":[70,70,70,70,70,59,59,49,49,41,41,48,48,44,67,40,77,72,55,55,55,50,73,73,73,73,73,73,59,59,54,54,19,81,81,81,81,81,71,71,73,35,35,35,26,52,52,20,46,0],"gold":63,"neow_bonus":"THREE_SMALL_POTIONS","is_prod":false,"is_daily":false,"chose_seed":false,"campfire_upgraded":6,"win_rate":0.0,"timestamp":1544169481,"path_taken":["M","$","M","?","?","M","R","M","T","M","R","?","?","E","R","BOSS","M","M","$","?","M","R","$","R","T","?","R","M","?","M","R","BOSS","M","?","?","$","M","R","M","M","T","?","M","R","$","M","R","BOSS"],"build_version":"2018-12-06","purchased_purges":2,"victory":false,"max_hp_per_floor":[70,70,70,70,70,70,70,70,70,70,70,77,77,77,77,77,77,77,77,77,77,79,79,79,79,79,79,79,81,81,81,81,81,81,81,81,81,81,81,81,83,85,85,85,87,87,87,89,89,89],"card_choices":[{"not_picked":["Dodge and Roll","Blade Dance"],"picked":"All Out Attack","floor":1},{"not_picked":["All Out Attack","Leg Sweep"],"picked":"Terror","floor":3},{"not_picked":["Skewer","Concentrate"],"picked":"Sucker Punch","floor":6},{"not_picked":["Cloak And Dagger","Skewer"],"picked":"Poisoned Stab","floor":8},{"not_picked":["Dagger Spray","Prepared"],"picked":"Predator","floor":10},{"not_picked":["Concentrate","Dodge and Roll"],"picked":"Leg Sweep","floor":13},{"not_picked":["Leg Sweep","Reflex"],"picked":"Backflip","floor":14},{"not_picked":["A Thousand Cuts","Burst"],"picked":"Envenom","floor":16},{"not_picked":["Bane+1","Blade Dance+1"],"picked":"Choke+1","floor":18},{"not_picked":["Reflex","Leg Sweep"],"picked":"Blade Dance+1","floor":19},{"not_picked":["Footwork+1","Caltrops","Distraction"],"picked":"Singing Bowl","floor":22},{"not_picked":["Accuracy","Dagger Spray","Flying Knee"],"picked":"Singing Bowl","floor":29},{"not_picked":["Sucker Punch","PiercingWail+1"],"picked":"Cloak And Dagger+1","floor":31},{"not_picked":["Bullet Time","Venomology"],"picked":"Burst","floor":33},{"not_picked":["Bane+1","Acrobatics"],"picked":"Setup+1","floor":35},{"not_picked":["Infinite Blades+1","Quick Slash"],"picked":"Dodge and Roll+1","floor":39},{"not_picked":["PiercingWail","Dagger Spray+1","Flying Knee"],"picked":"Singing Bowl","floor":41},{"not_picked":["Reflex+1","Blade Dance","Predator"],"picked":"Singing Bowl","floor":42},{"not_picked":["Finesse","The Bomb"],"picked":"Madness","floor":44},{"not_picked":["Prepared+1","Escape Plan","Dagger Throw"],"picked":"Singing Bowl","floor":45},{"not_picked":["Underhanded Strike","Quick Slash","Blade Dance"],"picked":"Singing Bowl","floor":48}],"player_experience":421071,"relics_obtained":[{"floor":9,"key":"Letter Opener"},{"floor":12,"key":"Strawberry"},{"floor":14,"key":"Singing Bowl"},{"floor":26,"key":"Blue Candle"},{"floor":43,"key":"Orichalcum"}],"event_choices":[{"damage_healed":0,"gold_gain":0,"cards_transformed":["Defend_G"],"player_choice":"Change","damage_taken":0,"max_hp_gain":0,"max_hp_loss":0,"event_name":"Living Wall","floor":4,"gold_loss":0,"cards_obtained":["Grand Finale"]},{"damage_healed":0,"gold_gain":0,"player_choice":"Take Wound","damage_taken":0,"relics_obtained":["Golden Idol"],"max_hp_gain":0,"max_hp_loss":0,"event_name":"Golden Idol","floor":5,"gold_loss":0,"cards_obtained":["Injury"]},{"cards_removed":["Strike_G"],"damage_healed":0,"gold_gain":0,"player_choice":"Elegance","damage_taken":0,"max_hp_gain":0,"max_hp_loss":0,"event_name":"Back to Basics","floor":21,"gold_loss":0},{"damage_healed":0,"gold_gain":99,"player_choice":"Stole From Cult","damage_taken":0,"max_hp_gain":0,"max_hp_loss":0,"event_name":"Nest","floor":27,"gold_loss":0},{"damage_healed":0,"gold_gain":333,"player_choice":"Gave Idol","damage_taken":0,"max_hp_gain":0,"max_hp_loss":0,"event_name":"The Moai Head","floor":36,"relics_lost":["Golden Idol"],"gold_loss":0},{"damage_healed":0,"gold_gain":0,"player_choice":"Ignored","damage_taken":0,"max_hp_gain":0,"max_hp_loss":0,"event_name":"Tomb of Lord Red Mask","floor":37,"gold_loss":0},{"damage_healed":0,"gold_gain":0,"player_choice":"Memory 1","damage_taken":0,"max_hp_gain":0,"max_hp_loss":0,"event_name":"SensoryStone","floor":44,"gold_loss":0}],"is_beta":false,"boss_relics":[{"not_picked":["Sozu","Calling Bell"],"picked":"Cursed Key"},{"not_picked":["Busted Crown","Empty Cage"],"picked":"Lizard Tail"}],"items_purged_floors":[2,30],"is_endless":false,"potions_floor_spawned":[3,6,10,13,16,31,33,41,42,48],"killed_by":"Donu and Deca","ascension_level":0}