{"gold_per_floor":[114,129,129,146,146,174,174,61,111,35,35,51,22,22,22,121,121,140,65,65,78,78,78,78,95,95,95,124,151,194,306,318,430,442,469,481,101,118,43,43,69,82,82,82,82,82,100,112,112,112],"floor_reached":51,"playtime":6124,"items_purged":["Lockon"],"score":727,"play_id":"5e623ed9-ddde-4a3f-8132-ebe528309aa5","local_time":"20190129213712","is_ascension_mode":true,"campfire_choices":[{"data":"Redo","floor":7,"key":"SMITH"},{"data":"Defragment","floor":11,"key":"SMITH"},{"data":"Zap","floor":15,"key":"SMITH"},{"data":"Self Repair","floor":23,"key":"SMITH"},{"data":"Fusion","floor":27,"key":"SMITH"},{"floor":32,"key":"REST"},{"data":"Hello World","floor":40,"key":"SMITH"},{"data":"Doom and Gloom","floor":44,"key":"SMITH"},{"floor":49,"key":"REST"}],"neow_cost":"NONE","seed_source_timestamp":1040089836431988,"circlet_count":0,"master_deck":["Defend_B+1","Defend_B","Defend_B","Defend_B+1","Zap+1","Hologram+1","Coolheaded","Redo+1","Coolheaded","Self Repair+1","Defragment+1","Fusion+1","Multi-Cast","Blizzard+1","Go for the Eyes","Coolheaded","Cold Snap","Doom and Gloom+1","Beam Cell+1","Cold Snap","Thunder Strike","Hello World+1","Amplify+1","Doubt","Secret Weapon+1","Chill+1"],"relics":["Cracked Core","Blood Vial","Nuclear Battery","Letter Opener","MawBank","Kunai","Nunchaku","Mummified Hand","Velvet Choker","Cables","War Paint","Toxic Egg 2","Ornamental Fan"],"potions_floor_usage":[16,16,21,33,50,50,50],"damage_taken":[{"damage":0,"enemies":"Cultist","floor":1,"turns":4},{"damage":2,"enemies":"2 Louse","floor":2,"turns":3},{"damage":5,"enemies":"Small Slimes","floor":4,"turns":4},{"damage":24,"enemies":"3 Sentries","floor":6,"turns":11},{"damage":12,"enemies":"3 Louse","floor":12,"turns":4},{"damage":42,"enemies":"Slime Boss","floor":16,"turns":16},{"damage":0,"enemies":"Spheric Guardian","floor":18,"turns":8},{"damage":11,"enemies":"3 Byrds","floor":21,"turns":6},{"damage":4,"enemies":"Snake Plant","floor":25,"turns":5},{"damage":17,"enemies":"Gremlin Leader","floor":28,"turns":7},{"damage":15,"enemies":"Chosen and Byrds","floor":29,"turns":6},{"damage":43,"enemies":"Slavers","floor":30,"turns":6},{"damage":18,"enemies":"Colosseum Slavers","floor":31,"turns":4},{"damage":7,"enemies":"Colosseum Nobs","floor":31,"turns":4},{"damage":61,"enemies":"Champ","floor":33,"turns":14},{"damage":14,"enemies":"3 Darklings","floor":35,"turns":6},{"damage":0,"enemies":"Orb Walker","floor":38,"turns":5},{"damage":15,"enemies":"Reptomancer","floor":41,"turns":7},{"damage":59,"enemies":"4 Shapes","floor":42,"turns":4},{"damage":42,"enemies":"Jaw Worm Horde","floor":47,"turns":4},{"damage":33,"enemies":"Spire Growth","floor":48,"turns":7},{"damage":53,"enemies":"Donu and Deca","floor":50,"turns":18}],"seed_played":"590749561739795467","potions_obtained":[{"floor":6,"key":"SkillPotion"},{"floor":12,"key":"Fire Potion"},{"floor":18,"key":"SkillPotion"},{"floor":21,"key":"LiquidBronze"},{"floor":30,"key":"Swift Potion"},{"floor":31,"key":"SteroidPotion"},{"floor":35,"key":"Poison Potion"}],"is_trial":false,"path_per_floor":["M","M","?","M","?","E","R","$","T","$","R","M","?","$","R","B",null,"M","?","?","M","?","R","?","M","T","R","E","M","E","?","R","B",null,"M","?","$","M","$","R","E","M","T","R","?","?","M","M","R","B",null],"character_chosen":"DEFECT","items_purchased":["Lockon","Self Repair","Defragment","Cables","War Paint"],"campfire_rested":2,"item_purchase_floors":[8,8,10,37,37],"current_hp_per_floor":[82,80,80,75,68,44,44,44,44,44,44,41,41,41,41,8,82,82,82,82,78,78,78,78,76,76,76,71,68,37,36,60,11,82,78,78,78,82,82,82,77,40,40,40,82,82,50,39,63,22],"gold":112,"neow_bonus":"TEN_PERCENT_HP_BONUS","is_prod":false,"is_daily":false,"chose_seed":false,"campfire_upgraded":7,"win_rate":0,"timestamp":1548794232,"path_taken":["M","?","?","M","?","E","R","$","T","$","R","M","?","?","R","BOSS","M","?","?","?","?","R","?","M","T","R","E","M","E","?","R","BOSS","M","?","$","M","$","R","E","M","T","R","?","?","M","M","R","BOSS"],"build_version":"2019-01-23","purchased_purges":1,"victory":true,"max_hp_per_floor":[82,82,82,82,82,82,82,82,82,82,82,82,82,82,82,82,82,82,82,82,82,82,82,82,82,82,82,82,82,82,82,82,82,82,82,82,82,82,82,82,82,82,82,82,82,82,82,82,82,82],"card_choices":[{"not_picked":["Leap","Stack"],"picked":"Hologram","floor":1},{"not_picked":["Hologram","Cold Snap"],"picked":"Coolheaded","floor":2},{"not_picked":["Conserve Battery","Streamline"],"picked":"Redo","floor":4},{"not_picked":["Compile Driver","Cold Snap"],"picked":"Coolheaded","floor":6},{"not_picked":["Conserve Battery","Hologram"],"picked":"Fusion","floor":12},{"not_picked":["Biased Cognition","Buffer"],"picked":"Multi-Cast","floor":16},{"not_picked":["Ball Lightning","FTL+1"],"picked":"Blizzard+1","floor":18},{"not_picked":["BootSequence","Turbo"],"picked":"Go for the Eyes","floor":21},{"not_picked":["Redo","FTL"],"picked":"Cold Snap","floor":25},{"not_picked":["All For One","Redo"],"picked":"Doom and Gloom","floor":28},{"not_picked":["Leap","Scrape+1","Consume"],"picked":"SKIP","floor":29},{"not_picked":["Conserve Battery+1","Sweeping Beam"],"picked":"Beam Cell+1","floor":30},{"not_picked":["Chaos","Rebound+1"],"picked":"Cold Snap","floor":31},{"not_picked":["Fission","Electrodynamics"],"picked":"Thunder Strike","floor":33},{"not_picked":["Hologram","Melter"],"picked":"Hello World","floor":35},{"not_picked":["Conserve Battery","Rebound","Glacier+1"],"picked":"SKIP","floor":38},{"not_picked":["Hologram","Machine Learning"],"picked":"Amplify","floor":41},{"not_picked":["Compile Driver","Melter","Conserve Battery+1"],"picked":"SKIP","floor":42},{"not_picked":["Impatience+1","Good Instincts+1"],"picked":"Secret Weapon+1","floor":46},{"not_picked":["Beam Cell+1","Streamline+1"],"picked":"Chill+1","floor":47},{"not_picked":["Sunder+1","Rebound","Streamline+1"],"picked":"SKIP","floor":48}],"player_experience":446479,"relics_obtained":[{"floor":6,"key":"Blood Vial"},{"floor":26,"key":"Letter Opener"},{"floor":28,"key":"MawBank"},{"floor":30,"key":"Kunai"},{"floor":31,"key":"Nunchaku"},{"floor":31,"key":"Mummified Hand"},{"floor":41,"key":"Toxic Egg 2"},{"floor":43,"key":"Ornamental Fan"}],"event_choices":[{"damage_healed":0,"gold_gain":0,"player_choice":"Grow","damage_taken":0,"max_hp_gain":0,"max_hp_loss":0,"event_name":"Living Wall","floor":3,"gold_loss":0,"cards_upgraded":["Hologram"]},{"cards_removed":["Strike_B"],"damage_healed":0,"gold_gain":0,"player_choice":"Card Removal","damage_taken":7,"max_hp_gain":0,"max_hp_loss":0,"event_name":"Golden Wing","floor":5,"gold_loss":0},{"damage_healed":0,"gold_gain":0,"player_choice":"Left Gold","damage_taken":0,"max_hp_gain":0,"max_hp_loss":0,"event_name":"World of Goop","floor":13,"gold_loss":29},{"cards_removed":["Strike_B"],"damage_healed":0,"gold_gain":0,"player_choice":"Gave Gold","damage_taken":0,"max_hp_gain":0,"max_hp_loss":0,"event_name":"Beggar","floor":19,"gold_loss":75},{"cards_removed":["Strike_B"],"damage_healed":0,"gold_gain":0,"player_choice":"Offered Basic","damage_taken":0,"max_hp_gain":0,"max_hp_loss":0,"event_name":"Bonfire Elementals","floor":20,"gold_loss":0},{"damage_healed":0,"gold_gain":0,"player_choice":"Read","damage_taken":0,"max_hp_gain":0,"max_hp_loss":0,"event_name":"The Library","floor":22,"gold_loss":0,"cards_obtained":["Coolheaded"]},{"cards_removed":["Strike_B"],"damage_healed":0,"gold_gain":0,"player_choice":"Elegance","damage_taken":0,"max_hp_gain":0,"max_hp_loss":0,"event_name":"Back to Basics","floor":24,"gold_loss":0},{"damage_healed":0,"gold_gain":0,"player_choice":"Fight","damage_taken":0,"max_hp_gain":0,"max_hp_loss":0,"event_name":"Colosseum","floor":31,"gold_loss":0},{"damage_healed":0,"gold_gain":0,"player_choice":"Fought Nobs","damage_taken":0,"max_hp_gain":0,"max_hp_loss":0,"event_name":"Colosseum","floor":31,"gold_loss":0},{"cards_removed":["Dualcast"],"damage_healed":0,"gold_gain":0,"player_choice":"Removed Skill","damage_taken":0,"max_hp_gain":0,"max_hp_loss":0,"event_name":"Falling","floor":36,"gold_loss":0},{"damage_healed":42,"gold_gain":0,"player_choice":"Heal","damage_taken":0,"max_hp_gain":0,"max_hp_loss":0,"event_name":"MindBloom","floor":45,"gold_loss":0,"cards_obtained":["Doubt"]},{"damage_healed":0,"gold_gain":0,"player_choice":"Memory 1","damage_taken":0,"max_hp_gain":0,"max_hp_loss":0,"event_name":"SensoryStone","floor":46,"gold_loss":0}],"is_beta":false,"boss_relics":[{"not_picked":["Pandora\u0027s Box","Tiny House"],"picked":"Nuclear Battery"},{"not_picked":["Empty Cage","Astrolabe"],"picked":"Velvet Choker"}],"items_purged_floors":[39],"is_endless":false,"potions_floor_spawned":[6,12,18,21,30,31,35],"ascension_level":2}