{"gold_per_floor":[117,117,117,137,152,178,178,178,250,250,250,264,264,34,34,163,163,187,187,202,124,124,124,140,140,140,140],"floor_reached":27,"playtime":1285,"items_purged":["Strike_G"],"score":297,"play_id":"49ed89f3-2ae6-4513-bdea-ff21dc77dc83","local_time":"20180919233229","is_ascension_mode":true,"campfire_choices":[{"floor":7,"key":"REST"},{"floor":10,"key":"REST"},{"data":"Discovery","floor":15,"key":"SMITH"},{"data":"Cloak And Dagger","floor":25,"key":"SMITH"}],"neow_cost":"NONE","seed_source_timestamp":9666873570981,"circlet_count":0,"master_deck":["Defend_G+1","Defend_G+1","Defend_G+1","Defend_G+1","Defend_G+1","Strike_G+1","Strike_G+1","Strike_G+1","Strike_G+1","Survivor","Neutralize+1","PiercingWail","Sucker Punch","Cloak And Dagger","Accuracy+1","Slice","Discovery+1","Dagger Spray","Storm of Steel","Backstab","Ghostly","Ghostly","Ghostly","Ghostly","Ghostly","Cloak And Dagger+1","Dodge and Roll+1","Shame"],"relics":["Ring of the Snake","Juzu Bracelet","Golden Idol","Ornamental Fan","Art of War","Cursed Key","Dodecahedron"],"potions_floor_usage":[6,12,16],"damage_taken":[{"damage":2,"enemies":"Jaw Worm","floor":1,"turns":4},{"damage":0,"enemies":"2 Louse","floor":4,"turns":3},{"damage":4,"enemies":"Small Slimes","floor":5,"turns":4},{"damage":39,"enemies":"Gremlin Nob","floor":6,"turns":7},{"damage":1,"enemies":"Exordium Thugs","floor":12,"turns":5},{"damage":31,"enemies":"The Guardian","floor":16,"turns":13},{"damage":16,"enemies":"Spheric Guardian","floor":18,"turns":6},{"damage":8,"enemies":"3 Byrds","floor":20,"turns":7},{"damage":2,"enemies":"Centurion and Healer","floor":24,"turns":8},{"damage":31,"enemies":"Cultist and Chosen","floor":27,"turns":8}],"seed_played":"-3699160305061420635","potions_obtained":[{"floor":1,"key":"Energy Potion"},{"floor":4,"key":"Fruit Juice"},{"floor":6,"key":"Block Potion"},{"floor":20,"key":"Ancient Potion"}],"is_trial":false,"path_per_floor":["M","?","?","M","M","E","R","?","T","R","?","M","?","$","R","B",null,"M","?","M","$","?","?","M","R","T"],"character_chosen":"THE_SILENT","items_purchased":["Discovery","Dagger Spray","Backstab"],"campfire_rested":2,"item_purchase_floors":[14,14,21],"current_hp_per_floor":[61,47,47,47,43,9,31,31,31,51,51,50,38,38,38,7,54,38,38,30,30,30,30,28,28,28,0],"gold":140,"neow_bonus":"UPGRADE_CARD","is_prod":false,"is_daily":false,"chose_seed":false,"campfire_upgraded":2,"win_rate":0,"timestamp":1537392749,"path_taken":["M","?","?","M","M","E","R","?","T","R","?","M","?","$","R","BOSS","M","?","M","$","?","?","M","R","T","M"],"build_version":"2018-09-06","purchased_purges":1,"victory":false,"max_hp_per_floor":[70,70,70,70,70,75,75,69,69,69,69,69,69,69,69,69,69,69,69,69,69,34,34,34,34,34,34],"card_choices":[{"not_picked":["Riddle With Holes","Prepared"],"picked":"PiercingWail","floor":1},{"not_picked":["Dodge and Roll","Masterful Stab"],"picked":"Sucker Punch","floor":4},{"not_picked":["Endless Agony","Acrobatics"],"picked":"Cloak And Dagger","floor":5},{"not_picked":["PiercingWail","Prepared"],"picked":"Accuracy","floor":6},{"not_picked":["Dagger Throw","Bane"],"picked":"Slice","floor":12},{"not_picked":["Phantasmal Killer","Venomology"],"picked":"Storm of Steel","floor":16},{"not_picked":["Bane+1","Crippling Poison","Deflect"],"picked":"SKIP","floor":18},{"not_picked":["Acrobatics+1","Underhanded Strike+1","Blur"],"picked":"SKIP","floor":20},{"not_picked":["Bane","PiercingWail"],"picked":"Dodge and Roll+1","floor":24}],"player_experience":618848,"relics_obtained":[{"floor":6,"key":"Juzu Bracelet"},{"floor":9,"key":"Ornamental Fan"},{"floor":26,"key":"Dodecahedron"}],"event_choices":[{"event_name":"Shining Light","player_choice":"Entered Light","floor":2,"damage_taken":0},{"event_name":"Liars Game","player_choice":"disagreed","floor":3,"damage_taken":0},{"event_name":"Golden Idol","player_choice":"Lose Max HP","floor":8,"damage_taken":0},{"event_name":"Living Wall","player_choice":"Grow","floor":11,"damage_taken":0},{"event_name":"Scrap Ooze","player_choice":"success","floor":13,"damage_taken":12},{"event_name":"Back to Basics","player_choice":"Simplicity","floor":19,"damage_taken":0},{"event_name":"Ghosts","player_choice":"Became a Ghost","floor":22,"damage_taken":0},{"event_name":"The Library","player_choice":"Read","floor":23,"damage_taken":0}],"is_beta":false,"boss_relics":[{"not_picked":["Astrolabe","Philosopher\u0027s Stone"],"picked":"Cursed Key"}],"items_purged_floors":[14],"is_endless":false,"potions_floor_spawned":[1,4,6,20],"killed_by":"Cultist and Chosen","ascension_level":6}