{"gold_per_floor":[116,128,128,55,66,66,97,97,97,97,97,175,193,193,193,295,295,295,295,220,21,21,21,0,0,0,0,0,0,0,0,0,0,0,0,0,0,0,0,0,0],"floor_reached":41,"playtime":4073,"items_purged":["Strike_B","Strike_B"],"score":634,"play_id":"75579c0a-f0bb-4368-8293-95fe3892aed6","local_time":"20181002215454","daily_mods":["Green Cards","Colorless Cards","Heirloom"],"is_ascension_mode":true,"campfire_choices":[{"floor":6,"key":"REST"},{"data":"Noxious Fumes","floor":8,"key":"SMITH"},{"floor":10,"key":"REST"},{"data":"Zap","floor":11,"key":"SMITH"},{"data":"Redo","floor":15,"key":"SMITH"},{"floor":23,"key":"REST"},{"floor":28,"key":"REST"},{"floor":32,"key":"REST"},{"floor":40,"key":"REST"}],"neow_cost":"","seed_source_timestamp":0,"circlet_count":0,"master_deck":["Defend_B+1","Defend_B","Defend_B","Defend_B","Zap+1","Dualcast","AscendersBane","Conserve Battery","Dash+1","Noxious Fumes+1","Coolheaded","Redo+1","Chill","Chrysalis","Footwork","Quick Slash","Hologram","Melter","Compile Driver","Cold Snap+1","Backflip","Glass Knife","Electrodynamics","Mind Blast","Night Terror","Beam Cell","Deadly Poison+1","Darkness+1"],"relics":["Cracked Core","WingedGreaves","Symbiotic Virus","Gremlin Horn","Ectoplasm","Ginger","Bottled Flame","Black Star","Red Mask"],"potions_floor_usage":[7,7,18,25,41],"damage_taken":[{"damage":1,"enemies":"Cultist","floor":1,"turns":4},{"damage":13,"enemies":"Jaw Worm","floor":2,"turns":4},{"damage":13,"enemies":"Small Slimes","floor":5,"turns":4},{"damage":17,"enemies":"Gremlin Nob","floor":7,"turns":6},{"damage":0,"enemies":"Blue Slaver","floor":13,"turns":4},{"damage":20,"enemies":"Slime Boss","floor":16,"turns":10},{"damage":42,"enemies":"Chosen","floor":18,"turns":6},{"damage":6,"enemies":"2 Thieves","floor":24,"turns":4},{"damage":9,"enemies":"Gremlin Leader","floor":25,"turns":10},{"damage":21,"enemies":"Snake Plant","floor":27,"turns":5},{"damage":0,"enemies":"3 Cultists","floor":29,"turns":6},{"damage":0,"enemies":"Centurion and Healer","floor":31,"turns":6},{"damage":25,"enemies":"Collector","floor":33,"turns":12},{"damage":2,"enemies":"3 Shapes","floor":35,"turns":4},{"damage":4,"enemies":"Orb Walker","floor":37,"turns":3},{"damage":32,"enemies":"3 Darklings","floor":39,"turns":6},{"damage":78,"enemies":"Nemesis","floor":41,"turns":7}],"seed_played":"7567333838319859826","potions_obtained":[{"floor":5,"key":"EntropicBrew"},{"floor":24,"key":"Ancient Potion"},{"floor":31,"key":"Ancient Potion"},{"floor":35,"key":"Ancient Potion"},{"floor":37,"key":"SpeedPotion"}],"is_trial":true,"path_per_floor":["M","M","?","$","M","R","E","R","T","R","R","?","M","?","R","B",null,"M","?","$","$","?","R","M","E","T","M","R","M","?","M","R","B",null,"M","?","M","?","M","R"],"character_chosen":"DEFECT","items_purchased":["Noxious Fumes","Quick Slash","Hologram"],"campfire_rested":6,"item_purchase_floors":[4,21,21],"current_hp_per_floor":[67,54,39,39,26,48,31,31,31,53,53,53,53,53,53,33,65,27,27,27,27,27,49,47,38,38,17,39,39,39,39,61,36,65,63,63,59,59,27,49,0],"gold":0,"neow_bonus":"","is_prod":false,"is_daily":false,"chose_seed":false,"campfire_upgraded":3,"win_rate":0,"timestamp":1538510094,"path_taken":["M","M","?","$","M","R","E","R","T","R","R","?","M","?","R","BOSS","M","?","?","$","?","R","M","E","T","M","R","M","?","M","R","BOSS","M","?","M","?","M","R","E"],"build_version":"2018-09-27","purchased_purges":2,"victory":false,"max_hp_per_floor":[75,75,75,75,75,75,75,75,75,75,75,75,75,75,75,75,75,75,75,75,75,75,75,75,75,75,75,75,75,75,75,75,75,75,75,75,75,75,75,75,75],"card_choices":[{"not_picked":["Sweeping Beam","Swift Strike"],"picked":"Conserve Battery","floor":1},{"not_picked":["Quick Slash","Prepared"],"picked":"Dash","floor":2},{"not_picked":["Double Energy","Sweeping Beam"],"picked":"Coolheaded","floor":5},{"not_picked":["Mind Blast","Dagger Spray","PanicButton"],"picked":"SKIP","floor":7},{"not_picked":["Underhanded Strike","Sweeping Beam"],"picked":"Redo","floor":13},{"not_picked":["Apotheosis","Sadistic Nature"],"picked":"Chrysalis","floor":16},{"not_picked":["Swift Strike","Deadly Poison"],"picked":"Footwork","floor":18},{"not_picked":["Gash","Quick Slash"],"picked":"Melter","floor":24},{"not_picked":["Steam","Conserve Battery"],"picked":"Compile Driver","floor":25},{"not_picked":["Coolheaded+1","PanicButton"],"picked":"Cold Snap+1","floor":27},{"not_picked":["BootSequence","Dagger Throw"],"picked":"Backflip","floor":29},{"not_picked":["Go for the Eyes","Impatience+1"],"picked":"Glass Knife","floor":31},{"not_picked":["Transmutation","Chrysalis"],"picked":"Electrodynamics","floor":33},{"not_picked":["Underhanded Strike+1","Cloak And Dagger","Blade Dance+1"],"picked":"SKIP","floor":35},{"not_picked":["Stack","Hologram"],"picked":"Deadly Poison+1","floor":37},{"not_picked":["Acrobatics","Tactician"],"picked":"Darkness+1","floor":39}],"player_experience":790674,"relics_obtained":[{"floor":7,"key":"Symbiotic Virus"},{"floor":9,"key":"Gremlin Horn"},{"floor":25,"key":"Ginger"},{"floor":26,"key":"Bottled Flame"}],"event_choices":[{"event_name":"Shining Light","player_choice":"Entered Light","floor":3,"damage_taken":0},{"event_name":"Golden Wing","player_choice":"Gained Gold","floor":12,"damage_taken":0},{"event_name":"Transmorgrifier","player_choice":"Transform","floor":14,"damage_taken":0},{"event_name":"Vampires","player_choice":"Ignored","floor":19,"damage_taken":0},{"event_name":"Purifier","player_choice":"One Purge","floor":22,"damage_taken":0},{"event_name":"Nest","player_choice":"Stole From Cult","floor":30,"damage_taken":0},{"event_name":"Match and Keep!","player_choice":"3 cards matched","floor":36,"damage_taken":0},{"event_name":"Tomb of Lord Red Mask","player_choice":"Paid","floor":38,"damage_taken":0}],"is_beta":false,"boss_relics":[{"not_picked":["Pandora\u0027s Box","Coffee Dripper"],"picked":"Ectoplasm"},{"not_picked":["Snecko Eye","Runic Dome"],"picked":"Black Star"}],"items_purged_floors":[20,21],"is_endless":false,"potions_floor_spawned":[5,24,31,35,37],"killed_by":"Nemesis","ascension_level":11}