{"gold_per_floor":[112,112,132,132,132,132,151,177,177,211,211,211],"floor_reached":12,"playtime":203,"items_purged":[],"score":168,"play_id":"b28067cc-9bab-4f49-8fb7-a4d4b7beadf8","local_time":"20190118221744","is_ascension_mode":true,"campfire_choices":[{"data":"Biased Cognition","floor":6.0,"key":"SMITH"},{"data":"Genetic Algorithm","floor":11,"key":"SMITH"}],"neow_cost":"NONE","seed_source_timestamp":0,"circlet_count":0,"master_deck":["AscendersBane","Strike_B","Strike_B","Strike_B","Strike_B","Defend_B","Defend_B","Defend_B","Defend_B","Zap","Dualcast","Streamline","Biased Cognition+1","Rebound","Multi-Cast","Genetic Algorithm+1"],"special_seed":0,"relics":["Cracked Core","The Courier","Nunchaku","Potion Belt","Bottled Flame","Art of War"],"potions_floor_usage":[],"damage_taken":[{"damage":7.0,"enemies":"Small Slimes","floor":1.0,"turns":3.0},{"damage":0.0,"enemies":"Cultist","floor":3.0,"turns":3.0},{"damage":4.0,"enemies":"Jaw Worm","floor":7.0,"turns":3.0},{"damage":8.0,"enemies":"Gremlin Nob","floor":8.0,"turns":3.0},{"damage":30,"enemies":"Lagavulin","floor":10,"turns":6},{"damage":18,"enemies":"Large Slime","floor":12,"turns":1}],"seed_played":"8439699524678795436","potions_obtained":[{"floor":3.0,"key":"Poison Potion"}],"is_trial":false,"path_per_floor":["M","?","M","?","?","R","M","E","T","E","R","M"],"character_chosen":"DEFECT","items_purchased":[],"campfire_rested":0,"item_purchase_floors":[],"current_hp_per_floor":[64,64,64,53,53,53,49,41,41,11,11,0],"gold":211,"neow_bonus":"TEN_PERCENT_HP_BONUS","is_prod":false,"is_daily":false,"chose_seed":false,"campfire_upgraded":2,"win_rate":0,"timestamp":1547817464,"path_taken":["M","?","?","?","?","R","M","E","T","E","R","?"],"build_version":"2019-01-17v2","purchased_purges":0,"victory":false,"max_hp_per_floor":[78,78,78,78,78,78,78,78,78,78,78,78],"card_choices":[{"not_picked":["Storm","Leap"],"picked":"Beam Cell","floor":1.0},{"not_picked":["Barrage","Reprogram"],"picked":"Streamline","floor":3.0},{"not_picked":["Static Discharge","Blizzard"],"picked":"Rebound","floor":7.0},{"not_picked":["Sweeping Beam","Double Energy"],"picked":"Multi-Cast","floor":8.0},{"not_picked":["Conserve Battery","Glacier"],"picked":"Genetic Algorithm","floor":10}],"player_experience":1044807,"relics_obtained":[{"floor":8.0,"key":"Potion Belt"},{"floor":9.0,"key":"Bottled Flame"},{"floor":10,"key":"Art of War"}],"event_choices":[{"cards_removed":["Beam Cell"],"damage_healed":0.0,"max_hp_gain":0.0,"max_hp_loss":0.0,"gold_gain":0.0,"event_name":"WeMeetAgain","player_choice":"Gave Card","floor":2.0,"gold_loss":0.0,"damage_taken":0.0,"relics_obtained":["The Courier"]},{"damage_healed":0.0,"max_hp_gain":0.0,"max_hp_loss":0.0,"gold_gain":0.0,"event_name":"Scrap Ooze","player_choice":"Success","floor":4.0,"gold_loss":0.0,"damage_taken":11.0,"relics_obtained":["Nunchaku"]},{"damage_healed":0.0,"max_hp_gain":0.0,"max_hp_loss":0.0,"gold_gain":0.0,"event_name":"Match and Keep!","player_choice":"1 cards matched","floor":5.0,"gold_loss":0.0,"damage_taken":0.0,"cards_obtained":["Biased Cognition"]}],"is_beta":false,"boss_relics":[],"items_purged_floors":[],"is_endless":false,"potions_floor_spawned":[3],"killed_by":"Large Slime","ascension_level":19}