{"gold_per_floor":[116,116,131,131,149,149,149,192,192,192,210,250,269,289,289,387,387,410,478,453,473,57,57],"floor_reached":23,"playtime":727,"items_purged":["Strike_B"],"score":396,"play_id":"196e149c-5a0b-4684-a1ca-3d12a2f4da6b","local_time":"20190109031731","is_ascension_mode":true,"campfire_choices":[{"data":"Zap","floor":6,"key":"SMITH"},{"data":"Sunder","floor":10,"key":"SMITH"},{"floor":15,"key":"REST"}],"neow_cost":"NONE","seed_source_timestamp":0,"circlet_count":0,"master_deck":["AscendersBane","Strike_B","Defend_B","Defend_B","Defend_B","Defend_B","Zap+1","Dualcast","Ball Lightning","Undo","Leap","Sunder+1","Go for the Eyes","Electrodynamics","Self Repair","Conserve Battery","Creative AI","Force Field","Double Energy","Glacier","FTL"],"special_seed":0,"relics":["Cracked Core","Golden Idol","SsserpentHead","Ginger","Bottled Flame","Ice Cream","Philosopher\u0027s Stone","Bronze Scales"],"potions_floor_usage":[8,12,18,23,23],"damage_taken":[{"damage":2,"enemies":"Jaw Worm","floor":1,"turns":5},{"damage":0,"enemies":"Small Slimes","floor":3,"turns":2},{"damage":0,"enemies":"2 Louse","floor":5,"turns":2},{"damage":7,"enemies":"3 Sentries","floor":8,"turns":10},{"damage":1,"enemies":"Lots of Slimes","floor":11,"turns":3},{"damage":26,"enemies":"Gremlin Nob","floor":12,"turns":4},{"damage":0,"enemies":"Blue Slaver","floor":13,"turns":2},{"damage":0,"enemies":"Exordium Wildlife","floor":14,"turns":1},{"damage":15,"enemies":"Slime Boss","floor":16,"turns":8},{"damage":17,"enemies":"3 Byrds","floor":18,"turns":2},{"damage":15,"enemies":"Spheric Guardian","floor":19,"turns":5},{"damage":7,"enemies":"3 Cultists","floor":21,"turns":4},{"damage":46,"enemies":"Book of Stabbing","floor":23,"turns":4}],"seed_played":"-2457684771539133925","potions_obtained":[{"floor":5,"key":"SkillPotion"},{"floor":11,"key":"AttackPotion"},{"floor":12,"key":"Energy Potion"},{"floor":13,"key":"GamblersBrew"},{"floor":16,"key":"LiquidBronze"},{"floor":21,"key":"Explosive Potion"}],"is_trial":false,"path_per_floor":["M","?","M","?","M","R","?","E","T","R","M","E","M","M","R","B",null,"M","M","?","M","$","E"],"character_chosen":"DEFECT","items_purchased":["Bronze Scales","Regen Potion","FTL"],"campfire_rested":1,"item_purchase_floors":[22,22,22],"current_hp_per_floor":[69,42,42,35,35,35,35,28,28,28,27,1,1,1,24,9,61,44,36,36,29,29,0],"gold":57,"neow_bonus":"TEN_PERCENT_HP_BONUS","is_prod":false,"is_daily":false,"chose_seed":false,"campfire_upgraded":2,"win_rate":0,"timestamp":1546971451,"path_taken":["M","?","M","?","M","R","?","E","T","R","M","E","M","M","R","BOSS","M","?","?","M","$","E"],"build_version":"2019-01-03v4","purchased_purges":1,"victory":false,"max_hp_per_floor":[78,78,78,78,78,78,78,78,78,78,78,78,78,78,78,78,78,78,78,78,78,78,78],"card_choices":[{"not_picked":["Recycle","Genetic Algorithm"],"picked":"Ball Lightning","floor":1},{"not_picked":["Heatsinks","Sweeping Beam"],"picked":"Undo","floor":3},{"not_picked":["Compile Driver","Hologram"],"picked":"Leap","floor":5},{"not_picked":["Rebound","Reinforced Body"],"picked":"Sunder","floor":8},{"not_picked":["Darkness","Coolheaded"],"picked":"Go for the Eyes","floor":11},{"not_picked":["Ball Lightning","Stack"],"picked":"Electrodynamics","floor":12},{"not_picked":["Redo","Hello World"],"picked":"Self Repair","floor":13},{"not_picked":["Streamline","Rebound"],"picked":"Conserve Battery","floor":14},{"not_picked":["Amplify","Seek"],"picked":"Creative AI","floor":16},{"not_picked":["Hologram","Heatsinks"],"picked":"Force Field","floor":18},{"not_picked":["Sweeping Beam","Ball Lightning"],"picked":"Double Energy","floor":19},{"not_picked":["Sweeping Beam","Steam"],"picked":"Glacier","floor":21}],"player_experience":1025656,"relics_obtained":[{"floor":8,"key":"Ginger"},{"floor":9,"key":"Bottled Flame"},{"floor":12,"key":"Ice Cream"}],"event_choices":[{"damage_healed":0,"gold_gain":0,"player_choice":"Take Damage","damage_taken":27,"relics_obtained":["Golden Idol"],"max_hp_gain":0,"max_hp_loss":0,"event_name":"Golden Idol","floor":2,"gold_loss":0},{"cards_removed":["Strike_B"],"damage_healed":0,"gold_gain":0,"player_choice":"Card Removal","damage_taken":7,"max_hp_gain":0,"max_hp_loss":0,"event_name":"Golden Wing","floor":4,"gold_loss":0},{"damage_healed":0,"gold_gain":0,"player_choice":"Trade","damage_taken":0,"relics_obtained":["SsserpentHead"],"max_hp_gain":0,"max_hp_loss":0,"event_name":"FaceTrader","floor":7,"gold_loss":0},{"cards_removed":["Strike_B"],"damage_healed":0,"gold_gain":0,"player_choice":"Gave Gold","damage_taken":0,"max_hp_gain":0,"max_hp_loss":0,"event_name":"Beggar","floor":20,"gold_loss":75}],"is_beta":false,"boss_relics":[{"not_picked":["Runic Pyramid","Runic Dome"],"picked":"Philosopher\u0027s Stone"}],"items_purged_floors":[22],"is_endless":false,"potions_floor_spawned":[5,11,12,13,16,21],"killed_by":"Book of Stabbing","ascension_level":19}