{"path_per_floor":["M","M","M","?","M","E","M","E","T","R","$","?","?","$","R","B",null,"M","?","M","?","M","R","E","R","T","M","R","E","?","M","R","B",null,"M","?","?","?","$","M","R","?","T","E","M","$","E","M","R"],"character_chosen":"DEFECT","items_purchased":["Oddly Smooth Stone","Defragment","Stack","Regal Pillow","Magnetism","Cables"],"gold_per_floor":[119,130,145,145,163,199,222,265,265,265,44,44,44,21,21,146,146,166,166,186,156,172,172,212,212,237,262,262,302,302,316,316,447,447,462,462,520,520,191,215,215,215,239,277,291,53,124,148,148,148],"floor_reached":50,"campfire_rested":3,"playtime":3049,"item_purchase_floors":[],"current_hp_per_floor":[61,60,59,59,46,18,10,3,3,25,25,25,25,25,25,17,61,26,26,26,26,18,18,18,18,18,18,18,18,18,1,12,12,31,37,27,5,5,5,4,30,37,37,37,33,33,21,21,21,0],"items_purged":[],"gold":148,"score":925,"play_id":"7df47d6f-63a7-4938-b83e-752eb673ed80","local_time":"20180607164643","is_prod":false,"is_daily":false,"chose_seed":false,"is_ascension_mode":true,"campfire_upgraded":5,"win_rate":0,"timestamp":1528382803,"campfire_choices":[{"floor":10.0,"key":"REST"},{"data":"White Noise","floor":15.0,"key":"SMITH"},{"data":"Zap","floor":23.0,"key":"SMITH"},{"data":"Machine Learning","floor":25.0,"key":"SMITH"},{"data":"White Noise","floor":28.0,"key":"SMITH"},{"floor":32.0,"key":"REST"},{"floor":41,"key":"REST"},{"data":"Storm","floor":49,"key":"SMITH"}],"path_taken":["M","M","M","?","M","E","M","E","T","R","$","?","?","?","R","BOSS","M","?","M","?","M","R","E","R","T","M","R","E","?","M","R","BOSS","M","?","?","?","$","M","R","?","T","E","M","?","E","M","R","BOSS"],"build_version":"2018-05-31","seed_source_timestamp":12512167218740,"purchased_purges":0,"victory":false,"master_deck":["Strike_B","Strike_B+1","Strike_B+1","Defend_B","Defend_B","Defend_B+1","Defend_B","Zap+1","Dualcast","Defragment","Loop","Ball Lightning","Storm+1","Cold Snap","White Noise+1","Stack","White Noise+1","Defragment","Stack","Amplify","Stack+1","Ghostly","Ghostly","Ghostly","Ghostly","Ghostly+1","Hologram","Static Discharge+1","Machine Learning+1","Ball Lightning+1","Sweeping Beam+1","Reboot","Cold Snap+1","Panache","Secret Technique","Flash of Steel+1","Force Field+1","Magnetism","Redo+1","Writhe","Parasite","FTL+1","Self Repair+1","Force Field","Loop+1"],"max_hp_per_floor":[75,75,75,75,75,75,75,75,75,75,75,75,75,75,75,75,75,75,37,37,37,37,37,37,37,37,37,37,37,37,37,37,37,37,37,37,37,37,37,37,37,37,37,37,37,37,37,37,37,37],"relics":["Cracked Core","Golden Idol","Bottled Lightning","Juzu Bracelet","Mummified Hand","Oddly Smooth Stone","Runic Dome","Gremlin Horn","Whetstone","Molten Egg 2","Cursed Key","Torii","Regal Pillow","War Paint","Frozen Egg 2","Cables","Tiny Chest"],"card_choices":[{"not_picked":["Cold Snap","Rip and Tear"],"picked":"Loop","floor":1.0},{"not_picked":["Double Energy","Static Discharge"],"picked":"Ball Lightning","floor":2.0},{"not_picked":["Lockon","Steam"],"picked":"Storm","floor":3.0},{"not_picked":["Streamline","Barrage"],"picked":"Cold Snap","floor":5.0},{"not_picked":["Genetic Algorithm","Cold Snap"],"picked":"White Noise","floor":6.0},{"not_picked":["Conserve Battery","Skim"],"picked":"Stack","floor":7.0},{"not_picked":["Defragment","Hologram"],"picked":"White Noise","floor":8.0},{"not_picked":["Seek","Meteor Strike"],"picked":"Amplify","floor":16.0},{"not_picked":["Rebound","Hologram"],"picked":"Stack+1","floor":18.0},{"not_picked":["Reprogram","Turbo+1"],"picked":"Hologram","floor":20.0},{"not_picked":["Barrage+1","Reprogram"],"picked":"Static Discharge+1","floor":22.0},{"not_picked":["Chaos+1","Darkness"],"picked":"Machine Learning","floor":24.0},{"not_picked":["Rebound+1","Gash"],"picked":"Ball Lightning+1","floor":27.0},{"not_picked":["Gash","Melter","Lockon"],"picked":"SKIP","floor":29.0},{"not_picked":["Coolheaded","Go for the Eyes+1"],"picked":"Sweeping Beam+1","floor":31.0},{"not_picked":["Biased Cognition","Core Surge+1"],"picked":"Reboot","floor":33},{"not_picked":["Auto Shields","Redo"],"picked":"Cold Snap+1","floor":35},{"not_picked":["Finesse","Madness"],"picked":"Panache","floor":36},{"not_picked":["Blind","Sadistic Nature"],"picked":"Secret Technique","floor":36},{"not_picked":["Swift Strike+1","Blind"],"picked":"Flash of Steel+1","floor":36},{"not_picked":["Gash+1","Barrage+1"],"picked":"Force Field+1","floor":37},{"not_picked":["Steam Power","Hologram"],"picked":"Redo+1","floor":40},{"not_picked":["Compile Driver+1","Beam Cell+1"],"picked":"FTL+1","floor":44},{"not_picked":["Chill","Fusion"],"picked":"Self Repair+1","floor":45},{"not_picked":["Sweeping Beam+1","BootSequence+1"],"picked":"Force Field","floor":47},{"not_picked":["Ball Lightning+1","Turbo"],"picked":"Loop+1","floor":48}],"player_experience":731661,"potions_floor_usage":[35,40,40,50],"damage_taken":[{"damage":7.0,"enemies":"Small Slimes","floor":1.0,"turns":3.0},{"damage":1.0,"enemies":"2 Louse","floor":2.0,"turns":3.0},{"damage":1.0,"enemies":"Cultist","floor":3.0,"turns":3.0},{"damage":13.0,"enemies":"Blue Slaver","floor":5.0,"turns":3.0},{"damage":28.0,"enemies":"Gremlin Nob","floor":6.0,"turns":4.0},{"damage":8.0,"enemies":"Looter","floor":7.0,"turns":2.0},{"damage":7.0,"enemies":"Lagavulin","floor":8.0,"turns":7.0},{"damage":8.0,"enemies":"Slime Boss","floor":16.0,"turns":6.0},{"damage":35.0,"enemies":"2 Thieves","floor":18.0,"turns":4.0},{"damage":0.0,"enemies":"Chosen","floor":20.0,"turns":4.0},{"damage":15.0,"enemies":"Snake Plant","floor":22.0,"turns":5.0},{"damage":0.0,"enemies":"Book of Stabbing","floor":24.0,"turns":5.0},{"damage":0.0,"enemies":"Snecko","floor":27.0,"turns":4.0},{"damage":0.0,"enemies":"Slavers","floor":29.0,"turns":6.0},{"damage":17.0,"enemies":"Centurion and Healer","floor":31.0,"turns":5.0},{"damage":0,"enemies":"Collector","floor":33,"turns":7},{"damage":1,"enemies":"3 Darklings","floor":35,"turns":5},{"damage":22,"enemies":"Mysterious Sphere","floor":37,"turns":4},{"damage":1,"enemies":"Orb Walker","floor":40,"turns":4},{"damage":0,"enemies":"Nemesis","floor":44,"turns":6},{"damage":4,"enemies":"4 Shapes","floor":45,"turns":4},{"damage":12,"enemies":"2 Orb Walkers","floor":47,"turns":5},{"damage":0,"enemies":"Maw","floor":48,"turns":5},{"damage":30,"enemies":"Time Eater","floor":50,"turns":1}],"relics_obtained":[{"floor":6.0,"key":"Bottled Lightning"},{"floor":8.0,"key":"Juzu Bracelet"},{"floor":9.0,"key":"Mummified Hand"},{"floor":24.0,"key":"Gremlin Horn"},{"floor":26.0,"key":"Whetstone"},{"floor":29.0,"key":"Molten Egg 2"},{"floor":37,"key":"Torii"},{"floor":43,"key":"War Paint"},{"floor":44,"key":"Frozen Egg 2"},{"floor":47,"key":"Tiny Chest"}],"event_choices":[{"event_name":"Golden Idol","player_choice":"Take Wound","floor":4.0,"damage_taken":0.0},{"event_name":"Liars Game","player_choice":"disagreed","floor":12.0,"damage_taken":0.0},{"event_name":"Living Wall","player_choice":"Forget","floor":13.0,"damage_taken":0.0},{"event_name":"Ghosts","player_choice":"Became a Ghost","floor":19.0,"damage_taken":0.0},{"event_name":"The Woman in Blue","player_choice":"Bought 2 Potions","floor":21.0,"damage_taken":0.0},{"event_name":"Drug Dealer","player_choice":"Ignored","floor":30.0,"damage_taken":0.0},{"event_name":"SensoryStone","player_choice":"Memory 3","floor":36,"damage_taken":0},{"event_name":"Mysterious Sphere","player_choice":"Fight","floor":37,"damage_taken":0},{"event_name":"Tomb of Lord Red Mask","player_choice":"Ignored","floor":38,"damage_taken":0},{"event_name":"Winding Halls","player_choice":"Writhe","floor":42,"damage_taken":0}],"boss_relics":[{"not_picked":["Orrery","Inserter"],"picked":"Cursed Key"}],"items_purged_floors":[],"potions_floor_spawned":[3,7,16,22,24,29,31,33,35,44,45],"seed_played":"-331354978566107990","killed_by":"Time Eater","ascension_level":6,"potions_obtained":[{"floor":3.0,"key":"FearPotion"},{"floor":7.0,"key":"SpeedPotion"},{"floor":16.0,"key":"Explosive Potion"},{"floor":21.0,"key":"LiquidBronze"},{"floor":21.0,"key":"Block Potion"},{"floor":22.0,"key":"Energy Potion"},{"floor":24.0,"key":"SpeedPotion"},{"floor":29.0,"key":"SteroidPotion"},{"floor":33,"key":"Regen Potion"},{"floor":35,"key":"PowerPotion"},{"floor":44,"key":"SteroidPotion"},{"floor":45,"key":"Strength Potion"}],"is_trial":false}