{"gold_per_floor":[114,189,189,289,307,307,307,307,333,333,333,10,22,41,41,143,143,163,163],"floor_reached":19,"playtime":1090,"items_purged":["Regret"],"score":155,"play_id":"5dc61092-5624-4d42-9be4-f82f66302dbf","local_time":"20181013184950","is_ascension_mode":false,"campfire_choices":[{"data":"Dualcast","floor":6,"key":"SMITH"},{"data":"Go for the Eyes","floor":8,"key":"SMITH"},{"data":"Rainbow","floor":15,"key":"SMITH"}],"neow_cost":"NONE","seed_source_timestamp":176838688684194,"circlet_count":0,"master_deck":["Strike_B","Strike_B","Strike_B","Defend_B","Defend_B","Defend_B","Defend_B","Zap","Dualcast+1","Cold Snap","Go for the Eyes+1","Redo","Melter","Rainbow+1","Fission"],"relics":["Cracked Core","Juzu Bracelet","Gambling Chip","Bag of Marbles","Lantern","TheAbacus","Nuclear Battery"],"potions_floor_usage":[16],"damage_taken":[{"damage":1,"enemies":"Cultist","floor":1,"turns":4},{"damage":0,"enemies":"2 Louse","floor":5,"turns":3},{"damage":0,"enemies":"Jaw Worm","floor":13,"turns":3},{"damage":0,"enemies":"3 Louse","floor":14,"turns":3},{"damage":15,"enemies":"Slime Boss","floor":16,"turns":9},{"damage":0,"enemies":"Shell Parasite","floor":18,"turns":3},{"damage":8,"enemies":"Colosseum Slavers","floor":19,"turns":4},{"damage":73,"enemies":"Colosseum Nobs","floor":19,"turns":3}],"seed_played":"8116306146838559644","potions_obtained":[{"floor":5,"key":"FocusPotion"}],"is_trial":false,"path_per_floor":["M","?","?","?","M","R","T","R","T","?","?","$","M","M","R","B",null,"M"],"character_chosen":"DEFECT","items_purchased":["Redo","TheAbacus"],"campfire_rested":0,"item_purchase_floors":[12,12],"current_hp_per_floor":[74,63,63,63,63,63,63,63,63,63,63,63,63,63,63,48,75,75,0],"gold":163,"neow_bonus":"RANDOM_COMMON_RELIC","is_prod":false,"is_daily":false,"chose_seed":false,"campfire_upgraded":3,"win_rate":0.0,"timestamp":1539409790,"path_taken":["M","?","?","?","M","R","?","R","T","?","?","$","M","M","R","BOSS","M","?"],"build_version":"2018-10-11","purchased_purges":1,"victory":false,"max_hp_per_floor":[75,75,75,75,75,75,75,75,75,75,75,75,75,75,75,75,75,75,75],"card_choices":[{"not_picked":["Leap","Compile Driver"],"picked":"Cold Snap","floor":1},{"not_picked":["Compile Driver","Steam"],"picked":"Go for the Eyes","floor":5},{"not_picked":["FTL","Consume"],"picked":"Melter","floor":13},{"not_picked":["Sweeping Beam","Hologram"],"picked":"Rainbow","floor":14},{"not_picked":["Reboot","Rainbow"],"picked":"Fission","floor":16},{"not_picked":["Steam+1","Coolheaded","Cold Snap"],"picked":"SKIP","floor":18}],"player_experience":4708,"relics_obtained":[{"floor":7,"key":"Gambling Chip"},{"floor":9,"key":"Bag of Marbles"}],"event_choices":[{"event_name":"World of Goop","player_choice":"Gather Gold","floor":2,"damage_taken":0},{"event_name":"Liars Game","player_choice":"disagreed","floor":3,"damage_taken":0},{"event_name":"Golden Shrine","player_choice":"Pray","floor":4,"damage_taken":0},{"event_name":"Purifier","player_choice":"One Purge","floor":10,"damage_taken":0},{"event_name":"Big Fish","player_choice":"Box","floor":11,"damage_taken":0},{"event_name":"Colosseum","player_choice":"Fight","floor":19,"damage_taken":0},{"event_name":"Colosseum","player_choice":"Fought Nobs","floor":19,"damage_taken":0}],"is_beta":false,"boss_relics":[{"not_picked":["Runic Dome","Tiny House"],"picked":"Nuclear Battery"}],"items_purged_floors":[12],"is_endless":false,"potions_floor_spawned":[5,19],"killed_by":"Colosseum Nobs","ascension_level":0}