{"gold_per_floor":[113,128,128,138,148,148,177,177,177,211,211,226,54,70,70,149,149,160,178,103,103,116,127,127,161,161,178,178,195,229,239,239,316,316,332,332,348,366,366,397,397,423,423,456,456,184,197,214,214,214,214],"floor_reached":52,"playtime":6572,"items_purged":["Strike_R","Strike_R"],"score":1942,"play_id":"88ad5b52-78ab-40bb-8cdb-26a51786108b","local_time":"20190120003503","is_ascension_mode":true,"campfire_choices":[{"data":"Bash","floor":6.0,"key":"SMITH"},{"data":"Demon Form","floor":8.0,"key":"SMITH"},{"floor":11.0,"key":"REST"},{"data":"True Grit","floor":15.0,"key":"SMITH"},{"data":"Shockwave","floor":24.0,"key":"SMITH"},{"data":"Dark Embrace","floor":28.0,"key":"SMITH"},{"data":"Heavy Blade","floor":32.0,"key":"SMITH"},{"data":"Demon Form","floor":41,"key":"SMITH"},{"data":"Heavy Blade","floor":45,"key":"SMITH"},{"data":"Corruption","floor":49,"key":"SMITH"}],"neow_cost":"NONE","seed_source_timestamp":633386774899167,"circlet_count":0,"master_deck":["AscendersBane","Strike_R","Strike_R","Strike_R","Defend_R+1","Defend_R","Defend_R","Defend_R+1","Bash+1","Shrug It Off","Shrug It Off","Thunderclap","Rampage","Demon Form+1","True Grit+1","Iron Wave","Inflame","Reaper","Shockwave+1","Shrug It Off","Reaper","Heavy Blade+1","Dark Embrace+1","Sword Boomerang+1","Reaper","Demon Form+1","Heavy Blade+1","Corruption+1"],"special_seed":0,"relics":["Burning Blood","War Paint","Ice Cream","Charon\u0027s Ashes","Bird Faced Urn","Lantern","Runic Dome","Vajra","Self Forming Clay","Bag of Marbles","Runic Pyramid","Paper Frog","Darkstone Periapt","Dead Branch","Dodecahedron","Juzu Bracelet","Centennial Puzzle"],"potions_floor_usage":[36,40,51],"damage_taken":[{"damage":2.0,"enemies":"2 Louse","floor":1.0,"turns":3.0},{"damage":1.0,"enemies":"Jaw Worm","floor":2.0,"turns":6.0},{"damage":3.0,"enemies":"Cultist","floor":4.0,"turns":5.0},{"damage":20.0,"enemies":"Gremlin Gang","floor":5.0,"turns":8.0},{"damage":36.0,"enemies":"3 Sentries","floor":7.0,"turns":9.0},{"damage":32.0,"enemies":"Gremlin Nob","floor":10.0,"turns":4.0},{"damage":13.0,"enemies":"Exordium Wildlife","floor":12.0,"turns":3.0},{"damage":10.0,"enemies":"Red Slaver","floor":14.0,"turns":4.0},{"damage":21.0,"enemies":"Slime Boss","floor":16.0,"turns":7.0},{"damage":31.0,"enemies":"3 Byrds","floor":18.0,"turns":6.0},{"damage":26.0,"enemies":"Spheric Guardian","floor":19.0,"turns":7.0},{"damage":30.0,"enemies":"Cultist and Chosen","floor":22.0,"turns":6.0},{"damage":36.0,"enemies":"Snake Plant","floor":23.0,"turns":6.0},{"damage":46.0,"enemies":"Gremlin Leader","floor":25.0,"turns":8.0},{"damage":32.0,"enemies":"Sentry and Sphere","floor":27.0,"turns":7.0},{"damage":46.0,"enemies":"3 Cultists","floor":29.0,"turns":6.0},{"damage":54.0,"enemies":"Slavers","floor":30.0,"turns":8.0},{"damage":5.0,"enemies":"Snake Plant","floor":31.0,"turns":3.0},{"damage":73.0,"enemies":"Collector","floor":33.0,"turns":9.0},{"damage":48,"enemies":"3 Darklings","floor":35,"turns":5},{"damage":22,"enemies":"Orb Walker","floor":37,"turns":4},{"damage":50,"enemies":"Sphere and 2 Shapes","floor":38,"turns":7},{"damage":92,"enemies":"Reptomancer","floor":40,"turns":7},{"damage":78,"enemies":"Giant Head","floor":42,"turns":7},{"damage":96,"enemies":"Reptomancer","floor":44,"turns":7},{"damage":0,"enemies":"Writhing Mass","floor":47,"turns":3},{"damage":57,"enemies":"Jaw Worm Horde","floor":48,"turns":3},{"damage":98,"enemies":"Donu and Deca","floor":50,"turns":8},{"damage":43,"enemies":"Time Eater","floor":51,"turns":6}],"seed_played":"-2776187082524515583","potions_obtained":[{"floor":4.0,"key":"AttackPotion"},{"floor":5.0,"key":"Regen Potion"},{"floor":14.0,"key":"EssenceOfSteel"},{"floor":16.0,"key":"Dexterity Potion"},{"floor":18.0,"key":"BloodPotion"},{"floor":27.0,"key":"PowerPotion"},{"floor":29.0,"key":"SteroidPotion"},{"floor":31.0,"key":"LiquidBronze"},{"floor":35,"key":"Fruit Juice"},{"floor":36,"key":"BloodPotion"},{"floor":40,"key":"AttackPotion"}],"is_trial":false,"path_per_floor":["M","M","?","M","M","R","E","R","T","E","R","M","$","M","R","B",null,"M","M","$","?","M","M","R","E","T","M","R","M","E","M","R","B",null,"M","?","M","M","T","E","R","E","T","E","R","$","M","M","R","B","B",null],"character_chosen":"IRONCLAD","items_purchased":["Lantern","Centennial Puzzle"],"campfire_rested":1,"item_purchase_floors":[13,46],"current_hp_per_floor":[72,75,80,80,66,66,36,36,36,22,46,39,39,35,35,24,66,54,46,46,46,59,56,56,58,58,62,62,74,80,80,80,54,74,80,85,83,85,85,80,80,85,85,85,85,85,85,85,85,85,85],"gold":214,"neow_bonus":"RANDOM_COMMON_RELIC","is_prod":false,"is_daily":false,"chose_seed":false,"campfire_upgraded":9,"win_rate":0,"timestamp":1547904903,"path_taken":["M","M","?","M","M","R","E","R","T","E","R","M","?","M","R","BOSS","M","M","$","?","?","M","R","E","T","M","R","?","E","M","R","BOSS","M","?","?","M","?","E","R","E","T","E","R","$","M","M","R","BOSS","BOSS"],"build_version":"2019-01-17v2","purchased_purges":2,"victory":true,"max_hp_per_floor":[75,75,80,80,80,80,80,80,80,80,80,80,80,80,80,80,80,80,80,80,80,80,80,80,80,80,80,80,80,80,80,80,80,80,80,85,85,85,85,85,85,85,85,85,85,85,85,85,85,85,85],"card_choices":[{"not_picked":["Wild Strike","Fire Breathing"],"picked":"Shrug It Off","floor":1.0},{"not_picked":["Flex","Heavy Blade"],"picked":"Shrug It Off","floor":2.0},{"not_picked":["Flex","Sword Boomerang"],"picked":"Thunderclap","floor":4.0},{"not_picked":["Blood for Blood","Heavy Blade"],"picked":"Rampage","floor":5.0},{"not_picked":["Twin Strike","Seeing Red"],"picked":"Demon Form","floor":7.0},{"not_picked":["Hemokinesis","Brutality"],"picked":"True Grit","floor":10.0},{"not_picked":["Fire Breathing","Thunderclap"],"picked":"Iron Wave","floor":12.0},{"not_picked":["Thunderclap","Rupture"],"picked":"Inflame","floor":14.0},{"not_picked":["Feed","Brutality"],"picked":"Reaper","floor":16.0},{"not_picked":["Whirlwind","Thunderclap"],"picked":"Shockwave","floor":18.0},{"not_picked":["Cleave","Dual Wield"],"picked":"Shrug It Off","floor":19.0},{"not_picked":["Dual Wield","Rupture"],"picked":"Heavy Blade","floor":22.0},{"not_picked":["Perfected Strike","Heavy Blade","Body Slam"],"picked":"SKIP","floor":23.0},{"not_picked":["Dropkick","Uppercut","Second Wind+1"],"picked":"SKIP","floor":25.0},{"not_picked":["Armaments","Headbutt"],"picked":"Dark Embrace","floor":27.0},{"not_picked":["Pommel Strike","Warcry"],"picked":"Sword Boomerang+1","floor":29.0},{"not_picked":["Perfected Strike+1","Cleave","Second Wind"],"picked":"SKIP","floor":30.0},{"not_picked":["Pummel","Perfected Strike","Entrench"],"picked":"SKIP","floor":31.0},{"not_picked":["Berserk","Dark Embrace"],"picked":"Reaper","floor":33.0},{"not_picked":["Perfected Strike+1","Anger","Cleave"],"picked":"SKIP","floor":35},{"not_picked":["Power Through+1","Clothesline"],"picked":"Demon Form","floor":37},{"not_picked":["Burning Pact","Thunderclap","Spot Weakness+1"],"picked":"SKIP","floor":38},{"not_picked":["Reckless Charge","Searing Blow","Havoc"],"picked":"SKIP","floor":40},{"not_picked":["Reckless Charge","Searing Blow","Havoc"],"picked":"SKIP","floor":40},{"not_picked":["Burning Pact","Armaments+1"],"picked":"Heavy Blade","floor":42},{"not_picked":["Pommel Strike","Entrench","Juggernaut"],"picked":"SKIP","floor":44},{"not_picked":["Clothesline","Thunderclap"],"picked":"Corruption","floor":47},{"not_picked":["Twin Strike","Carnage","Havoc"],"picked":"SKIP","floor":48}],"player_experience":631621,"relics_obtained":[{"floor":7.0,"key":"Ice Cream"},{"floor":9.0,"key":"Charon\u0027s Ashes"},{"floor":10.0,"key":"Bird Faced Urn"},{"floor":25.0,"key":"Vajra"},{"floor":26.0,"key":"Self Forming Clay"},{"floor":30.0,"key":"Bag of Marbles"},{"floor":39,"key":"Paper Frog"},{"floor":40,"key":"Darkstone Periapt"},{"floor":42,"key":"Dead Branch"},{"floor":43,"key":"Dodecahedron"},{"floor":44,"key":"Juzu Bracelet"}],"event_choices":[{"damage_healed":0.0,"max_hp_gain":5.0,"max_hp_loss":0.0,"gold_gain":0.0,"event_name":"Big Fish","player_choice":"Donut","floor":3.0,"gold_loss":0.0,"damage_taken":0.0},{"damage_healed":0.0,"max_hp_gain":0.0,"max_hp_loss":0.0,"gold_gain":0.0,"event_name":"Duplicator","player_choice":"Copied","floor":21.0,"gold_loss":0.0,"damage_taken":0.0,"cards_obtained":["Reaper"]},{"damage_healed":0,"gold_gain":0,"player_choice":"Got Potions","damage_taken":0,"max_hp_gain":0,"max_hp_loss":0,"event_name":"Lab","floor":36,"gold_loss":0}],"is_beta":false,"boss_relics":[{"not_picked":["Calling Bell","Black Star"],"picked":"Runic Dome"},{"not_picked":["Velvet Choker","Sozu"],"picked":"Runic Pyramid"}],"items_purged_floors":[20,46],"is_endless":false,"potions_floor_spawned":[4,5,14,16,18,27,29,31,35,38,40,42],"ascension_level":20}