{"gold_per_floor":[119,131,146,163,163,192,192,227,227,111,129,129,147,158,158,231,231,246,246,256,181,198,198,229,240,240,257,257,257,271,281,281,352,352,367,367,380,6,19,19,19,19,88,88,101,101,118,137,137,137],"floor_reached":50,"playtime":1903,"items_purged":["Strike_B","Defend_B"],"score":985,"play_id":"2dba73e4-9b60-4f0b-9494-1ffcbd2b5595","local_time":"20190106022557","is_ascension_mode":true,"campfire_choices":[{"floor":7.0,"key":"REST"},{"floor":15.0,"key":"REST"},{"floor":23.0,"key":"REST"},{"data":"Creative AI","floor":29.0,"key":"SMITH"},{"floor":32.0,"key":"REST"},{"data":"White Noise","floor":40,"key":"SMITH"},{"data":"Seek","floor":42,"key":"SMITH"},{"floor":46,"key":"RECALL"},{"floor":49,"key":"REST"}],"neow_cost":"PERCENT_DAMAGE","seed_source_timestamp":0,"circlet_count":0,"master_deck":["AscendersBane","Strike_B+1","Defend_B","Zap","Dualcast","White Noise+1","Auto Shields","Streamline","Electrodynamics","Core Surge+1","Loop","FTL","Streamline","Auto Shields","Steam","Creative AI+1","Undo","Core Surge","Conserve Battery","Ball Lightning","BootSequence","Hologram","Stack","Seek+1","Auto Shields+1"],"special_seed":0,"relics":["Cracked Core","Omamori","Ornamental Fan","Mummified Hand","Busted Crown","Orichalcum","Symbiotic Virus","Inserter","Meat on the Bone","Bottled Flame"],"potions_floor_usage":[50],"damage_taken":[{"damage":7.0,"enemies":"Jaw Worm","floor":1.0,"turns":3.0},{"damage":2.0,"enemies":"Cultist","floor":2.0,"turns":4.0},{"damage":3.0,"enemies":"2 Louse","floor":3.0,"turns":4.0},{"damage":4.0,"enemies":"2 Fungi Beasts","floor":4.0,"turns":3.0},{"damage":20.0,"enemies":"3 Sentries","floor":6.0,"turns":5.0},{"damage":0.0,"enemies":"Gremlin Nob","floor":8.0,"turns":4.0},{"damage":0.0,"enemies":"Gremlin Gang","floor":11.0,"turns":2.0},{"damage":5.0,"enemies":"Blue Slaver","floor":13.0,"turns":3.0},{"damage":4.0,"enemies":"2 Fungi Beasts","floor":14.0,"turns":3.0},{"damage":14.0,"enemies":"The Guardian","floor":16.0,"turns":8.0},{"damage":17.0,"enemies":"Spheric Guardian","floor":18.0,"turns":4.0},{"damage":6.0,"enemies":"2 Thieves","floor":20.0,"turns":4.0},{"damage":7.0,"enemies":"Chosen and Byrds","floor":22.0,"turns":4.0},{"damage":3.0,"enemies":"Slavers","floor":24.0,"turns":4.0},{"damage":10.0,"enemies":"Snake Plant","floor":25.0,"turns":4.0},{"damage":4.0,"enemies":"Snecko","floor":27.0,"turns":4.0},{"damage":15.0,"enemies":"3 Cultists","floor":30.0,"turns":5.0},{"damage":10.0,"enemies":"Shelled Parasite and Fungi","floor":31.0,"turns":5.0},{"damage":36.0,"enemies":"Automaton","floor":33.0,"turns":8.0},{"damage":0.0,"enemies":"Orb Walker","floor":35.0,"turns":4.0},{"damage":27.0,"enemies":"3 Darklings","floor":37.0,"turns":5.0},{"damage":2,"enemies":"Spire Growth","floor":39,"turns":4},{"damage":0,"enemies":"Maw","floor":45,"turns":6},{"damage":12,"enemies":"3 Darklings","floor":47,"turns":3},{"damage":0,"enemies":"Sphere and 2 Shapes","floor":48,"turns":3},{"damage":58,"enemies":"Time Eater","floor":50,"turns":7}],"seed_played":"8936059160647526872","potions_obtained":[{"floor":1.0,"key":"Weak Potion"},{"floor":2.0,"key":"LiquidBronze"},{"floor":8.0,"key":"Ancient Potion"},{"floor":11.0,"key":"Fire Potion"},{"floor":18.0,"key":"Fire Potion"},{"floor":22.0,"key":"Fire Potion"},{"floor":30.0,"key":"Regen Potion"},{"floor":31.0,"key":"Poison Potion"},{"floor":35.0,"key":"FearPotion"},{"floor":36.0,"key":"SkillPotion"},{"floor":48,"key":"Dexterity Potion"}],"is_trial":false,"path_per_floor":["M","M","M","M","?","E","R","E","T","$","M","?","M","M","R","B",null,"M","?","M","?","M","R","E","M","T","M","?","R","M","M","R","B",null,"M","?","M","$","M","R","?","R","T","T","M","R","M","M","R","B"],"character_chosen":"DEFECT","items_purchased":["FTL","Meat on the Bone"],"campfire_rested":5,"item_purchase_floors":[10,38],"current_hp_per_floor":[39,37,34,30,30,10,31,31,31,31,31,10,5,1,22,8,55,38,38,32,32,25,46,43,33,33,29,29,29,14,4,25,4,54,54,54,27,27,37,37,37,37,37,37,37,37,37,37,58,0],"gold":137,"neow_bonus":"REMOVE_TWO","is_prod":false,"is_daily":false,"chose_seed":false,"campfire_upgraded":3,"win_rate":0,"timestamp":1546709157,"path_taken":["M","M","M","M","?","E","R","E","T","?","?","?","M","M","R","BOSS","M","?","?","?","M","R","E","M","T","M","?","R","M","M","R","BOSS","M","?","?","$","M","R","?","R","T","?","M","R","M","M","R","BOSS"],"build_version":"2019-01-03v4","purchased_purges":2,"victory":false,"max_hp_per_floor":[71,71,71,71,71,71,71,71,71,71,71,71,71,71,71,71,71,71,71,71,71,71,71,71,71,71,71,71,71,71,71,71,71,71,71,71,71,71,71,71,71,71,71,71,71,71,71,71,71,71],"card_choices":[{"not_picked":["Consume","Stack"],"picked":"White Noise","floor":1.0},{"not_picked":["Coolheaded","Conserve Battery"],"picked":"Auto Shields","floor":2.0},{"not_picked":["Force Field","Redo"],"picked":"Streamline","floor":3.0},{"not_picked":["Rebound","Reinforced Body"],"picked":"Electrodynamics","floor":4.0},{"not_picked":["Reprogram","Hello World"],"picked":"Core Surge","floor":6.0},{"not_picked":["Blizzard","Electrodynamics"],"picked":"Loop","floor":8.0},{"not_picked":["Coolheaded","Leap"],"picked":"Streamline","floor":11.0},{"not_picked":["Redo","Rebound"],"picked":"Auto Shields","floor":13.0},{"not_picked":["Turbo","Gash"],"picked":"Steam","floor":14.0},{"not_picked":["Multi-Cast","Rainbow"],"picked":"Creative AI","floor":16.0},{"not_picked":[],"picked":"Undo","floor":18.0},{"not_picked":[],"picked":"Ball Lightning","floor":20.0},{"not_picked":[],"picked":"BootSequence","floor":22.0},{"not_picked":[],"picked":"Hologram","floor":24.0},{"not_picked":["Capacitor"],"picked":"SKIP","floor":25.0},{"not_picked":[],"picked":"Stack","floor":27.0},{"not_picked":["Barrage"],"picked":"SKIP","floor":30.0},{"not_picked":["Gash"],"picked":"SKIP","floor":31.0},{"not_picked":[],"picked":"Seek","floor":33.0},{"not_picked":["Blizzard"],"picked":"SKIP","floor":35.0},{"not_picked":["Barrage"],"picked":"SKIP","floor":37.0},{"not_picked":["Cold Snap+1"],"picked":"SKIP","floor":39},{"not_picked":[],"picked":"Auto Shields+1","floor":45},{"not_picked":["Go for the Eyes"],"picked":"SKIP","floor":47},{"not_picked":["Go for the Eyes"],"picked":"SKIP","floor":48}],"player_experience":1008633,"relics_obtained":[{"floor":6.0,"key":"Omamori"},{"floor":8.0,"key":"Ornamental Fan"},{"floor":9.0,"key":"Mummified Hand"},{"floor":24.0,"key":"Orichalcum"},{"floor":26.0,"key":"Symbiotic Virus"},{"floor":44,"key":"Bottled Flame"}],"event_choices":[{"cards_removed":["Defend_B"],"damage_healed":0.0,"max_hp_gain":0.0,"max_hp_loss":0.0,"gold_gain":0.0,"event_name":"Purifier","player_choice":"Purged","floor":5.0,"gold_loss":0.0,"damage_taken":0.0},{"damage_healed":0.0,"max_hp_gain":0.0,"max_hp_loss":0.0,"gold_gain":0.0,"event_name":"Shining Light","player_choice":"Entered Light","floor":12.0,"gold_loss":0.0,"damage_taken":21.0,"cards_upgraded":["Strike_B","Core Surge"]},{"damage_healed":0.0,"max_hp_gain":0.0,"max_hp_loss":0.0,"gold_gain":0.0,"event_name":"Match and Keep!","player_choice":"2 cards matched","floor":19.0,"gold_loss":0.0,"damage_taken":0.0,"cards_obtained":["Core Surge","Conserve Battery"]},{"cards_removed":["Strike_B"],"damage_healed":0.0,"max_hp_gain":0.0,"max_hp_loss":0.0,"gold_gain":0.0,"event_name":"Beggar","player_choice":"Gave Gold","floor":21.0,"gold_loss":75.0,"damage_taken":0.0},{"damage_healed":0.0,"max_hp_gain":0.0,"max_hp_loss":0.0,"gold_gain":0.0,"event_name":"N\u0027loth","player_choice":"Ignored","floor":28.0,"gold_loss":0.0,"damage_taken":0.0},{"damage_healed":0.0,"max_hp_gain":0.0,"max_hp_loss":0.0,"gold_gain":0.0,"event_name":"Lab","player_choice":"Got Potions","floor":36.0,"gold_loss":0.0,"damage_taken":0.0},{"damage_healed":0,"gold_gain":0,"player_choice":"Memory 1","damage_taken":0,"max_hp_gain":0,"max_hp_loss":0,"event_name":"SensoryStone","floor":41,"gold_loss":0}],"is_beta":false,"boss_relics":[{"not_picked":["Astrolabe","Empty Cage"],"picked":"Busted Crown"},{"not_picked":["Runic Pyramid","Tiny House"],"picked":"Inserter"}],"items_purged_floors":[10,38],"is_endless":false,"potions_floor_spawned":[1,2,4,8,11,16,18,22,30,31,35,39,48],"killed_by":"Time Eater","ascension_level":19}