{"gold_per_floor":[112,112,135,156,156,156,195,195,195,195,214,257,10,10,10,106,106,120,35,35,35,47,47,78,178,178,189,189,189,207,237,237,315,315,331,1330,595,605,605,605,634,634,634,660,676,707,725,736,736,736],"floor_reached":50,"playtime":6233,"items_purged":["Strike_G","Normality"],"score":1237,"play_id":"64583903-9b68-43f4-b2ff-0e831c58924d","local_time":"20190107211251","is_ascension_mode":true,"campfire_choices":[{"data":"Sucker Punch","floor":6.0,"key":"SMITH"},{"data":"Predator","floor":8.0,"key":"SMITH"},{"floor":10.0,"key":"REST"},{"floor":15.0,"key":"REST"},{"data":"Glass Knife","floor":23.0,"key":"SMITH"},{"floor":29.0,"key":"REST"},{"data":"PiercingWail","floor":32.0,"key":"SMITH"},{"data":"Bite","floor":40.0,"key":"SMITH"},{"data":"Backflip","floor":42.0,"key":"SMITH"},{"floor":49.0,"key":"RECALL"}],"neow_cost":"NONE","seed_source_timestamp":499616679207,"circlet_count":0,"master_deck":["AscendersBane","Defend_G","Defend_G","Defend_G","Defend_G","Defend_G","Survivor","Neutralize","Backflip+1","PiercingWail+1","Sucker Punch+1","Predator+1","Leg Sweep+1","Glass Knife+1","Noxious Fumes+1","PiercingWail+1","Calculated Gamble+1","Venomology+1","Dagger Spray+1","Deadly Poison+1","Catalyst+1","Deadly Poison+1","Bite","Bite","Bite","Bite","Bite+1","Dodge and Roll+1","Crippling Poison+1","Die Die Die+1","Normality","Noxious Fumes+1","Footwork+1","Bouncing Flask+1","Dash","Deadly Poison+1"],"special_seed":0,"relics":["Velvet Choker","Bloody Idol","Toxic Egg 2","Question Card","Strawberry","Runic Pyramid","Gremlin Horn","Vajra","Unceasing Top","Blue Candle","Frozen Egg 2","Red Mask","Eternal Feather","Bottled Tornado","Bottled Lightning","Blood Vial","Omamori","Bronze Scales"],"potions_floor_usage":[50,50],"damage_taken":[{"damage":1.0,"enemies":"2 Louse","floor":1.0,"turns":4.0},{"damage":0.0,"enemies":"Jaw Worm","floor":3.0,"turns":5.0},{"damage":6.0,"enemies":"Cultist","floor":4.0,"turns":6.0},{"damage":46.0,"enemies":"Gremlin Nob","floor":7.0,"turns":7.0},{"damage":0.0,"enemies":"Exordium Thugs","floor":11.0,"turns":3.0},{"damage":28.0,"enemies":"3 Sentries","floor":12.0,"turns":22.0},{"damage":18.0,"enemies":"Slime Boss","floor":16.0,"turns":12.0},{"damage":0.0,"enemies":"3 Byrds","floor":18.0,"turns":5.0},{"damage":0.0,"enemies":"Spheric Guardian","floor":22.0,"turns":7.0},{"damage":8.0,"enemies":"Book of Stabbing","floor":24.0,"turns":5.0},{"damage":16.0,"enemies":"Colosseum Slavers","floor":25.0,"turns":5.0},{"damage":38.0,"enemies":"Colosseum Nobs","floor":25.0,"turns":5.0},{"damage":4.0,"enemies":"Centurion and Healer","floor":27.0,"turns":6.0},{"damage":2.0,"enemies":"Snake Plant","floor":30.0,"turns":5.0},{"damage":0.0,"enemies":"Masked Bandits","floor":31.0,"turns":3.0},{"damage":31.0,"enemies":"Champ","floor":33.0,"turns":10.0},{"damage":2.0,"enemies":"3 Darklings","floor":35.0,"turns":4.0},{"damage":16.0,"enemies":"Orb Walker","floor":38.0,"turns":3.0},{"damage":17.0,"enemies":"Nemesis","floor":41.0,"turns":7.0},{"damage":42.0,"enemies":"Giant Head","floor":44.0,"turns":9.0},{"damage":18.0,"enemies":"Sphere and 2 Shapes","floor":45.0,"turns":4.0},{"damage":9.0,"enemies":"Reptomancer","floor":46.0,"turns":6.0},{"damage":25.0,"enemies":"Jaw Worm Horde","floor":47.0,"turns":3.0},{"damage":0.0,"enemies":"3 Darklings","floor":48.0,"turns":3.0},{"damage":74,"enemies":"Awakened One","floor":50,"turns":13}],"seed_played":"-7729317598285216898","potions_obtained":[{"floor":1.0,"key":"Block Potion"},{"floor":11.0,"key":"Ancient Potion"},{"floor":12.0,"key":"SkillPotion"},{"floor":18.0,"key":"Fire Potion"},{"floor":27.0,"key":"Energy Potion"},{"floor":41.0,"key":"EntropicBrew"},{"floor":46.0,"key":"SpeedPotion"}],"is_trial":false,"path_per_floor":["M","?","M","M","?","R","E","R","T","R","M","E","$","?","R","B",null,"M","?","$","?","M","R","E","?","T","M","?","R","M","?","R","B",null,"M","?","$","M","?","R","E","R","T","E","M","E","M","M","R","B"],"character_chosen":"THE_SILENT","items_purchased":["Noxious Fumes","PiercingWail+1","Calculated Gamble+1","Noxious Fumes+1","Bottled Tornado","Bottled Lightning"],"campfire_rested":3,"item_purchase_floors":[13,13,13,37,37,37],"current_hp_per_floor":[58,58,58,52,57,57,11,11,11,30,30,9,9,9,30,12,57,57,57,57,57,62,62,59,10,10,11,11,26,39,50,50,32,46,50,50,50,43,43,50,49,50,50,17,17,26,12,22,43,0],"gold":736,"neow_bonus":"BOSS_RELIC","is_prod":false,"is_daily":false,"chose_seed":false,"campfire_upgraded":6,"win_rate":0,"timestamp":1546891971,"path_taken":["M","?","M","M","?","R","E","R","T","R","M","E","$","?","R","BOSS","M","?","?","?","?","R","E","?","T","M","?","R","M","?","R","BOSS","M","?","$","M","?","R","E","R","T","E","M","E","?","M","R","BOSS"],"build_version":"2019-01-03v4","purchased_purges":2,"victory":false,"max_hp_per_floor":[66,60,60,60,65,65,65,65,65,65,65,72,72,72,72,72,72,72,72,72,72,72,72,72,72,72,72,50,50,50,50,50,50,50,50,50,50,50,50,50,50,50,50,50,50,50,50,50,50,50],"card_choices":[{"not_picked":["Infinite Blades","Sucker Punch"],"picked":"Backflip","floor":1.0},{"not_picked":["Caltrops","Acrobatics"],"picked":"PiercingWail","floor":3.0},{"not_picked":["Acrobatics","Deflect"],"picked":"Sucker Punch","floor":4.0},{"not_picked":["Dodge and Roll","Caltrops"],"picked":"Predator","floor":7.0},{"not_picked":["Outmaneuver+1","All Out Attack","Acrobatics+1"],"picked":"Leg Sweep+1","floor":11.0},{"not_picked":["Quick Slash","Poisoned Stab","Blur+1"],"picked":"Glass Knife","floor":12.0},{"not_picked":["Storm of Steel+1","Adrenaline+1","Envenom"],"picked":"Venomology+1","floor":16.0},{"not_picked":["Quick Slash","Sucker Punch","Endless Agony+1","Dagger Throw"],"picked":"SKIP","floor":18.0},{"not_picked":["Sucker Punch+1","Flechettes","Quick Slash"],"picked":"Dagger Spray+1","floor":22.0},{"not_picked":["Storm of Steel+1","Acrobatics+1","Heel Hook+1"],"picked":"Deadly Poison+1","floor":24.0},{"not_picked":["Concentrate+1","Deadly Poison+1","Finisher"],"picked":"Catalyst+1","floor":25.0},{"not_picked":["Prepared+1","Flechettes","Distraction+1"],"picked":"Deadly Poison+1","floor":27.0},{"not_picked":["Setup+1","Quick Slash+1","Underhanded Strike"],"picked":"Dodge and Roll+1","floor":30.0},{"not_picked":["Skewer","PiercingWail+1","Distraction+1"],"picked":"Crippling Poison+1","floor":31.0},{"not_picked":["Unload","Venomology+1","Phantasmal Killer+1"],"picked":"Die Die Die","floor":33.0},{"not_picked":["Acrobatics+1","Predator","Infinite Blades+1","Setup+1"],"picked":"SKIP","floor":35.0},{"not_picked":["Prepared+1","Eviscerate+1","Backflip+1","Finisher"],"picked":"SKIP","floor":38.0},{"not_picked":["Cloak And Dagger+1","Deflect+1","Dodge and Roll+1"],"picked":"Footwork+1","floor":41.0},{"not_picked":["Backflip+1","Terror+1","Backstab+1"],"picked":"Bouncing Flask+1","floor":44.0},{"not_picked":["Slice","Dagger Throw","Sucker Punch+1","Expertise+1"],"picked":"SKIP","floor":45.0},{"not_picked":["A Thousand Cuts+1","Cloak And Dagger+1","Tactician+1"],"picked":"Dash","floor":46.0},{"not_picked":["Prepared+1","Quick Slash","Well Laid Plans+1"],"picked":"Deadly Poison+1","floor":47.0},{"not_picked":["Slice","Cloak And Dagger+1","Prepared+1","Underhanded Strike"],"picked":"SKIP","floor":48.0}],"player_experience":1980050,"relics_obtained":[{"floor":7.0,"key":"Toxic Egg 2"},{"floor":9.0,"key":"Question Card"},{"floor":12.0,"key":"Strawberry"},{"floor":24.0,"key":"Vajra"},{"floor":25.0,"key":"Unceasing Top"},{"floor":25.0,"key":"Blue Candle"},{"floor":26.0,"key":"Frozen Egg 2"},{"floor":31.0,"key":"Red Mask"},{"floor":41.0,"key":"Blood Vial"},{"floor":44.0,"key":"Omamori"},{"floor":46.0,"key":"Bronze Scales"}],"event_choices":[{"damage_healed":0.0,"max_hp_gain":0.0,"max_hp_loss":6.0,"gold_gain":0.0,"event_name":"Golden Idol","player_choice":"Lose Max HP","floor":2.0,"gold_loss":0.0,"damage_taken":0.0,"relics_obtained":["Golden Idol"]},{"damage_healed":0.0,"max_hp_gain":5.0,"max_hp_loss":0.0,"gold_gain":0.0,"event_name":"Big Fish","player_choice":"Donut","floor":5.0,"gold_loss":0.0,"damage_taken":0.0},{"damage_healed":0.0,"max_hp_gain":0.0,"max_hp_loss":0.0,"gold_gain":0.0,"event_name":"Upgrade Shrine","player_choice":"Upgraded","floor":14.0,"gold_loss":0.0,"damage_taken":0.0,"cards_upgraded":["Noxious Fumes"]},{"damage_healed":0.0,"max_hp_gain":0.0,"max_hp_loss":0.0,"gold_gain":0.0,"event_name":"Addict","player_choice":"Obtained Relic","floor":19.0,"gold_loss":85.0,"damage_taken":0.0,"relics_obtained":["Gremlin Horn"]},{"damage_healed":0.0,"max_hp_gain":0.0,"max_hp_loss":0.0,"gold_gain":0.0,"event_name":"Forgotten Altar","player_choice":"Gave Idol","floor":21.0,"relics_lost":["Golden Idol"],"gold_loss":0.0,"damage_taken":0.0,"relics_obtained":["Bloody Idol"]},{"damage_healed":0.0,"max_hp_gain":0.0,"max_hp_loss":0.0,"gold_gain":0.0,"event_name":"Colosseum","player_choice":"Fight","floor":25.0,"gold_loss":0.0,"damage_taken":0.0},{"damage_healed":0.0,"max_hp_gain":0.0,"max_hp_loss":0.0,"gold_gain":0.0,"event_name":"Colosseum","player_choice":"Fought Nobs","floor":25.0,"gold_loss":0.0,"damage_taken":0.0},{"damage_healed":0.0,"max_hp_gain":0.0,"max_hp_loss":22.0,"gold_gain":0.0,"event_name":"Vampires","player_choice":"Became a vampire","floor":28.0,"gold_loss":0.0,"damage_taken":0.0,"cards_obtained":["Bite","Bite","Bite","Bite","Bite"]},{"damage_healed":0.0,"max_hp_gain":0.0,"max_hp_loss":0.0,"gold_gain":0.0,"event_name":"Masked Bandits","player_choice":"Fought Bandits","floor":31.0,"gold_loss":0.0,"damage_taken":0.0},{"damage_healed":0.0,"max_hp_gain":0.0,"max_hp_loss":0.0,"gold_gain":999.0,"event_name":"MindBloom","player_choice":"Gold","floor":36.0,"gold_loss":0.0,"damage_taken":0.0,"cards_obtained":["Normality","Normality"]},{"damage_healed":0.0,"max_hp_gain":0.0,"max_hp_loss":0.0,"gold_gain":0.0,"event_name":"Upgrade Shrine","player_choice":"Upgraded","floor":39.0,"gold_loss":0.0,"damage_taken":0.0,"cards_upgraded":["Die Die Die"]}],"is_beta":false,"boss_relics":[{"not_picked":["Sozu","Coffee Dripper"],"picked":"Runic Pyramid"},{"not_picked":["Pandora\u0027s Box","Snecko Eye"],"picked":"Eternal Feather"}],"items_purged_floors":[13,37],"is_endless":false,"potions_floor_spawned":[1,11,12,18,25,27,30,41,45,46],"killed_by":"Awakened One","ascension_level":20}