{"path_per_floor":["M","M","M","?","$","R","E","M","T","R","M","R","?","E","R","B",null,"M","?","?","M","M","R","M","R","T","?","$","T","M","M","R","B",null,"M","M","?","M","M","R","M","R","T","R","$","M","?","M","R","B"],"character_chosen":"IRONCLAD","items_purchased":["Shrug It Off","Bottled Flame","Anchor","Red Skull","Swift Potion","Poison Potion"],"gold_per_floor":[119,131,143,143,17,17,42,54,54,54,72,72,172,199,199,296,296,314,314,314,333,344,344,361,361,385,300,2,2,17,37,37,136,136,146,157,508,522,536,536,552,552,622,622,14,30,0,14,14,14],"floor_reached":51,"campfire_rested":3,"playtime":2811,"current_hp_per_floor":[80,80,80,80,80,80,65,71,71,71,77,77,77,71,71,74,80,80,80,80,78,80,80,77,77,77,77,77,77,80,68,80,68,80,70,67,55,36,42,66,58,80,80,80,80,80,80,80,80,44],"items_purged":["Strike_R","Strike_R","Strike_R"],"gold":14,"score":753,"play_id":"16081dc8-f63c-4a6f-864f-0c5c78bd59c4","local_time":"20180310152934","is_prod":false,"is_daily":false,"is_ascension_mode":true,"campfire_upgraded":8,"timestamp":1520692174,"path_taken":["M","M","M","?","$","R","E","?","T","R","M","R","?","E","R","BOSS","M","?","?","M","?","R","M","R","T","?","$","?","?","M","R","BOSS","M","M","?","?","M","R","?","R","T","R","$","M","?","M","R","BOSS"],"build_version":"2018-03-09","purchased_purges":3,"victory":true,"master_deck":["Strike_R+1","Defend_R","Defend_R","Defend_R","Defend_R","Bash","Ghostly Armor","Body Slam+1","Twin Strike","Shrug It Off","Flame Barrier+1","Uppercut+1","Juggernaut+1","Ghostly Armor+1","Barricade+1","Shrug It Off","Flame Barrier+1","Disarm+1","Pommel Strike+1","Body Slam+1","Shrug It Off+1"],"max_hp_per_floor":[80,80,80,80,80,80,80,80,80,80,80,80,80,80,80,80,80,80,80,80,80,80,80,80,80,80,80,80,80,80,80,80,80,80,80,80,80,80,80,80,80,80,80,80,80,80,80,80,80,80],"relics":["Burning Blood","Bronze Scales","Smiling Mask","Frozen Eye","Gambling Chip","Lizard Tail","Happy Flower","Whetstone","Gremlin Horn","Bottled Flame","Ancient Tea Set","Philosopher\u0027s Stone","Old Coin","Matryoshka","Anchor","Red Skull","Red Mask"],"card_choices":[{"not_picked":["True Grit","Blood for Blood"],"picked":"Ghostly Armor"},{"not_picked":["Evolve","Hemokinesis"],"picked":"Body Slam"},{"not_picked":["Sword Boomerang","Carnage"],"picked":"Twin Strike"},{"not_picked":["Perfected Strike","Thunderclap"],"picked":"Flame Barrier"},{"not_picked":["Thunderclap","Sword Boomerang"],"picked":"Uppercut"},{"not_picked":["Twin Strike","Pommel Strike"],"picked":"Juggernaut"},{"not_picked":["Anger","Heavy Blade"],"picked":"Ghostly Armor"},{"not_picked":["Reaper","Fiend Fire"],"picked":"Barricade"},{"not_picked":["Sword Boomerang","Power Through"],"picked":"Shrug It Off"},{"not_picked":["Dual Wield","Clothesline"],"picked":"Disarm"},{"not_picked":["Havoc","Wild Strike"],"picked":"Pommel Strike"},{"not_picked":["Wild Strike","Sentinel"],"picked":"Body Slam"},{"not_picked":["Clash","Searing Blow"],"picked":"Shrug It Off"}],"player_experience":188280,"potions_floor_usage":[36,46,50,50,50],"damage_taken":[{"damage":6.0,"enemies":"Small Slimes","floor":1.0,"turns":4.0},{"damage":0.0,"enemies":"Cultist","floor":2.0,"turns":3.0},{"damage":6.0,"enemies":"2 Louse","floor":3.0,"turns":3.0},{"damage":21.0,"enemies":"Gremlin Nob","floor":7.0,"turns":4.0},{"damage":0.0,"enemies":"Lots of Slimes","floor":8.0,"turns":4.0},{"damage":0.0,"enemies":"Looter","floor":11.0,"turns":2.0},{"damage":12.0,"enemies":"Lagavulin","floor":14.0,"turns":7.0},{"damage":3.0,"enemies":"Hexaghost","floor":16.0,"turns":9.0},{"damage":2.0,"enemies":"3 Byrds","floor":18.0,"turns":4.0},{"damage":8.0,"enemies":"Shell Parasite","floor":21.0,"turns":6.0},{"damage":1.0,"enemies":"Snecko","floor":22.0,"turns":4.0},{"damage":9.0,"enemies":"Slaver and Parasite","floor":24.0,"turns":7.0},{"damage":0.0,"enemies":"Cultist and Chosen","floor":30.0,"turns":8.0},{"damage":18.0,"enemies":"Snake Plant","floor":31.0,"turns":5.0},{"damage":18.0,"enemies":"Automaton","floor":33.0,"turns":16.0},{"damage":16,"enemies":"3 Darklings","floor":35,"turns":8},{"damage":9,"enemies":"3 Shapes","floor":36,"turns":5},{"damage":18,"enemies":"Sphère mystérieuse","floor":37,"turns":6},{"damage":25,"enemies":"3 Darklings","floor":38,"turns":4},{"damage":0,"enemies":"Maw","floor":39,"turns":7},{"damage":14,"enemies":"Sphere and 2 Shapes","floor":41,"turns":4},{"damage":0,"enemies":"4 Shapes","floor":46,"turns":4},{"damage":0,"enemies":"Maw","floor":48,"turns":7},{"damage":42,"enemies":"Donu and Deca","floor":50,"turns":11}],"event_choices":[{"event_name":"Purifier","player_choice":"One Purge","floor":4.0,"damage_taken":0.0},{"event_name":"Golden Shrine","player_choice":"Pray","floor":13.0,"damage_taken":0.0},{"event_name":"The Mausoleum","player_choice":"Yes","floor":19.0,"damage_taken":0.0},{"event_name":"The Library","player_choice":"Read","floor":20.0,"damage_taken":0.0},{"event_name":"Addict","player_choice":"Obtained Relic","floor":27.0,"damage_taken":0.0},{"event_name":"Mysterious Sphere","player_choice":"Fight","floor":37,"damage_taken":0},{"event_name":"Tomb of Lord Red Mask","player_choice":"Paid","floor":47,"damage_taken":0}],"boss_relics":[{"not_picked":["Black Star","Runic Dome"],"picked":"Philosopher\u0027s Stone"}],"potions_floor_spawned":[1,2,3,14,18,31,35,39,48],"seed_played":"1123115822952727741","ascension_level":3,"is_trial":false}