{"gold_per_floor":[117,117,132,179,179,179,213,213,240,240,271,285,285,285],"floor_reached":14,"playtime":358,"items_purged":[],"score":187,"play_id":"551b56df-6975-4117-af13-0ebcf27b7298","local_time":"20181214032449","is_ascension_mode":true,"campfire_choices":[{"data":"FTL","floor":6,"key":"SMITH"},{"data":"Dualcast","floor":10,"key":"SMITH"}],"neow_cost":"NONE","seed_source_timestamp":152033241597200,"circlet_count":0,"master_deck":["AscendersBane","Strike_B","Strike_B","Strike_B","Strike_B","Defend_B+1","Defend_B","Defend_B","Zap+1","Dualcast+1","FTL+1","Sunder+1","Reinforced Body","Doom and Gloom"],"relics":["Cracked Core","Regal Pillow","Bottled Lightning","DataDisk","Vajra","Bronze Scales"],"potions_floor_usage":[7,11],"damage_taken":[{"damage":4,"enemies":"Small Slimes","floor":1,"turns":3},{"damage":2,"enemies":"Jaw Worm","floor":3,"turns":3},{"damage":8,"enemies":"Gremlin Nob","floor":7,"turns":3},{"damage":25,"enemies":"3 Sentries","floor":11,"turns":5},{"damage":0,"enemies":"2 Louse","floor":12,"turns":1},{"damage":6,"enemies":"2 Fungi Beasts","floor":14,"turns":2}],"seed_played":"-4557010567199378013","potions_obtained":[{"floor":1,"key":"Poison Potion"},{"floor":3,"key":"PowerPotion"}],"is_trial":false,"path_per_floor":["M","?","M","T","?","R","E","?","T","R","E","M","?","M"],"character_chosen":"DEFECT","items_purchased":[],"campfire_rested":0,"item_purchase_floors":[],"current_hp_per_floor":[67,44,42,42,42,42,34,34,34,34,9,9,2,0],"gold":285,"neow_bonus":"TEN_PERCENT_HP_BONUS","is_prod":false,"is_daily":false,"chose_seed":false,"campfire_upgraded":2,"win_rate":0,"timestamp":1544725489,"path_taken":["M","?","M","?","?","R","E","?","T","R","E","?","?","M"],"build_version":"2018-12-06","purchased_purges":0,"victory":false,"max_hp_per_floor":[78,78,78,78,78,78,78,78,78,78,78,78,78,78],"card_choices":[{"not_picked":["Gash","Chaos"],"picked":"FTL","floor":1},{"not_picked":["Conserve Battery","Gash"],"picked":"Sunder","floor":3},{"not_picked":["Recycle","Hologram"],"picked":"Redo","floor":7},{"not_picked":["Streamline","Steam"],"picked":"Reinforced Body","floor":11},{"not_picked":["Reinforced Body","Barrage"],"picked":"Doom and Gloom","floor":12}],"player_experience":993781,"relics_obtained":[{"floor":4,"key":"Regal Pillow"},{"floor":7,"key":"Bottled Lightning"},{"floor":9,"key":"Vajra"},{"floor":11,"key":"Bronze Scales"}],"event_choices":[{"damage_healed":0,"gold_gain":0,"player_choice":"Entered Light","damage_taken":23,"max_hp_gain":0,"max_hp_loss":0,"event_name":"Shining Light","floor":2,"gold_loss":0,"cards_upgraded":["Zap","Defend_B"]},{"damage_healed":0,"gold_gain":0,"player_choice":"Grow","damage_taken":0,"max_hp_gain":0,"max_hp_loss":0,"event_name":"Living Wall","floor":5,"gold_loss":0,"cards_upgraded":["Sunder"]},{"cards_removed":["Redo"],"damage_healed":0,"gold_gain":0,"player_choice":"Gave Card","damage_taken":0,"relics_obtained":["DataDisk"],"max_hp_gain":0,"max_hp_loss":0,"event_name":"WeMeetAgain","floor":8,"gold_loss":0},{"cards_removed":["Defend_B"],"damage_healed":0,"gold_gain":0,"player_choice":"Card Removal","damage_taken":7,"max_hp_gain":0,"max_hp_loss":0,"event_name":"Golden Wing","floor":13,"gold_loss":0}],"is_beta":false,"boss_relics":[],"items_purged_floors":[],"is_endless":false,"potions_floor_spawned":[1,3],"killed_by":"2 Fungi Beasts","ascension_level":19}