{"gold_per_floor":[119,119,131,6,16,44,54,89,89,89,119,137,54,34,34,34],"floor_reached":16,"playtime":455,"items_purged":["Pain"],"score":240,"play_id":"71de73a2-ede4-4942-b279-0d128ea862b0","local_time":"20190117104047","is_ascension_mode":true,"campfire_choices":[{"floor":10,"key":"REST"},{"floor":15,"key":"REST"}],"neow_cost":"NONE","seed_source_timestamp":124148518974479,"circlet_count":0,"master_deck":["AscendersBane","Strike_R","Strike_R","Strike_R","Strike_R","Strike_R","Defend_R","Defend_R","Defend_R","Defend_R","Bash","Wild Strike","True Grit","True Grit","Dual Wield","Anger","Armaments","Iron Wave","Feel No Pain"],"relics":["Black Star","WarpedTongs","WingedGreaves","Self Forming Clay","Sundial","Oddly Smooth Stone","Paper Frog","Pen Nib","Bronze Scales"],"potions_floor_usage":[6,11,16,16],"damage_taken":[{"damage":7,"enemies":"Small Slimes","floor":1,"turns":4},{"damage":3,"enemies":"Cultist","floor":3,"turns":3},{"damage":0,"enemies":"2 Louse","floor":5,"turns":2},{"damage":25,"enemies":"3 Sentries","floor":6,"turns":6},{"damage":5,"enemies":"Looter","floor":7,"turns":3},{"damage":25,"enemies":"Lagavulin","floor":8,"turns":7},{"damage":15,"enemies":"3 Sentries","floor":11,"turns":8},{"damage":7,"enemies":"Blue Slaver","floor":12,"turns":3},{"damage":28,"enemies":"The Guardian","floor":16,"turns":6}],"seed_played":"-5670597489023881392","potions_obtained":[{"floor":3,"key":"AttackPotion"},{"floor":7,"key":"GamblersBrew"},{"floor":8,"key":"Ancient Potion"},{"floor":11,"key":"Explosive Potion"},{"floor":12,"key":"Block Potion"}],"is_trial":false,"path_per_floor":["M","?","M","$","M","E","M","E","T","R","E","M","$","?","R","B"],"character_chosen":"IRONCLAD","items_purchased":["True Grit","Feel No Pain"],"campfire_rested":2,"item_purchase_floors":[4,13],"current_hp_per_floor":[61,61,58,58,58,33,28,3,3,25,10,3,3,3,25,0],"gold":34,"neow_bonus":"BOSS_RELIC","is_prod":false,"is_daily":false,"chose_seed":false,"campfire_upgraded":0,"win_rate":0,"timestamp":1547750447,"path_taken":["M","?","?","$","M","E","M","E","T","R","E","?","$","?","R","BOSS"],"build_version":"2019-01-16","purchased_purges":1,"victory":false,"max_hp_per_floor":[75,75,75,75,75,75,75,75,75,75,75,75,75,75,75,75],"card_choices":[{"not_picked":["Twin Strike","Blood for Blood"],"picked":"Wild Strike","floor":1},{"not_picked":["Dropkick","Twin Strike"],"picked":"True Grit","floor":3},{"not_picked":["Headbutt","Pommel Strike"],"picked":"Dual Wield","floor":5},{"not_picked":["Demon Form","Body Slam"],"picked":"Anger","floor":6},{"not_picked":["Anger","Clash"],"picked":"Armaments","floor":7},{"not_picked":["Second Wind","Warcry"],"picked":"Iron Wave","floor":8},{"not_picked":["Warcry","Clothesline","Havoc"],"picked":"SKIP","floor":12}],"player_experience":1026415,"relics_obtained":[{"floor":6,"key":"WingedGreaves"},{"floor":6,"key":"Self Forming Clay"},{"floor":8,"key":"Sundial"},{"floor":8,"key":"Oddly Smooth Stone"},{"floor":9,"key":"Paper Frog"},{"floor":11,"key":"Pen Nib"},{"floor":11,"key":"Bronze Scales"}],"event_choices":[{"damage_healed":0,"gold_gain":0,"player_choice":"Rummage","damage_taken":0,"relics_obtained":["WarpedTongs"],"max_hp_gain":0,"max_hp_loss":0,"event_name":"Accursed Blacksmith","floor":2,"gold_loss":0,"cards_obtained":["Pain"]},{"damage_healed":0,"gold_gain":0,"player_choice":"Bought 1 Potion","damage_taken":0,"max_hp_gain":0,"max_hp_loss":0,"event_name":"The Woman in Blue","floor":14,"gold_loss":0}],"is_beta":true,"boss_relics":[],"items_purged_floors":[4],"is_endless":false,"potions_floor_spawned":[3,7,8,11,12],"killed_by":"The Guardian","ascension_level":20}