{"gold_per_floor":[115,115,59,59,75,75,110,110,110,144,27,59,59,77,77,151,151,166,166,166,181,196,196],"floor_reached":23,"playtime":608,"items_purged":["Strike_B"],"score":464,"play_id":"573813dd-4050-4b0a-9e75-b2e49bc76689","local_time":"20190127222916","is_ascension_mode":true,"campfire_choices":[{"data":"Doom and Gloom","floor":6.0,"key":"SMITH"},{"floor":8.0,"key":"REST"},{"data":"Capacitor","floor":13.0,"key":"SMITH"},{"data":"Skim","floor":15.0,"key":"SMITH"}],"neow_cost":"NONE","seed_source_timestamp":0,"circlet_count":0,"master_deck":["AscendersBane","Strike_B","Strike_B","Defend_B+1","Defend_B","Defend_B","Defend_B","Zap","Dualcast+1","Doom and Gloom+1","Ball Lightning","Chill","Genetic Algorithm","Undo","Capacitor+1","Melter","Skim+1","Electrodynamics","Conserve Battery","Tempest","Chill","Leap+1"],"special_seed":0,"relics":["Cracked Core","NeowsBlessing","Orichalcum","Torii","Pantograph","Centennial Puzzle","Inserter"],"potions_floor_usage":[22],"damage_taken":[{"damage":0.0,"enemies":"2 Louse","floor":1.0,"turns":1.0},{"damage":0.0,"enemies":"Jaw Worm","floor":5.0,"turns":1.0},{"damage":0.0,"enemies":"Lagavulin","floor":7.0,"turns":1.0},{"damage":19.0,"enemies":"Gremlin Nob","floor":10.0,"turns":4.0},{"damage":4.0,"enemies":"3 Sentries","floor":12.0,"turns":8.0},{"damage":1.0,"enemies":"Cultist","floor":14.0,"turns":3.0},{"damage":16.0,"enemies":"The Guardian","floor":16.0,"turns":10.0},{"damage":0,"enemies":"3 Byrds","floor":18,"turns":2},{"damage":12,"enemies":"Spheric Guardian","floor":21,"turns":4},{"damage":23,"enemies":"Snake Plant","floor":22,"turns":5},{"damage":36,"enemies":"Book of Stabbing","floor":23,"turns":5}],"seed_played":"-2969705655473608259","potions_obtained":[{"floor":5.0,"key":"SkillPotion"},{"floor":7.0,"key":"PowerPotion"},{"floor":18,"key":"EssenceOfSteel"},{"floor":22,"key":"Weak Potion"}],"is_trial":false,"path_per_floor":["M","?","$","?","M","R","E","R","T","E","$","E","R","M","R","B",null,"M","?","?","M","M","E"],"character_chosen":"DEFECT","items_purchased":["Ball Lightning","Capacitor"],"campfire_rested":1,"item_purchase_floors":[3,11],"current_hp_per_floor":[64,43,43,36,36,36,36,57,57,38,38,34,34,33,33,42,64,64,64,71,59,36,0],"gold":196,"neow_bonus":"THREE_ENEMY_KILL","is_prod":false,"is_daily":false,"chose_seed":false,"campfire_upgraded":3,"win_rate":0,"timestamp":1548595756,"path_taken":["M","?","$","?","M","R","E","R","T","E","?","E","R","M","R","BOSS","M","?","?","M","M","E"],"build_version":"2019-01-23","purchased_purges":1,"victory":false,"max_hp_per_floor":[71,71,71,71,71,71,71,71,71,71,71,71,71,71,71,71,71,71,71,71,71,71,71],"card_choices":[{"not_picked":["Beam Cell","Sweeping Beam"],"picked":"Doom and Gloom","floor":1.0},{"not_picked":["Go for the Eyes","Gash"],"picked":"Chill","floor":5.0},{"not_picked":["Hologram","Leap"],"picked":"Genetic Algorithm","floor":7.0},{"not_picked":["Reprogram","Heatsinks"],"picked":"Undo","floor":10.0},{"not_picked":["Sunder","Redo"],"picked":"Melter","floor":12.0},{"not_picked":["Hello World","FTL"],"picked":"Skim","floor":14.0},{"not_picked":["Thunder Strike","Multi-Cast"],"picked":"Electrodynamics","floor":16.0},{"not_picked":["Compile Driver","BootSequence"],"picked":"Conserve Battery","floor":18},{"not_picked":["Sweeping Beam","Chill","Undo"],"picked":"SKIP","floor":21},{"not_picked":["Sweeping Beam","Undo"],"picked":"Chill","floor":21},{"not_picked":["Darkness","Barrage"],"picked":"Leap+1","floor":22}],"player_experience":989707,"relics_obtained":[{"floor":7.0,"key":"Orichalcum"},{"floor":9.0,"key":"Torii"},{"floor":10.0,"key":"Pantograph"},{"floor":12.0,"key":"Centennial Puzzle"}],"event_choices":[{"damage_healed":0.0,"max_hp_gain":0.0,"max_hp_loss":0.0,"gold_gain":0.0,"event_name":"Shining Light","player_choice":"Entered Light","floor":2.0,"gold_loss":0.0,"damage_taken":21.0,"cards_upgraded":["Dualcast","Defend_B"]},{"cards_removed":["Strike_B"],"damage_healed":0.0,"max_hp_gain":0.0,"max_hp_loss":0.0,"gold_gain":0.0,"event_name":"Golden Wing","player_choice":"Card Removal","floor":4.0,"gold_loss":0.0,"damage_taken":7.0},{"damage_healed":0,"gold_gain":0,"player_choice":"Read","damage_taken":0,"max_hp_gain":0,"max_hp_loss":0,"event_name":"The Library","floor":19,"gold_loss":0,"cards_obtained":["Tempest"]},{"damage_healed":7,"gold_gain":0,"player_choice":"Full Heal","damage_taken":0,"max_hp_gain":0,"max_hp_loss":0,"event_name":"Wheel of Change","floor":20,"gold_loss":0}],"is_beta":false,"boss_relics":[{"not_picked":["Sozu","Empty Cage"],"picked":"Inserter"}],"items_purged_floors":[11],"is_endless":false,"potions_floor_spawned":[5,7,10,18,22],"killed_by":"Book of Stabbing","ascension_level":20}