{"gold_per_floor":[112,125,125,125,144,180,180,194,270,345,363,363],"floor_reached":12,"playtime":281,"items_purged":[],"score":80,"play_id":"cd65d3b3-d276-4395-914d-c161d32ec1d1","local_time":"20190201002639","is_ascension_mode":false,"campfire_choices":[{"data":"Zap","floor":7,"key":"SMITH"}],"neow_cost":"NONE","seed_source_timestamp":12008570476270,"circlet_count":0,"master_deck":["Strike_B","Strike_B","Strike_B","Defend_B","Defend_B","Defend_B","Defend_B","Zap+1","Dualcast+1","Leap+1","Consume","Ball Lightning","Hologram","Turbo"],"relics":["Cracked Core","Golden Idol","Gambling Chip","Singing Bowl"],"potions_floor_usage":[6,11],"damage_taken":[{"damage":0,"enemies":"2 Louse","floor":1,"turns":2},{"damage":1,"enemies":"Jaw Worm","floor":2,"turns":3},{"damage":5,"enemies":"Small Slimes","floor":5,"turns":3},{"damage":17,"enemies":"3 Sentries","floor":6,"turns":6},{"damage":0,"enemies":"Looter","floor":8,"turns":3},{"damage":0,"enemies":"Gremlin Gang","floor":11,"turns":2}],"seed_played":"-6935846979679485231","potions_obtained":[{"floor":1,"key":"Explosive Potion"},{"floor":2,"key":"EssenceOfSteel"},{"floor":6,"key":"Explosive Potion"}],"is_trial":false,"path_per_floor":["M","M","?","?","M","E","R","M","T","?","M","?"],"character_chosen":"DEFECT","items_purchased":[],"campfire_rested":0,"item_purchase_floors":[],"current_hp_per_floor":[75,74,69,55,50,33,33,33,33,22,24,0],"gold":363,"neow_bonus":"REMOVE_CARD","is_prod":false,"is_daily":false,"chose_seed":false,"campfire_upgraded":1,"win_rate":0,"timestamp":1549002399,"path_taken":["M","M","?","?","M","E","R","M","T","?","?","?"],"build_version":"2019-01-23","purchased_purges":0,"victory":false,"max_hp_per_floor":[75,75,69,69,69,69,69,69,69,69,71,71],"card_choices":[{"not_picked":["Chill","Beam Cell"],"picked":"Leap","floor":1},{"not_picked":["Force Field","Sunder"],"picked":"Consume","floor":2},{"not_picked":["Aggregate","Reprogram"],"picked":"Ball Lightning","floor":5},{"not_picked":["Streamline","FTL"],"picked":"Hologram","floor":6},{"not_picked":["Compile Driver","Redo"],"picked":"Turbo","floor":8},{"not_picked":["Gash","BootSequence","Sunder"],"picked":"Singing Bowl","floor":11}],"player_experience":689426,"relics_obtained":[{"floor":6,"key":"Gambling Chip"},{"floor":9,"key":"Singing Bowl"}],"event_choices":[{"damage_healed":0,"gold_gain":0,"player_choice":"Lose Max HP","damage_taken":0,"relics_obtained":["Golden Idol"],"max_hp_gain":0,"max_hp_loss":6,"event_name":"Golden Idol","floor":3,"gold_loss":0},{"damage_healed":0,"gold_gain":0,"player_choice":"Entered Light","damage_taken":14,"max_hp_gain":0,"max_hp_loss":0,"event_name":"Shining Light","floor":4,"gold_loss":0,"cards_upgraded":["Dualcast","Leap"]},{"damage_healed":0,"gold_gain":75,"player_choice":"Gather Gold","damage_taken":11,"max_hp_gain":0,"max_hp_loss":0,"event_name":"World of Goop","floor":10,"gold_loss":0}],"is_beta":false,"boss_relics":[],"items_purged_floors":[],"is_endless":false,"potions_floor_spawned":[1,2,6],"ascension_level":0}