{"gold_per_floor":[115,175,175,49,67,100,119,119,119,138,155,172,187,32,32,32],"floor_reached":16,"playtime":731,"items_purged":["Strike_B"],"score":129,"play_id":"e754f4ae-83d6-4db3-99c6-3b8b53b30db0","local_time":"20181205161900","is_ascension_mode":false,"campfire_choices":[{"floor":15,"key":"REST"}],"neow_cost":"NONE","seed_source_timestamp":780581346109751,"circlet_count":0,"master_deck":["Strike_B","Strike_B","Strike_B","Defend_B","Defend_B","Defend_B","Defend_B","Zap","Dualcast","Streamline","Sweeping Beam","Chaos","Sweeping Beam","Ball Lightning","Rebound","Rip and Tear","Sweeping Beam","Ball Lightning"],"relics":["Cracked Core","NeowsBlessing","Calipers","Singing Bowl","Anchor"],"potions_floor_usage":[10,10,11],"damage_taken":[{"damage":0,"enemies":"Small Slimes","floor":1,"turns":1},{"damage":0,"enemies":"2 Louse","floor":5,"turns":1},{"damage":0,"enemies":"Lagavulin","floor":6,"turns":1},{"damage":3,"enemies":"Jaw Worm","floor":7,"turns":3},{"damage":20,"enemies":"Large Slime","floor":10,"turns":4},{"damage":4,"enemies":"Gremlin Gang","floor":11,"turns":4},{"damage":5,"enemies":"Looter","floor":12,"turns":3},{"damage":15,"enemies":"Exordium Wildlife","floor":13,"turns":4},{"damage":60,"enemies":"The Guardian","floor":16,"turns":8}],"seed_played":"8368344010759417263","potions_obtained":[{"floor":5,"key":"Swift Potion"},{"floor":7,"key":"Energy Potion"},{"floor":10,"key":"Block Potion"}],"is_trial":false,"path_per_floor":["M","?","?","$","M","E","M","?","T","M","M","M","M","$","R","B"],"character_chosen":"DEFECT","items_purchased":["Sweeping Beam","Anchor"],"campfire_rested":1,"item_purchase_floors":[4,14],"current_hp_per_floor":[75,75,80,80,80,80,77,77,77,57,53,48,33,33,57,0],"gold":32,"neow_bonus":"THREE_ENEMY_KILL","is_prod":false,"is_daily":false,"chose_seed":false,"campfire_upgraded":0,"win_rate":0,"timestamp":1543979940,"path_taken":["M","?","?","$","M","E","M","?","T","M","M","M","M","$","R","BOSS"],"build_version":"2018-11-15","purchased_purges":1,"victory":false,"max_hp_per_floor":[75,75,80,80,80,80,80,80,80,80,80,80,80,80,80,80],"card_choices":[{"not_picked":["Barrage","Force Field"],"picked":"Streamline","floor":1},{"not_picked":["Double Energy","Turbo"],"picked":"Chaos","floor":5},{"not_picked":["Stack","Scrape"],"picked":"Sweeping Beam","floor":6},{"not_picked":["Steam Power","Sweeping Beam"],"picked":"Ball Lightning","floor":7},{"not_picked":["Storm","Steam"],"picked":"Rebound","floor":10},{"not_picked":["Amplify","Hologram"],"picked":"Rip and Tear","floor":11},{"not_picked":["Leap","Streamline"],"picked":"Sweeping Beam","floor":12},{"not_picked":["Cold Snap","Force Field"],"picked":"Ball Lightning","floor":13}],"player_experience":357466,"relics_obtained":[{"floor":6,"key":"Calipers"},{"floor":9,"key":"Singing Bowl"}],"event_choices":[{"damage_healed":0,"gold_gain":60,"player_choice":"Gained Gold","damage_taken":0,"max_hp_gain":0,"max_hp_loss":0,"event_name":"Golden Wing","floor":2,"gold_loss":0},{"damage_healed":0,"gold_gain":0,"player_choice":"Donut","damage_taken":0,"max_hp_gain":5,"max_hp_loss":0,"event_name":"Big Fish","floor":3,"gold_loss":0},{"damage_healed":0,"gold_gain":0,"player_choice":"Ignored","damage_taken":0,"max_hp_gain":0,"max_hp_loss":0,"event_name":"Shining Light","floor":8,"gold_loss":0}],"is_beta":false,"boss_relics":[],"items_purged_floors":[4],"is_endless":false,"potions_floor_spawned":[5,7,10],"killed_by":"The Guardian","ascension_level":0}