{"gold_per_floor":[10,85,85,95,60,60,94,105,105,105,133,58,58,105,117,208,220,209,221,233,265,296,308,355,367,403,450,462,494,521,543,555,567],"floor_reached":33,"playtime":2019,"items_purged":["Strike_B"],"score":571,"play_id":"b9771cfa-7d75-4df2-b5cb-851fb89fdfe5","local_time":"20180913180708","is_ascension_mode":true,"campfire_choices":[{"data":"Streamline","floor":6.0,"key":"SMITH"},{"data":"Go for the Eyes","floor":10.0,"key":"SMITH"},{"data":"Buffer","floor":13.0,"key":"SMITH"},{"floor":15.0,"key":"REST"},{"floor":23.0,"key":"REST"},{"floor":25.0,"key":"REST"},{"data":"Sunder","floor":28.0,"key":"SMITH"},{"floor":32.0,"key":"REST"}],"neow_cost":"NO_GOLD","seed_source_timestamp":19327563205133,"circlet_count":0,"master_deck":["Strike_B","Strike_B","Strike_B","Defend_B","Defend_B","Defend_B","Defend_B","Zap","AscendersBane","Streamline+1","Compile Driver","Go for the Eyes+1","Stack","Buffer+1","Core Surge","Leap+1","Stack","Decay","Force Field","Sunder+1","Machine Learning","Creative AI","Auto Shields","Stack"],"special_seed":0,"relics":["Cracked Core","Torii","Gambling Chip","Cables","Letter Opener","MawBank","Eternal Feather","Enchiridion","Gremlin Horn","DataDisk","Bronze Scales"],"potions_floor_usage":[33],"damage_taken":[{"damage":1.0,"enemies":"Jaw Worm","floor":1.0,"turns":3.0},{"damage":8.0,"enemies":"Small Slimes","floor":4.0,"turns":3.0},{"damage":31.0,"enemies":"Gremlin Nob","floor":7.0,"turns":4.0},{"damage":0.0,"enemies":"Cultist","floor":8.0,"turns":2.0},{"damage":16.0,"enemies":"Lagavulin","floor":11.0,"turns":5.0},{"damage":21.0,"enemies":"The Guardian","floor":16.0,"turns":9.0},{"damage":17.0,"enemies":"2 Thieves","floor":18.0,"turns":4.0},{"damage":2.0,"enemies":"Shell Parasite","floor":21.0,"turns":5.0},{"damage":12.0,"enemies":"Shelled Parasite and Fungi","floor":22.0,"turns":6.0},{"damage":26.0,"enemies":"Book of Stabbing","floor":24.0,"turns":5.0},{"damage":54.0,"enemies":"Gremlin Leader","floor":27.0,"turns":9.0},{"damage":7.0,"enemies":"3 Cultists","floor":29.0,"turns":5.0},{"damage":0.0,"enemies":"Snecko","floor":30.0,"turns":5.0},{"damage":0.0,"enemies":"Cultist and Chosen","floor":31.0,"turns":6.0},{"damage":64,"enemies":"Collector","floor":33,"turns":5}],"seed_played":"-531535403184676268","potions_obtained":[{"floor":4.0,"key":"Swift Potion"},{"floor":7.0,"key":"FairyPotion"},{"floor":11.0,"key":"AttackPotion"},{"floor":22.0,"key":"FearPotion"},{"floor":27.0,"key":"GamblersBrew"},{"floor":31.0,"key":"Dexterity Potion"}],"is_trial":false,"path_per_floor":["M","?","?","M","?","R","E","M","T","R","E","$","R","T","R","B",null,"M","?","?","M","M","R","E","R","T","E","R","M","M","M","R"],"character_chosen":"DEFECT","items_purchased":[],"campfire_rested":4,"item_purchase_floors":[],"current_hp_per_floor":[63,52,52,44,61,61,30,30,30,30,14,14,14,14,35,14,57,40,40,19,17,5,38,12,45,45,14,26,19,19,19,52,0],"gold":567,"neow_bonus":"ONE_RARE_RELIC","is_prod":false,"is_daily":false,"chose_seed":false,"campfire_upgraded":4,"win_rate":0,"timestamp":1536854828,"path_taken":["M","?","?","?","?","R","E","M","T","R","E","$","R","?","R","BOSS","M","?","?","M","M","R","E","R","T","E","R","M","?","M","R","BOSS"],"build_version":"2018-09-06","purchased_purges":1,"victory":false,"max_hp_per_floor":[71,71,71,71,71,71,71,71,71,71,71,71,71,71,71,71,71,71,71,71,71,71,71,71,71,71,71,71,71,71,71,71,71],"card_choices":[{"not_picked":["Coolheaded","Fusion"],"picked":"Streamline","floor":1.0},{"not_picked":["Steam","Melter"],"picked":"Compile Driver","floor":4.0},{"not_picked":["Sweeping Beam","Redo"],"picked":"Go for the Eyes","floor":7.0},{"not_picked":["Gash","Aggregate"],"picked":"Stack","floor":8.0},{"not_picked":["Double Energy","Streamline"],"picked":"Buffer","floor":11.0},{"not_picked":["Buffer","Meteor Strike"],"picked":"Core Surge","floor":16.0},{"not_picked":["Beam Cell","Redo+1"],"picked":"Leap+1","floor":18.0},{"not_picked":["Ball Lightning","Barrage"],"picked":"Force Field","floor":21.0},{"not_picked":["Stack","Undo"],"picked":"Sunder","floor":22.0},{"not_picked":["Cold Snap","Multi-Cast"],"picked":"Machine Learning","floor":24.0},{"not_picked":["Rebound","Aggregate","Streamline"],"picked":"SKIP","floor":27.0},{"not_picked":["Gash","Rebound"],"picked":"Creative AI","floor":29.0},{"not_picked":["Go for the Eyes","Genetic Algorithm"],"picked":"Auto Shields","floor":30.0},{"not_picked":["Sweeping Beam","Cold Snap"],"picked":"Stack","floor":31.0}],"player_experience":974532,"relics_obtained":[{"floor":7.0,"key":"Gambling Chip"},{"floor":9.0,"key":"Cables"},{"floor":11.0,"key":"Letter Opener"},{"floor":14.0,"key":"MawBank"},{"floor":20.0,"key":"Enchiridion"},{"floor":24.0,"key":"Gremlin Horn"},{"floor":26.0,"key":"DataDisk"},{"floor":27.0,"key":"Bronze Scales"}],"event_choices":[{"event_name":"World of Goop","player_choice":"Gather Gold","floor":2.0,"damage_taken":0.0},{"event_name":"Bonfire Elementals","player_choice":"BASIC","floor":3.0,"damage_taken":0.0},{"event_name":"The Cleric","player_choice":"Healed","floor":5.0,"damage_taken":0.0},{"event_name":"Match and Keep!","player_choice":"2 cards matched","floor":19.0,"damage_taken":0.0},{"event_name":"Cursed Tome","player_choice":"Obtained Book","floor":20.0,"damage_taken":0.0}],"is_beta":false,"boss_relics":[{"not_picked":["Coffee Dripper","Empty Cage"],"picked":"Eternal Feather"}],"items_purged_floors":[12],"is_endless":false,"potions_floor_spawned":[4,7,11,22,27,31],"killed_by":"Collector","ascension_level":19}