{"path_per_floor":["M","$","?","M","M","R","E","M","T","$","?","R","$","M","R","B",null,"M","M","$","M","?","R","?","R","T","M","?","?","$","E","R","B",null,"M","?","$","M","?","R","M"],"character_chosen":"THE_SILENT","items_purchased":["Bouncing Flask","Escape Plan","Footwork","Blind"],"gold_per_floor":[112,37,0,14,25,25,54,74,74,3,3,3,3,19,19,116,116,130,147,10,22,22,22,22,22,70,85,85,85,7,33,33,129,129,144,144,38,52,52,52,64,64],"floor_reached":42,"campfire_rested":2,"playtime":2009,"current_hp_per_floor":[70,70,70,70,70,70,49,48,48,48,48,48,48,44,65,65,70,67,65,65,64,64,64,64,64,64,57,57,57,57,11,32,32,70,63,63,63,62,62,62,60,0],"items_purged":["Strike_G","Prepared"],"gold":64,"score":539,"play_id":"c788247f-60ea-4c89-952e-bdfb729edc36","local_time":"20180419083123","is_prod":false,"is_daily":false,"chose_seed":false,"is_ascension_mode":false,"campfire_upgraded":5,"timestamp":1524119483,"path_taken":["M","$","?","M","M","R","E","M","T","$","?","R","?","M","R","BOSS","M","M","$","M","?","R","?","R","T","M","?","?","$","E","R","BOSS","M","?","$","M","?","R","M","?"],"build_version":"2018-04-12","seed_source_timestamp":4946500374623,"purchased_purges":2,"victory":false,"master_deck":["Survivor","Neutralize","Blur+1","Poisoned Stab+1","Footwork","Sucker Punch","Terror","Bouncing Flask+1","PiercingWail","Doppelganger","Caltrops","Backflip","Bane","Backflip","Noxious Fumes+1","Well Laid Plans","Catalyst+1","Escape Plan","Deadly Poison","Dodge and Roll","Footwork","Burst+1","Blind","Catalyst","Blur+1"],"max_hp_per_floor":[70,70,70,70,70,70,70,70,70,70,70,70,70,70,70,70,70,70,70,70,70,70,70,70,70,70,70,70,70,70,70,70,70,70,70,70,70,70,70,70,70,70],"relics":["Ring of the Snake","Bag of Preparation","Shuriken","Juzu Bracelet","Pandora\u0027s Box","Happy Flower","Gambling Chip","Velvet Choker"],"card_choices":[{"not_picked":["Deflect","Bane"],"picked":"Blur","floor":1},{"not_picked":["Terror","Choke"],"picked":"Poisoned Stab","floor":4},{"not_picked":["Dash","Quick Slash"],"picked":"Footwork","floor":5},{"not_picked":["PiercingWail","Dagger Throw"],"picked":"Sucker Punch","floor":7},{"not_picked":["Underhanded Strike","Well Laid Plans"],"picked":"Terror","floor":8},{"not_picked":["Dagger Throw","Dagger Spray"],"picked":"PiercingWail","floor":14},{"not_picked":["Tactician","Night Terror"],"picked":"Doppelganger","floor":16},{"not_picked":["Dagger Throw","Bane"],"picked":"Catalyst","floor":19},{"not_picked":["Heel Hook","Slice"],"picked":"Deadly Poison","floor":21},{"not_picked":["Adrenaline","Phantasmal Killer"],"picked":"Burst","floor":33},{"not_picked":["Outmaneuver","Dash"],"picked":"Catalyst","floor":38},{"not_picked":["Masterful Stab","Riddle With Holes"],"picked":"Blur","floor":41}],"player_experience":482995,"potions_floor_usage":[21,27,31,33,41,42],"damage_taken":[{"damage":0,"enemies":"2 Louse","floor":1,"turns":3},{"damage":0,"enemies":"Small Slimes","floor":4,"turns":3},{"damage":0,"enemies":"Cultist","floor":5,"turns":3},{"damage":21,"enemies":"3 Sentries","floor":7,"turns":12},{"damage":1,"enemies":"Exordium Wildlife","floor":8,"turns":7},{"damage":4,"enemies":"Exordium Thugs","floor":14,"turns":4},{"damage":0,"enemies":"The Guardian","floor":16,"turns":9},{"damage":3,"enemies":"Spheric Guardian","floor":18,"turns":3},{"damage":2,"enemies":"Chosen","floor":19,"turns":4},{"damage":1,"enemies":"Snecko","floor":21,"turns":3},{"damage":7,"enemies":"Sentry and Sphere","floor":27,"turns":4},{"damage":46,"enemies":"Slavers","floor":31,"turns":5},{"damage":0,"enemies":"Automaton","floor":33,"turns":9},{"damage":7,"enemies":"3 Shapes","floor":35,"turns":4},{"damage":1,"enemies":"Orb Walker","floor":38,"turns":4},{"damage":2,"enemies":"3 Darklings","floor":41,"turns":5},{"damage":72,"enemies":"Sphère mystérieuse","floor":42,"turns":4}],"event_choices":[{"event_name":"World of Goop","player_choice":"Left","floor":3,"damage_taken":0},{"event_name":"The Cleric","player_choice":"Leave","floor":11,"damage_taken":0},{"event_name":"The Library","player_choice":"Read","floor":22,"damage_taken":0},{"event_name":"Addict","player_choice":"Ignored","floor":24,"damage_taken":0},{"event_name":"Drug Dealer","player_choice":"Ignored","floor":28,"damage_taken":0},{"event_name":"Back to Basics","player_choice":"Elegance","floor":29,"damage_taken":0},{"event_name":"SecretPortal","player_choice":"Rejected Portal.","floor":36,"damage_taken":0},{"event_name":"Mysterious Sphere","player_choice":"Fight","floor":42,"damage_taken":0}],"boss_relics":[{"not_picked":["White Beast Statue","Runic Pyramid"],"picked":"Pandora\u0027s Box"},{"not_picked":["Cursed Key","Snecko Eye"],"picked":"Velvet Choker"}],"potions_floor_spawned":[4,8,18,27,31,33,38],"seed_played":"7546172051025747","killed_by":"Sphère mystérieuse","ascension_level":0,"is_trial":false}