{"gold_per_floor":[115,134,134,153,153,153,178,7,89,154,165,165,165,240,240,339,339,350,350,366,42,42,56,56,68,94,94,112,112,124,143,143,240,240,258,11,29,29,29,61,61,78,105,105,125,52,102,102],"floor_reached":48,"playtime":4543,"items_purged":["Defend_R","Strike_R"],"score":460,"play_id":"787deefc-eb4a-4ce3-b6f6-ab6b76d00a3d","local_time":"20181014205558","is_ascension_mode":false,"campfire_choices":[{"data":"Headbutt","floor":6,"key":"SMITH"},{"floor":12,"key":"REST"},{"data":"Pummel","floor":15,"key":"SMITH"},{"data":"Armaments","floor":24,"key":"SMITH"},{"floor":29,"key":"REST"},{"floor":32,"key":"REST"},{"data":"Offering","floor":41,"key":"SMITH"},{"floor":44,"key":"REST"}],"neow_cost":"NONE","seed_source_timestamp":267355961631300,"circlet_count":0,"master_deck":["Strike_R","Strike_R","Strike_R+1","Defend_R","Defend_R","Defend_R","Bash","Flex","Headbutt+1","Offering+1","Clash","Twin Strike","Bandage Up","Armaments","Pummel+1","Feed","Disarm","RitualDagger","Rampage+1","Dual Wield","Armaments+1","Spot Weakness","Shrug It Off","Perfected Strike","Reaper","Jack Of All Trades","Intimidate+1","Barricade+1","Anger+1","Clash+1","Clothesline","Rage"],"relics":["Burning Blood","NeowsBlessing","Blood Vial","Centennial Puzzle","Frozen Egg 2","Pen Nib","Lizard Tail","Orichalcum","Vajra","Black Star","Bag of Marbles","Gambling Chip","Shuriken","Question Card","Whetstone","Ginger"],"potions_floor_usage":[7,7,16,23,25,40,40,42,47,47],"damage_taken":[{"damage":0,"enemies":"2 Louse","floor":1,"turns":1},{"damage":0,"enemies":"Jaw Worm","floor":2,"turns":1},{"damage":0,"enemies":"Small Slimes","floor":4,"turns":1},{"damage":47,"enemies":"3 Sentries","floor":7,"turns":11},{"damage":43,"enemies":"3 Sentries","floor":10,"turns":9},{"damage":4,"enemies":"Blue Slaver","floor":11,"turns":3},{"damage":47,"enemies":"Hexaghost","floor":16,"turns":9},{"damage":44,"enemies":"3 Byrds","floor":18,"turns":7},{"damage":11,"enemies":"Chosen","floor":20,"turns":4},{"damage":33,"enemies":"Snake Plant","floor":23,"turns":6},{"damage":33,"enemies":"3 Cultists","floor":25,"turns":6},{"damage":25,"enemies":"Colosseum Slavers","floor":27,"turns":4},{"damage":6,"enemies":"Snecko","floor":28,"turns":3},{"damage":21,"enemies":"Snake Plant","floor":30,"turns":4},{"damage":24,"enemies":"Centurion and Healer","floor":31,"turns":7},{"damage":123,"enemies":"Automaton","floor":33,"turns":12},{"damage":47,"enemies":"3 Darklings","floor":35,"turns":7},{"damage":15,"enemies":"Orb Walker","floor":37,"turns":3},{"damage":26,"enemies":"Mind Bloom Boss Battle","floor":38,"turns":7},{"damage":50,"enemies":"2 Orb Walkers","floor":40,"turns":5},{"damage":65,"enemies":"3 Darklings","floor":42,"turns":7},{"damage":19,"enemies":"Sphere and 2 Shapes","floor":45,"turns":6},{"damage":41,"enemies":"Mysterious Sphere","floor":47,"turns":5},{"damage":32,"enemies":"Spire Growth","floor":48,"turns":3}],"seed_played":"-8434532243044968567","potions_obtained":[{"floor":1,"key":"Block Potion"},{"floor":2,"key":"SpeedPotion"},{"floor":11,"key":"SpeedPotion"},{"floor":20,"key":"EssenceOfSteel"},{"floor":23,"key":"AttackPotion"},{"floor":33,"key":"GamblersBrew"},{"floor":38,"key":"AttackPotion"},{"floor":40,"key":"Dexterity Potion"},{"floor":45,"key":"Ancient Potion"}],"is_trial":false,"path_per_floor":["M","M","?","M","?","R","E","$","T","?","M","R","?","?","R","B",null,"M","?","M","$","?","M","R","M","T","?","M","R","M","M","R","B",null,"M","$","M","?","?","E","R","M","T","R","M","$","?"],"character_chosen":"IRONCLAD","items_purchased":["Bandage Up","Orichalcum","Dual Wield","Jack Of All Trades","Bag of Marbles","Regen Potion"],"campfire_rested":4,"item_purchase_floors":[8,21,21,36,36,46],"current_hp_per_floor":[80,80,80,80,77,77,38,38,38,7,15,39,65,54,54,19,80,50,44,45,45,73,57,57,36,36,28,30,57,48,40,68,12,94,59,59,85,73,73,51,51,8,8,36,40,40,25,0],"gold":102,"neow_bonus":"THREE_ENEMY_KILL","is_prod":false,"is_daily":false,"chose_seed":false,"campfire_upgraded":4,"win_rate":0.0,"timestamp":1539503758,"path_taken":["M","M","?","M","?","R","E","$","T","?","M","R","?","?","R","BOSS","M","?","M","$","?","M","R","?","T","?","M","R","M","M","R","BOSS","M","$","M","?","?","E","R","?","T","R","M","$","?","M"],"build_version":"2018-10-11","purchased_purges":2,"victory":false,"max_hp_per_floor":[80,80,80,80,80,80,80,80,80,80,80,80,80,80,80,80,80,84,84,84,84,84,87,87,87,87,90,90,90,90,94,94,94,94,94,94,94,94,94,94,94,94,94,94,94,94,94,94],"card_choices":[{"not_picked":["Iron Wave","Clothesline"],"picked":"Flex","floor":1},{"not_picked":["Thunderclap","Reckless Charge"],"picked":"Headbutt","floor":2},{"not_picked":["Searing Blow","Dual Wield"],"picked":"Clash","floor":4},{"not_picked":["Shockwave","Clash"],"picked":"Twin Strike","floor":7},{"not_picked":["Cleave","Shrug It Off"],"picked":"Armaments","floor":10},{"not_picked":["Flex","Sword Boomerang"],"picked":"Pummel","floor":11},{"not_picked":["Bludgeon","Dark Embrace+1"],"picked":"Feed","floor":16},{"not_picked":["Entrench","Headbutt+1"],"picked":"Disarm","floor":18},{"not_picked":["Cleave","Thunderclap"],"picked":"Rampage","floor":20},{"not_picked":["Body Slam","Iron Wave+1"],"picked":"Armaments","floor":23},{"not_picked":["Second Wind+1","Ghostly Armor","Body Slam"],"picked":"SKIP","floor":25},{"not_picked":["Thunderclap","Metallicize+1"],"picked":"Spot Weakness","floor":28},{"not_picked":["Armaments","Sever Soul"],"picked":"Shrug It Off","floor":30},{"not_picked":["Clothesline","Pummel"],"picked":"Perfected Strike","floor":31},{"not_picked":["Berserk+1","Bludgeon"],"picked":"Reaper","floor":33},{"not_picked":["Warcry","Power Through+1"],"picked":"Flex","floor":35},{"not_picked":["Sword Boomerang+1","Sever Soul+1"],"picked":"Intimidate+1","floor":37},{"not_picked":["Cleave","Body Slam"],"picked":"Barricade+1","floor":38},{"not_picked":["Warcry","Metallicize+1"],"picked":"Anger+1","floor":40},{"not_picked":["Pummel","Pommel Strike","Clothesline"],"picked":"Clash+1","floor":42},{"not_picked":["Combust+1","Bloodletting","Armaments+1"],"picked":"Clothesline","floor":45},{"not_picked":["Ghostly Armor","Thunderclap","Power Through"],"picked":"Rage","floor":47}],"player_experience":44819,"relics_obtained":[{"floor":7,"key":"Centennial Puzzle"},{"floor":9,"key":"Frozen Egg 2"},{"floor":10,"key":"Pen Nib"},{"floor":26,"key":"Vajra"},{"floor":38,"key":"Gambling Chip"},{"floor":40,"key":"Shuriken"},{"floor":40,"key":"Question Card"},{"floor":43,"key":"Whetstone"},{"floor":47,"key":"Ginger"}],"event_choices":[{"event_name":"Living Wall","player_choice":"Change","floor":3,"damage_taken":0},{"event_name":"Scrap Ooze","player_choice":"success","floor":5,"damage_taken":3},{"event_name":"Dead Adventurer","player_choice":"Searched \u00272\u0027 times","floor":10,"damage_taken":0},{"event_name":"Big Fish","player_choice":"Banana","floor":13,"damage_taken":0},{"event_name":"World of Goop","player_choice":"Gather Gold","floor":14,"damage_taken":0},{"event_name":"Nest","player_choice":"Joined the Cult","floor":19,"damage_taken":0},{"event_name":"The Library","player_choice":"Heal","floor":22,"damage_taken":0},{"event_name":"Colosseum","player_choice":"Fight","floor":27,"damage_taken":0},{"event_name":"Colosseum","player_choice":"Fled From Nobs","floor":27,"damage_taken":0},{"event_name":"MindBloom","player_choice":"Fight","floor":38,"damage_taken":0},{"event_name":"Falling","player_choice":"Removed Skill","floor":39,"damage_taken":0},{"event_name":"Mysterious Sphere","player_choice":"Fight","floor":47,"damage_taken":0}],"is_beta":false,"boss_relics":[{"not_picked":["Philosopher\u0027s Stone","Mark of Pain"],"picked":"Lizard Tail"},{"not_picked":["Snecko Eye","Coffee Dripper"],"picked":"Black Star"}],"items_purged_floors":[8,21],"is_endless":false,"potions_floor_spawned":[1,2,11,20,23,33,38,40,45],"killed_by":"Spire Growth","ascension_level":0}