{"path_per_floor":["M","$","$","?","M","R","M","?","T","M","?","M","R","E","R","B",null,"M","?","$","M","$","R","M","$","T","R","M","?","M","?","R"],"character_chosen":"IRONCLAD","items_purchased":["Ghostly Armor","Body Slam","Molten Egg 2","Blind"],"gold_per_floor":[113,38,38,3,17,17,34,134,434,452,432,447,447,473,473,571,571,583,583,109,119,16,16,28,28,73,73,86,86,98,98,98],"floor_reached":33,"campfire_rested":3,"playtime":1119,"current_hp_per_floor":[71,71,71,80,80,80,79,79,79,74,74,73,73,62,62,58,80,64,64,64,32,32,56,40,40,40,64,45,71,22,22,46],"items_purged":["Strike_R","Strike_R"],"gold":98,"score":294,"play_id":"7b1b3280-b166-4ae1-8954-049a05096db5","local_time":"20180315205230","is_prod":false,"is_daily":false,"is_ascension_mode":true,"campfire_upgraded":3,"timestamp":1521143550,"path_taken":["M","?","$","?","M","R","M","?","T","?","?","M","R","E","R","BOSS","M","?","$","M","$","R","?","?","T","R","M","?","M","?","R","BOSS"],"build_version":"2018-03-09","purchased_purges":2,"victory":false,"master_deck":["Strike_R+1","Strike_R+1","Defend_R","Defend_R","Defend_R","Defend_R","Bash+1","Rampage+1","Inflame+1","Whirlwind","Juggernaut","Headbutt+1","Ghostly Armor","Body Slam","Blind","Flex+1","Shrug It Off"],"max_hp_per_floor":[80,80,80,80,80,80,80,80,80,80,80,80,80,80,80,80,80,80,80,80,80,80,80,80,80,80,80,80,80,80,80,80],"relics":["Burning Blood","Old Coin","Whetstone","White Beast Statue","Paper Frog","Molten Egg 2","Lantern"],"card_choices":[{"not_picked":["Clash","Anger"],"picked":"Rampage"},{"not_picked":["Hemokinesis","Dual Wield"],"picked":"Inflame"},{"not_picked":["Clothesline","Combust"],"picked":"Whirlwind"},{"not_picked":["Brutality","Berserk"],"picked":"Juggernaut"},{"not_picked":["Warcry","Flex"],"picked":"Headbutt"},{"not_picked":["Evolve","Infernal Blade"],"picked":"Flex"},{"not_picked":["Carnage","Searing Blow"],"picked":"Shrug It Off"}],"player_experience":98098,"potions_floor_usage":[14,14,16,24,24,28,30,33],"damage_taken":[{"damage":15,"enemies":"Cultist","floor":1,"turns":5},{"damage":0,"enemies":"Small Slimes","floor":5,"turns":3},{"damage":7,"enemies":"2 Louse","floor":7,"turns":3},{"damage":11,"enemies":"2 Fungi Beasts","floor":10,"turns":5},{"damage":7,"enemies":"Looter","floor":12,"turns":3},{"damage":17,"enemies":"3 Sentries","floor":14,"turns":7},{"damage":10,"enemies":"Slime Boss","floor":16,"turns":6},{"damage":22,"enemies":"Chosen","floor":18,"turns":6},{"damage":38,"enemies":"Shell Parasite","floor":21,"turns":9},{"damage":22,"enemies":"Centurion and Healer","floor":24,"turns":6},{"damage":25,"enemies":"Slaver and Parasite","floor":28,"turns":7},{"damage":55,"enemies":"Snecko","floor":30,"turns":7},{"damage":48,"enemies":"Champ","floor":33,"turns":9}],"event_choices":[{"event_name":"The Cleric","player_choice":"Healed","floor":4,"damage_taken":0},{"event_name":"Golden Shrine","player_choice":"Pray","floor":8,"damage_taken":0},{"event_name":"The Woman in Blue","player_choice":"Bought 1 Potion","floor":11,"damage_taken":0},{"event_name":"The Mausoleum","player_choice":"Yes","floor":19,"damage_taken":0},{"event_name":"The Library","player_choice":"Heal","floor":29,"damage_taken":0},{"event_name":"Back to Basics","player_choice":"Elegance","floor":31,"damage_taken":0}],"boss_relics":[{"not_picked":["Runic Pyramid","Calling Bell"],"picked":"White Beast Statue"}],"potions_floor_spawned":[1,5,18,21,24,28,30],"seed_played":"8279093088215694400","killed_by":"Champ","ascension_level":4,"is_trial":false}