{"gold_per_floor":[110,70,90,40,115,149,149,149,149,149,164,183,202,49,49,150,150,170,0,14,29,29,29,49,64,64,64],"floor_reached":27,"playtime":1865,"items_purged":[],"score":240,"play_id":"6cc8c2d2-6f48-4555-a4e8-2f4333cc0987","local_time":"20181021190936","is_ascension_mode":false,"campfire_choices":[{"data":"Bash","floor":8,"key":"SMITH"},{"data":"Iron Wave","floor":10,"key":"SMITH"},{"data":"Armaments","floor":15,"key":"SMITH"},{"data":"Double Tap","floor":23,"key":"SMITH"}],"neow_cost":"NONE","seed_source_timestamp":868474713808085,"circlet_count":0,"master_deck":["Strike_R","Strike_R","Strike_R","Strike_R","Strike_R","Defend_R+1","Bash+1","Sword Boomerang","Anger","Iron Wave+1","Thunderclap","Heavy Blade","Armaments+1","Flame Barrier","Double Tap+1","Spot Weakness","Inflame+1","Shrug It Off+1","Fiend Fire","Twin Strike","Whirlwind"],"relics":["Burning Blood","NeowsBlessing","Red Skull","Matryoshka","Vajra","Lizard Tail","Omamori","War Paint"],"potions_floor_usage":[11,12,12,13,16,20,24,25],"damage_taken":[{"damage":0,"enemies":"Jaw Worm","floor":1,"turns":1},{"damage":0,"enemies":"Cultist","floor":3,"turns":1},{"damage":0,"enemies":"Gremlin Nob","floor":6,"turns":1},{"damage":0,"enemies":"Small Slimes","floor":11,"turns":2},{"damage":7,"enemies":"Blue Slaver","floor":12,"turns":3},{"damage":13,"enemies":"Exordium Wildlife","floor":13,"turns":3},{"damage":42,"enemies":"The Guardian","floor":16,"turns":7},{"damage":3,"enemies":"Chosen","floor":18,"turns":4},{"damage":23,"enemies":"3 Byrds","floor":20,"turns":4},{"damage":14,"enemies":"Centurion and Healer","floor":21,"turns":5},{"damage":10,"enemies":"Snecko","floor":24,"turns":3},{"damage":32,"enemies":"Shelled Parasite and Fungi","floor":25,"turns":4},{"damage":0,"enemies":"3 Cultists","floor":27,"turns":1}],"seed_played":"-740371259546816167","potions_obtained":[{"floor":2,"key":"Fruit Juice"},{"floor":2,"key":"Swift Potion"},{"floor":2,"key":"Swift Potion"},{"floor":6,"key":"Fire Potion"},{"floor":11,"key":"SneckoOil"},{"floor":12,"key":"Poison Potion"},{"floor":18,"key":"Fire Potion"},{"floor":21,"key":"FearPotion"},{"floor":24,"key":"Poison Potion"}],"is_trial":false,"path_per_floor":["M","?","M","?","?","E","?","R","T","R","M","M","M","$","R","B",null,"M","?","M","M","?","R","M","M","T"],"character_chosen":"IRONCLAD","items_purchased":["Vajra"],"campfire_rested":0,"item_purchase_floors":[14],"current_hp_per_floor":[80,80,80,80,69,75,75,75,75,75,80,84,77,77,77,41,85,85,85,68,60,60,60,56,30,30,30],"gold":64,"neow_bonus":"THREE_ENEMY_KILL","is_prod":false,"is_daily":false,"chose_seed":false,"campfire_upgraded":4,"win_rate":0.0,"timestamp":1540102176,"path_taken":["M","?","M","?","?","E","?","R","T","R","M","M","M","?","R","BOSS","M","?","M","M","?","R","M","M","T","?"],"build_version":"2018-10-18","purchased_purges":0,"victory":false,"max_hp_per_floor":[80,80,80,80,80,80,80,80,80,80,80,85,85,85,85,85,85,85,85,85,85,85,85,85,85,85,85],"card_choices":[{"not_picked":["Flex","Wild Strike"],"picked":"Sword Boomerang","floor":1},{"not_picked":["Thunderclap","True Grit"],"picked":"Anger","floor":3},{"not_picked":["Barricade","Burning Pact"],"picked":"Iron Wave","floor":6},{"not_picked":["Cleave","Fire Breathing"],"picked":"Heavy Blade","floor":11},{"not_picked":["Shockwave","Clash"],"picked":"Armaments","floor":12},{"not_picked":["True Grit","Clash"],"picked":"Flame Barrier","floor":13},{"not_picked":["Impervious","Dark Embrace"],"picked":"Double Tap","floor":16},{"not_picked":["Thunderclap","Havoc"],"picked":"Spot Weakness","floor":18},{"not_picked":["Anger","Heavy Blade+1"],"picked":"Inflame+1","floor":20},{"not_picked":["Thunderclap","Warcry+1"],"picked":"Shrug It Off","floor":21},{"not_picked":["Combust","Clash"],"picked":"Twin Strike","floor":24},{"not_picked":["Iron Wave","Sentinel+1"],"picked":"Whirlwind","floor":25}],"player_experience":177109,"relics_obtained":[{"floor":6,"key":"Red Skull"},{"floor":9,"key":"Matryoshka"},{"floor":26,"key":"Omamori"},{"floor":26,"key":"War Paint"}],"event_choices":[{"damage_healed":0,"gold_gain":0,"player_choice":"Bought 3 Potions","damage_taken":0,"max_hp_gain":0,"max_hp_loss":0,"event_name":"The Woman in Blue","floor":2,"gold_loss":0},{"cards_removed":["Defend_R"],"damage_healed":0,"gold_gain":0,"player_choice":"Card Removal","damage_taken":0,"max_hp_gain":0,"max_hp_loss":0,"event_name":"The Cleric","floor":4,"gold_loss":50},{"damage_healed":0,"gold_gain":75,"player_choice":"Gather Gold","damage_taken":11,"max_hp_gain":0,"max_hp_loss":0,"event_name":"World of Goop","floor":5,"gold_loss":0},{"damage_healed":0,"gold_gain":0,"cards_transformed":["Defend_R"],"player_choice":"Change","damage_taken":0,"max_hp_gain":0,"max_hp_loss":0,"event_name":"Living Wall","floor":7,"gold_loss":0,"cards_obtained":["Thunderclap"]},{"damage_healed":0,"gold_gain":0,"player_choice":"Paid Fearfully","damage_taken":0,"max_hp_gain":0,"max_hp_loss":0,"event_name":"Masked Bandits","floor":19,"gold_loss":170},{"damage_healed":0,"gold_gain":0,"cards_transformed":["Defend_R"],"player_choice":"Transformed","damage_taken":0,"max_hp_gain":0,"max_hp_loss":0,"event_name":"Transmorgrifier","floor":22,"gold_loss":0,"cards_obtained":["Fiend Fire"]}],"is_beta":false,"boss_relics":[{"not_picked":["Coffee Dripper","Sozu"],"picked":"Lizard Tail"}],"items_purged_floors":[],"is_endless":false,"potions_floor_spawned":[6,11,12,18,21,24],"killed_by":"3 Cultists","ascension_level":0}