{"gold_per_floor":[10,10,55,7,32,32,50,75,75,118,305,317,354,381,393,405],"floor_reached":16,"playtime":746,"items_purged":[],"score":163,"play_id":"b13d6f3a-648c-4876-9899-7bf31cf9cb33","local_time":"20190126123704","is_ascension_mode":true,"campfire_choices":[{"data":"Burst","floor":6,"key":"SMITH"},{"data":"Acrobatics","floor":12,"key":"SMITH"},{"data":"Deflect","floor":15,"key":"SMITH"}],"neow_cost":"NO_GOLD","seed_source_timestamp":508428986176790,"circlet_count":0,"master_deck":["AscendersBane","Defend_G","Defend_G","Defend_G","Defend_G","Defend_G","Strike_G","Strike_G","Strike_G","Strike_G","Strike_G","Survivor","Neutralize","Burst+1","Flechettes","Injury","Deadly Poison","Poisoned Stab","Acrobatics+1","Dagger Spray","Infinite Blades+1","Doubt","Deflect+1","Backflip"],"relics":["Ring of the Snake","Golden Idol","Juzu Bracelet","MawBank","Frozen Egg 2"],"potions_floor_usage":[8,10,16,16],"damage_taken":[{"damage":2,"enemies":"2 Louse","floor":1,"turns":6},{"damage":0,"enemies":"Jaw Worm","floor":5,"turns":5},{"damage":0,"enemies":"Cultist","floor":7,"turns":3},{"damage":1,"enemies":"Exordium Wildlife","floor":8,"turns":4},{"damage":30,"enemies":"3 Sentries","floor":10,"turns":11},{"damage":10,"enemies":"Large Slime","floor":13,"turns":7},{"damage":3,"enemies":"2 Fungi Beasts","floor":14,"turns":3},{"damage":32,"enemies":"The Guardian","floor":16,"turns":9}],"seed_played":"7689229475523306069","potions_obtained":[{"floor":1,"key":"Regen Potion"},{"floor":5,"key":"Fire Potion"},{"floor":10,"key":"Strength Potion"},{"floor":13,"key":"Weak Potion"}],"is_trial":false,"path_per_floor":["M","?","T","$","M","R","M","M","T","E","?","R","M","M","R","B"],"character_chosen":"THE_SILENT","items_purchased":["Deadly Poison"],"campfire_rested":0,"item_purchase_floors":[4],"current_hp_per_floor":[61,61,61,61,61,61,61,60,60,45,45,45,35,32,32,0],"gold":405,"neow_bonus":"THREE_RARE_CARDS","is_prod":false,"is_daily":false,"chose_seed":false,"campfire_upgraded":3,"win_rate":0,"timestamp":1548502624,"path_taken":["M","?","?","?","M","R","M","M","T","E","?","R","M","M","R","BOSS"],"build_version":"2019-01-23","purchased_purges":0,"victory":false,"max_hp_per_floor":[70,70,70,70,70,70,70,70,70,70,70,70,70,70,70,70],"card_choices":[{"not_picked":["A Thousand Cuts","Night Terror"],"picked":"Burst","floor":0},{"not_picked":["Heel Hook","Well Laid Plans"],"picked":"Flechettes","floor":1},{"not_picked":["Dagger Throw","Reflex"],"picked":"Poisoned Stab","floor":5},{"not_picked":["Poisoned Stab","Heel Hook"],"picked":"Acrobatics","floor":7},{"not_picked":["Prepared","Predator"],"picked":"Dagger Spray","floor":8},{"not_picked":["Poisoned Stab","Sucker Punch"],"picked":"Infinite Blades","floor":10},{"not_picked":["Flying Knee","Dash"],"picked":"Deflect","floor":13},{"not_picked":["Outmaneuver","Dagger Spray"],"picked":"Backflip","floor":14}],"player_experience":352537,"relics_obtained":[{"floor":3,"key":"Juzu Bracelet"},{"floor":9,"key":"MawBank"},{"floor":10,"key":"Frozen Egg 2"}],"event_choices":[{"damage_healed":0,"gold_gain":0,"player_choice":"Take Wound","damage_taken":0,"relics_obtained":["Golden Idol"],"max_hp_gain":0,"max_hp_loss":0,"event_name":"Golden Idol","floor":2,"gold_loss":0,"cards_obtained":["Injury"]},{"damage_healed":0,"gold_gain":175,"player_choice":"AGREE","damage_taken":0,"max_hp_gain":0,"max_hp_loss":0,"event_name":"Liars Game","floor":11,"gold_loss":0,"cards_obtained":["Doubt"]}],"is_beta":false,"boss_relics":[],"items_purged_floors":[],"is_endless":false,"potions_floor_spawned":[1,5,10,13],"killed_by":"The Guardian","ascension_level":12}