{"path_per_floor":["M","?","M","$","M","R","?","R","T","E","$","M","R","M","R","B",null,"M","M","M","$","M","R","?","R","T","E","M","R","M","M","R","B",null,"M","?","$","M","M","R","M","M","T","T","$","?","E","M","R"],"character_chosen":"THE_SILENT","items_purchased":["Footwork","Bag of Marbles","Slice","Panacea","Deflect"],"gold_per_floor":[109,109,130,55,68,68,68,68,68,112,12,33,33,46,46,177,177,196,210,228,64,88,88,88,88,112,151,172,172,197,222,222,345,345,359,692,240,260,276,276,294,306,329,329,130,0,33,48,48,48],"floor_reached":50,"campfire_rested":3,"playtime":13634,"current_hp_per_floor":[70,53,50,50,50,50,50,50,50,30,30,30,51,50,50,39,70,70,57,55,55,52,52,52,52,52,49,41,62,59,44,44,19,70,64,64,64,56,44,44,32,32,32,32,32,32,21,33,54,0],"items_purged":["Defend_G","Strike_G","Regret","Defend_G","Strike_G"],"gold":48,"score":595,"play_id":"8a4d38c4-8627-44fd-b712-28493f6d8562","local_time":"20180329125500","is_prod":false,"is_daily":false,"is_ascension_mode":true,"campfire_upgraded":7,"timestamp":1522320900,"path_taken":["M","?","M","$","M","R","?","R","T","E","$","M","R","M","R","BOSS","M","M","M","$","M","R","?","R","T","E","M","R","M","M","R","BOSS","M","?","$","M","M","R","M","M","T","?","$","?","E","M","R","BOSS"],"build_version":"2018-03-22v2","purchased_purges":5,"victory":false,"master_deck":["Defend_G+1","Strike_G+1","Strike_G+1","Survivor","Neutralize+1","Venomology+1","Doppelganger+1","Flying Knee","Terror+1","Unload","After Image+1","Footwork+1","Calculated Gamble+1","A Thousand Cuts+1","Deflect+1","Backflip+1","Sucker Punch+1","Footwork+1","Malaise+1","Burst+1","Blur+1","Slice","Malaise","Caltrops+1","Slice","Panacea","Escape Plan+1","Calculated Gamble","Backstab+1","Deflect","Caltrops+1","Dodge and Roll+1"],"max_hp_per_floor":[70,70,70,70,70,70,70,70,70,70,70,70,70,70,70,70,70,70,70,70,70,70,70,70,70,70,70,70,70,70,70,70,70,70,70,70,70,70,70,70,70,70,70,70,70,70,70,70,70,70],"relics":["Ring of the Snake","Anchor","War Paint","Unceasing Top","Astrolabe","Whetstone","Bottled Lightning","Orrery","Bag of Marbles","Juzu Bracelet","Meat on the Bone","Red Mask","Omamori"],"card_choices":[{"not_picked":["Backflip","Blade Dance"],"picked":"Doppelganger","floor":1.0},{"not_picked":["Masterful Stab","Poisoned Stab"],"picked":"Flying Knee","floor":3.0},{"not_picked":["Night Terror","PiercingWail"],"picked":"Terror","floor":5.0},{"not_picked":["Predator","Setup"],"picked":"Unload","floor":10.0},{"not_picked":["Night Terror","Die Die Die"],"picked":"After Image","floor":16.0},{"not_picked":["Heel Hook","Well Laid Plans"],"picked":"Deflect","floor":18.0},{"not_picked":["Acrobatics","Setup"],"picked":"Backflip","floor":19.0},{"not_picked":["Bouncing Flask","Finisher"],"picked":"Sucker Punch","floor":20.0},{"not_picked":["Sucker Punch","Riddle With Holes"],"picked":"Malaise","floor":31.0},{"not_picked":["Tactician","Storm of Steel"],"picked":"Burst","floor":33.0},{"not_picked":["Dagger Throw","Flying Knee"],"picked":"Blur","floor":34.0},{"not_picked":["Dagger Throw","Dodge and Roll"],"picked":"Slice","floor":34.0},{"not_picked":["Cloak And Dagger","PiercingWail"],"picked":"Malaise","floor":34.0},{"not_picked":["Setup","Sucker Punch"],"picked":"Caltrops","floor":35.0},{"not_picked":["Deadly Poison","Night Terror"],"picked":"Escape Plan","floor":39.0},{"not_picked":["Underhanded Strike","Acrobatics"],"picked":"Calculated Gamble","floor":41.0},{"not_picked":["Dagger Spray","Caltrops"],"picked":"Backstab","floor":42.0},{"not_picked":["Deadly Poison","Choke"],"picked":"Caltrops","floor":47.0},{"not_picked":["Quick Slash","Choke"],"picked":"Dodge and Roll","floor":48.0}],"player_experience":365707,"potions_floor_usage":[50,50,50],"damage_taken":[{"damage":0.0,"enemies":"2 Louse","floor":1.0,"turns":3.0},{"damage":3.0,"enemies":"Jaw Worm","floor":3.0,"turns":6.0},{"damage":0.0,"enemies":"Small Slimes","floor":5.0,"turns":3.0},{"damage":20.0,"enemies":"Gremlin Nob","floor":10.0,"turns":3.0},{"damage":0.0,"enemies":"Blue Slaver","floor":12.0,"turns":3.0},{"damage":1.0,"enemies":"Exordium Wildlife","floor":14.0,"turns":3.0},{"damage":11.0,"enemies":"Hexaghost","floor":16.0,"turns":12.0},{"damage":0.0,"enemies":"2 Thieves","floor":18.0,"turns":4.0},{"damage":13.0,"enemies":"Spheric Guardian","floor":19.0,"turns":6.0},{"damage":2.0,"enemies":"Snake Plant","floor":20.0,"turns":5.0},{"damage":3.0,"enemies":"Snecko","floor":22.0,"turns":7.0},{"damage":3.0,"enemies":"Gremlin Leader","floor":27.0,"turns":7.0},{"damage":8.0,"enemies":"Chosen and Byrds","floor":28.0,"turns":5.0},{"damage":3.0,"enemies":"Snake Plant","floor":30.0,"turns":4.0},{"damage":15.0,"enemies":"Cultist and Chosen","floor":31.0,"turns":6.0},{"damage":25.0,"enemies":"Collector","floor":33.0,"turns":12.0},{"damage":6.0,"enemies":"3 Shapes","floor":35.0,"turns":8.0},{"damage":8.0,"enemies":"Orb Walker","floor":38.0,"turns":5.0},{"damage":12.0,"enemies":"Sphere and 2 Shapes","floor":39.0,"turns":5.0},{"damage":12.0,"enemies":"3 Darklings","floor":41.0,"turns":6.0},{"damage":0.0,"enemies":"Maw","floor":42.0,"turns":9.0},{"damage":23.0,"enemies":"2 Orb Walkers","floor":47.0,"turns":6.0},{"damage":0.0,"enemies":"Sphere and 2 Shapes","floor":48.0,"turns":6.0},{"damage":57,"enemies":"Awakened One","floor":50,"turns":4}],"event_choices":[{"event_name":"Golden Idol","player_choice":"Take Damage","floor":2.0,"damage_taken":0.0},{"event_name":"Big Fish","player_choice":"Box","floor":7.0,"damage_taken":0.0},{"event_name":"Vampires","player_choice":"Ignored","floor":24.0,"damage_taken":0.0},{"event_name":"The Moai Head","player_choice":"Gave Idol","floor":36.0,"damage_taken":0.0},{"event_name":"Tomb of Lord Red Mask","player_choice":"Paid","floor":46.0,"damage_taken":0.0}],"boss_relics":[],"potions_floor_spawned":[3,12,16,19,20,22,35,39,47],"seed_played":"6011522732508260832","killed_by":"Awakened One","ascension_level":3,"is_trial":false}