{"gold_per_floor":[115,5,5,80,97,97,125,141,141,157,170,170,202,219,219,316,316,316,316,2,2,2,2,2,2,2,2,2,2,2,2,2,2,2,2,2,2,2],"floor_reached":38,"playtime":2259,"items_purged":["Strike_G"],"score":610,"play_id":"e7e35daf-239a-4ea7-abf7-c28e42d8224f","local_time":"20180923115553","is_ascension_mode":true,"campfire_choices":[{"data":"Neutralize","floor":6,"key":"SMITH"},{"data":"Blade Dance","floor":12,"key":"SMITH"},{"floor":15,"key":"REST"},{"data":"Accuracy","floor":23,"key":"SMITH"},{"data":"Cloak And Dagger","floor":27,"key":"SMITH"},{"floor":30,"key":"REST"},{"data":"Burst","floor":32,"key":"SMITH"}],"neow_cost":"NONE","seed_source_timestamp":144091056073665,"circlet_count":0,"master_deck":["Defend_G","Defend_G","Defend_G","Defend_G","Defend_G","Survivor","Neutralize+1","Caltrops","Blade Dance","Deflect","Escape Plan","Choke","Blade Dance+1","Cloak And Dagger+1","Dodge and Roll","Burst+1","Backstab","Flying Knee+1","Accuracy+1","Bite","Bite+1","Bite","Bite","Bite","Backflip","Footwork+1","Bullet Time","Acrobatics","Accuracy+1"],"relics":["Ring of the Snake","NeowsBlessing","Meat on the Bone","Orichalcum","Bottled Lightning","Tough Bandages","Ectoplasm","Pear","Letter Opener","Happy Flower","Tiny House"],"potions_floor_usage":[13,16,16,21,25,33,38,38],"damage_taken":[{"damage":0,"enemies":"2 Louse","floor":1,"turns":1},{"damage":0,"enemies":"Cultist","floor":5,"turns":1},{"damage":0,"enemies":"Gremlin Nob","floor":7,"turns":1},{"damage":3,"enemies":"Small Slimes","floor":8,"turns":3},{"damage":0,"enemies":"3 Louse","floor":10,"turns":4},{"damage":0,"enemies":"Exordium Wildlife","floor":11,"turns":2},{"damage":32,"enemies":"Lagavulin","floor":13,"turns":8},{"damage":0,"enemies":"2 Fungi Beasts","floor":14,"turns":3},{"damage":45,"enemies":"Slime Boss","floor":16,"turns":10},{"damage":18,"enemies":"Spheric Guardian","floor":18,"turns":4},{"damage":6,"enemies":"Shell Parasite","floor":19,"turns":4},{"damage":18,"enemies":"Snecko","floor":21,"turns":6},{"damage":20,"enemies":"Centurion and Healer","floor":24,"turns":7},{"damage":29,"enemies":"Slavers","floor":25,"turns":5},{"damage":4,"enemies":"Shelled Parasite and Fungi","floor":28,"turns":5},{"damage":17,"enemies":"Chosen and Byrds","floor":29,"turns":6},{"damage":0,"enemies":"3 Cultists","floor":31,"turns":5},{"damage":30,"enemies":"Automaton","floor":33,"turns":12},{"damage":23,"enemies":"3 Darklings","floor":35,"turns":6},{"damage":81,"enemies":"Donu and Deca","floor":38,"turns":6}],"seed_played":"2171153546869938365","potions_obtained":[{"floor":7,"key":"FearPotion"},{"floor":10,"key":"Fruit Juice"},{"floor":14,"key":"PowerPotion"},{"floor":19,"key":"AttackPotion"},{"floor":24,"key":"Strength Potion"},{"floor":28,"key":"Swift Potion"},{"floor":31,"key":"FairyPotion"},{"floor":34,"key":"Swift Potion"},{"floor":35,"key":"SteroidPotion"}],"is_trial":false,"path_per_floor":["M","?","?","?","M","R","E","M","T","M","M","R","E","M","R","B",null,"M","M","$","M","?","R","M","E","T","R","M","M","R","M","R","B",null,"M","$","?"],"character_chosen":"THE_SILENT","items_purchased":["Pear"],"campfire_rested":2,"item_purchase_floors":[20],"current_hp_per_floor":[63,63,63,52,52,52,52,49,49,49,49,49,34,46,68,35,65,47,41,51,45,45,45,39,34,34,34,40,35,52,59,59,43,60,48,48,48,0],"gold":2,"neow_bonus":"THREE_ENEMY_KILL","is_prod":false,"is_daily":false,"chose_seed":false,"campfire_upgraded":5,"win_rate":0,"timestamp":1537696553,"path_taken":["M","?","?","?","?","R","E","M","T","M","M","R","E","M","R","BOSS","M","M","$","M","?","R","M","E","T","R","?","M","R","M","R","BOSS","M","$","?","BOSS"],"build_version":"2018-09-20","purchased_purges":1,"victory":false,"max_hp_per_floor":[70,70,70,70,70,70,70,70,70,70,70,70,75,75,75,75,75,75,75,85,85,59,59,59,59,59,59,59,59,59,59,59,59,64,64,64,64,64],"card_choices":[{"not_picked":["Acrobatics","Outmaneuver"],"picked":"Caltrops","floor":1},{"not_picked":["Backflip","Bane"],"picked":"Blade Dance","floor":5},{"not_picked":["Dodge and Roll","Bane"],"picked":"Deflect","floor":7},{"not_picked":["Prepared","Underhanded Strike"],"picked":"Escape Plan","floor":8},{"not_picked":["Noxious Fumes","Outmaneuver"],"picked":"Choke","floor":10},{"not_picked":["Finisher","Crippling Poison"],"picked":"Blade Dance","floor":11},{"not_picked":["Predator","Dodge and Roll"],"picked":"Cloak And Dagger","floor":13},{"not_picked":["Dagger Spray","Expertise"],"picked":"Dodge and Roll","floor":14},{"not_picked":["Venomology","Doppelganger"],"picked":"Burst","floor":16},{"not_picked":["Dash","Deadly Poison"],"picked":"Backstab","floor":18},{"not_picked":["Skewer","Dodge and Roll"],"picked":"Flying Knee+1","floor":19},{"not_picked":["Flechettes","Choke"],"picked":"Accuracy","floor":21},{"not_picked":["All Out Attack","Tactician+1"],"picked":"Backflip","floor":24},{"not_picked":["Flying Knee+1","Underhanded Strike","Dagger Spray"],"picked":"SKIP","floor":25},{"not_picked":["Bouncing Flask","Bane"],"picked":"Footwork+1","floor":28},{"not_picked":["Outmaneuver+1","Blade Dance","Slice"],"picked":"SKIP","floor":29},{"not_picked":["Well Laid Plans","Quick Slash+1"],"picked":"Bullet Time","floor":31},{"not_picked":["Catalyst","Deflect"],"picked":"Acrobatics","floor":34},{"not_picked":["Bane+1","Dagger Spray"],"picked":"Accuracy+1","floor":35}],"player_experience":633708,"relics_obtained":[{"floor":7,"key":"Orichalcum"},{"floor":9,"key":"Bottled Lightning"},{"floor":13,"key":"Tough Bandages"},{"floor":25,"key":"Letter Opener"},{"floor":26,"key":"Happy Flower"}],"event_choices":[{"event_name":"WeMeetAgain","player_choice":"Gold","floor":2,"damage_taken":0},{"event_name":"The Cleric","player_choice":"Leave","floor":3,"damage_taken":0},{"event_name":"World of Goop","player_choice":"Gather Gold","floor":4,"damage_taken":0},{"event_name":"Vampires","player_choice":"Became a vampire","floor":22,"damage_taken":0},{"event_name":"SecretPortal","player_choice":"Took Portal.","floor":37,"damage_taken":0}],"is_beta":false,"boss_relics":[{"not_picked":["Runic Pyramid","Calling Bell"],"picked":"Ectoplasm"},{"not_picked":["Black Star","Sozu"],"picked":"Tiny House"}],"items_purged_floors":[20],"is_endless":false,"potions_floor_spawned":[7,10,14,19,24,28,31,35],"killed_by":"Donu and Deca","ascension_level":7}