{"gold_per_floor":[118,135,37,57,132,132,142,142,142,17,17,17,50,60,60,60],"floor_reached":16,"playtime":825,"items_purged":["Pain"],"score":102,"play_id":"491d8c04-5a85-4de7-a4c5-5621b46d6239","local_time":"20181024213032","is_ascension_mode":false,"campfire_choices":[{"floor":6,"key":"REST"},{"data":"Neutralize","floor":8,"key":"SMITH"},{"data":"Leg Sweep","floor":11,"key":"SMITH"},{"floor":15,"key":"REST"}],"neow_cost":"CURSE","seed_source_timestamp":1137182500157234,"circlet_count":0,"master_deck":["Defend_G","Defend_G","Defend_G","Strike_G","Strike_G","Strike_G","Strike_G","Strike_G","Survivor","Neutralize+1","Leg Sweep+1","Burst","Quick Slash","Outmaneuver","PiercingWail","Slice","Dagger Spray","Corpse Explosion","Bane","Distraction","Quick Slash","Poisoned Stab"],"relics":["Ring of the Snake","Kunai","Gremlin Horn"],"potions_floor_usage":[7,16,16],"damage_taken":[{"damage":11,"enemies":"Cultist","floor":1,"turns":6},{"damage":14,"enemies":"Jaw Worm","floor":2,"turns":5},{"damage":0,"enemies":"Small Slimes","floor":4,"turns":3},{"damage":3,"enemies":"Exordium Thugs","floor":7,"turns":7},{"damage":9,"enemies":"2 Fungi Beasts","floor":12,"turns":3},{"damage":38,"enemies":"Gremlin Nob","floor":13,"turns":6},{"damage":1,"enemies":"Red Slaver","floor":14,"turns":4},{"damage":21,"enemies":"The Guardian","floor":16,"turns":8}],"seed_played":"725316076434200641","potions_obtained":[{"floor":1,"key":"SteroidPotion"},{"floor":13,"key":"Fire Potion"},{"floor":14,"key":"Strength Potion"}],"is_trial":false,"path_per_floor":["M","M","$","M","?","R","M","R","T","$","R","M","E","M","R"],"character_chosen":"THE_SILENT","items_purchased":["PiercingWail","Corpse Explosion","Bane"],"campfire_rested":2,"item_purchase_floors":[3,10,10],"current_hp_per_floor":[59,45,45,45,34,55,52,52,52,52,52,43,5,4,25,4],"gold":60,"neow_bonus":"TRANSFORM_TWO_CARDS","is_prod":false,"is_daily":false,"chose_seed":false,"campfire_upgraded":2,"win_rate":0.0,"timestamp":1540369832,"path_taken":["M","?","$","M","?","R","M","R","T","$","R","M","E","M","R","BOSS"],"build_version":"2018-10-18","purchased_purges":1,"victory":false,"max_hp_per_floor":[70,70,70,70,70,70,70,70,70,70,70,70,70,70,70,70],"card_choices":[{"not_picked":["Flying Knee","Predator"],"picked":"Quick Slash","floor":1},{"not_picked":["Bane","Underhanded Strike"],"picked":"Outmaneuver","floor":2},{"not_picked":["Dagger Throw","PiercingWail"],"picked":"Slice","floor":4},{"not_picked":["Bane","Caltrops"],"picked":"Dagger Spray","floor":7},{"not_picked":["Glass Knife","Dodge and Roll"],"picked":"Distraction","floor":12},{"not_picked":["Well Laid Plans","Dagger Throw"],"picked":"Quick Slash","floor":13},{"not_picked":["Flying Knee","Well Laid Plans"],"picked":"Poisoned Stab","floor":14}],"player_experience":218213,"relics_obtained":[{"floor":9,"key":"Kunai"},{"floor":13,"key":"Gremlin Horn"}],"event_choices":[{"damage_healed":0,"gold_gain":75,"player_choice":"Gather Gold","damage_taken":11,"max_hp_gain":0,"max_hp_loss":0,"event_name":"World of Goop","floor":5,"gold_loss":0}],"is_beta":false,"boss_relics":[],"items_purged_floors":[3],"is_endless":false,"potions_floor_spawned":[1,13,14],"killed_by":"The Guardian","ascension_level":0}