{"gold_per_floor":[119,294,305,320,121,121,121,137,160,184,194,194,213,223,223,223],"floor_reached":16,"playtime":594,"items_purged":["Doubt"],"score":94,"play_id":"92dadb2b-af9e-4ef3-995e-e6ae0e52e354","local_time":"20190124014626","is_ascension_mode":false,"campfire_choices":[{"data":"Acrobatics","floor":6,"key":"SMITH"},{"data":"Calculated Gamble","floor":12,"key":"SMITH"},{"data":"Burst","floor":15,"key":"SMITH"}],"neow_cost":"NONE","seed_source_timestamp":296743405901432,"circlet_count":0,"master_deck":["Defend_G","Defend_G","Defend_G","Defend_G","Defend_G","Strike_G","Strike_G","Strike_G","Strike_G","Survivor","Neutralize","Backstab","All Out Attack","Burst+1","Acrobatics+1","Calculated Gamble+1","Dagger Throw","Calculated Gamble"],"relics":["Ring of the Snake","NeowsBlessing","Omamori","Odd Mushroom"],"potions_floor_usage":[16,16],"damage_taken":[{"damage":0,"enemies":"Jaw Worm","floor":1,"turns":1},{"damage":0,"enemies":"Cultist","floor":3,"turns":1},{"damage":0,"enemies":"Small Slimes","floor":4,"turns":1},{"damage":13,"enemies":"Exordium Thugs","floor":8,"turns":3},{"damage":10,"enemies":"The Mushroom Lair","floor":10,"turns":5},{"damage":10,"enemies":"Lots of Slimes","floor":11,"turns":3},{"damage":7,"enemies":"Large Slime","floor":13,"turns":9},{"damage":0,"enemies":"Red Slaver","floor":14,"turns":3},{"damage":30,"enemies":"The Guardian","floor":16,"turns":8}],"seed_played":"1755300094185316666","potions_obtained":[{"floor":1,"key":"Energy Potion"},{"floor":3,"key":"FearPotion"},{"floor":4,"key":"GamblersBrew"},{"floor":13,"key":"EssenceOfSteel"}],"is_trial":false,"path_per_floor":["M","?","M","M","$","R","?","M","T","?","M","R","M","M","R","B"],"character_chosen":"THE_SILENT","items_purchased":["Burst","Acrobatics"],"campfire_rested":0,"item_purchase_floors":[5,5],"current_hp_per_floor":[70,70,70,70,70,70,70,57,57,47,37,37,30,30,30,0],"gold":223,"neow_bonus":"THREE_ENEMY_KILL","is_prod":false,"is_daily":false,"chose_seed":false,"campfire_upgraded":3,"win_rate":0,"timestamp":1548290786,"path_taken":["M","?","M","M","$","R","?","?","T","?","M","R","M","M","R","BOSS"],"build_version":"2019-01-23","purchased_purges":1,"victory":false,"max_hp_per_floor":[70,70,70,70,70,70,70,70,70,70,70,70,70,70,70,70],"card_choices":[{"not_picked":["Accuracy","Well Laid Plans"],"picked":"Backstab","floor":1},{"not_picked":["Distraction","Outmaneuver"],"picked":"All Out Attack","floor":3},{"not_picked":["Dagger Spray","Poisoned Stab","Distraction"],"picked":"SKIP","floor":4},{"not_picked":["Skewer","Backflip"],"picked":"Calculated Gamble","floor":8},{"not_picked":["Quick Slash","Leg Sweep"],"picked":"Dagger Throw","floor":11},{"not_picked":["Outmaneuver","PiercingWail","Concentrate"],"picked":"SKIP","floor":13},{"not_picked":["Bane","Backstab"],"picked":"Calculated Gamble","floor":14}],"player_experience":290813,"relics_obtained":[{"floor":9,"key":"Omamori"},{"floor":10,"key":"Odd Mushroom"}],"event_choices":[{"damage_healed":0,"gold_gain":175,"player_choice":"AGREE","damage_taken":0,"max_hp_gain":0,"max_hp_loss":0,"event_name":"Liars Game","floor":2,"gold_loss":0,"cards_obtained":["Doubt"]},{"cards_removed":["Strike_G"],"damage_healed":0,"gold_gain":0,"player_choice":"Purged","damage_taken":0,"max_hp_gain":0,"max_hp_loss":0,"event_name":"Purifier","floor":7,"gold_loss":0},{"damage_healed":0,"gold_gain":0,"player_choice":"Fought Mushrooms","damage_taken":0,"max_hp_gain":0,"max_hp_loss":0,"event_name":"Mushrooms","floor":10,"gold_loss":0}],"is_beta":false,"boss_relics":[],"items_purged_floors":[5],"is_endless":false,"potions_floor_spawned":[1,3,4,11,13],"killed_by":"The Guardian","ascension_level":0}