{"path_per_floor":["M","M","?","?","$","R","?","R","T","R","M","$","?","M","R","B",null,"M","M","?","M","$","R","?","R","T","M","M","?","R","M","R","B",null,"M","$","?","M","M","R","$","R","T","M","?","$","R","M","R","B"],"character_chosen":"IRONCLAD","items_purchased":["Flame Barrier","Bronze Scales","Blind","Finesse","Rampage"],"gold_per_floor":[110,130,130,130,49,49,73,73,373,373,391,61,61,81,81,185,185,202,217,217,228,29,29,29,29,97,113,130,130,130,145,145,243,243,262,137,137,147,161,161,161,161,234,253,253,34,34,47,47,47],"floor_reached":51,"campfire_rested":3,"playtime":1920,"current_hp_per_floor":[36,41,41,34,34,58,61,61,61,61,67,67,67,73,73,76,80,80,80,80,73,73,73,58,58,58,48,66,66,66,46,71,51,85,78,78,78,75,61,61,61,61,61,55,55,55,80,68,68,54],"items_purged":["Strike_R","Strike_R","Sentinel","Strike_R"],"gold":47,"score":660,"play_id":"ec6b6324-df47-43ba-9aca-58325bd8eedf","local_time":"20180329203956","is_prod":false,"is_daily":false,"is_ascension_mode":false,"campfire_upgraded":9,"timestamp":1522348796,"path_taken":["M","M","?","?","$","R","?","R","T","R","M","$","?","M","R","BOSS","M","?","?","M","$","R","?","R","T","M","M","?","R","M","R","BOSS","M","$","?","M","M","R","$","R","T","M","?","$","R","M","R","BOSS"],"build_version":"2018-03-22v2","purchased_purges":4,"victory":true,"master_deck":["Defend_R","Defend_R","Defend_R","Defend_R","Bash","Body Slam+1","Battle Trance","Flame Barrier+1","Ghostly Armor+1","Blind+1","Juggernaut+1","True Grit+1","Iron Wave+1","Finesse","Demon Form+1","Shrug It Off+1","Heavy Blade+1","Rampage","Flame Barrier+1"],"max_hp_per_floor":[80,80,80,80,80,80,80,80,80,80,80,80,80,80,80,80,80,80,80,80,80,80,80,85,85,85,85,85,85,85,85,85,85,85,85,85,85,85,85,85,85,85,85,85,85,85,85,85,85,85],"relics":["Burning Blood","Orichalcum","Odd Mushroom","Old Coin","Bronze Scales","Orrery","Self Forming Clay","Mark of Pain","Meat on the Bone"],"card_choices":[{"not_picked":["Juggernaut","Thunderclap"],"picked":"Body Slam","floor":1},{"not_picked":["Heavy Blade","Seeing Red"],"picked":"Battle Trance","floor":2},{"not_picked":["Heavy Blade","Power Through"],"picked":"Ghostly Armor","floor":7},{"not_picked":["True Grit","Twin Strike"],"picked":"Iron Wave","floor":14},{"not_picked":["Berserk","Dark Embrace"],"picked":"Juggernaut","floor":16},{"not_picked":["Dual Wield","Anger"],"picked":"True Grit","floor":17},{"not_picked":["Rampage","Clash"],"picked":"Iron Wave","floor":17},{"not_picked":["Headbutt","Warcry"],"picked":"Sentinel","floor":21},{"not_picked":["Reckless Charge","Perfected Strike"],"picked":"Shrug It Off","floor":31},{"not_picked":["Combust","Feel No Pain"],"picked":"Heavy Blade","floor":44},{"not_picked":["Rage","Warcry"],"picked":"Flame Barrier","floor":48}],"player_experience":218386,"potions_floor_usage":[16,21,28,31,35,44,50],"damage_taken":[{"damage":10,"enemies":"Small Slimes","floor":1,"turns":5},{"damage":1,"enemies":"2 Louse","floor":2,"turns":3},{"damage":3,"enemies":"The Mushroom Lair","floor":7,"turns":7},{"damage":0,"enemies":"Jaw Worm","floor":11,"turns":3},{"damage":0,"enemies":"3 Louse","floor":14,"turns":2},{"damage":3,"enemies":"The Guardian","floor":16,"turns":10},{"damage":0,"enemies":"3 Byrds","floor":18,"turns":3},{"damage":3,"enemies":"Shell Parasite","floor":19,"turns":5},{"damage":13,"enemies":"Sentry and Sphere","floor":21,"turns":6},{"damage":16,"enemies":"Snake Plant","floor":27,"turns":3},{"damage":3,"enemies":"Slaver and Parasite","floor":28,"turns":7},{"damage":26,"enemies":"Sentry and Sphere","floor":31,"turns":7},{"damage":26,"enemies":"Champ","floor":33,"turns":10},{"damage":13,"enemies":"3 Darklings","floor":35,"turns":5},{"damage":9,"enemies":"3 Shapes","floor":38,"turns":5},{"damage":20,"enemies":"Maw","floor":39,"turns":8},{"damage":12,"enemies":"4 Shapes","floor":44,"turns":6},{"damage":18,"enemies":"3 Darklings","floor":48,"turns":6},{"damage":20,"enemies":"Time Eater","floor":50,"turns":10}],"event_choices":[{"event_name":"Living Wall","player_choice":"Grow","floor":3,"damage_taken":0},{"event_name":"Scrap Ooze","player_choice":"success","floor":4,"damage_taken":7},{"event_name":"Mushrooms","player_choice":"Fought Mushrooms","floor":7,"damage_taken":0},{"event_name":"Upgrade Shrine","player_choice":"Upgraded","floor":13,"damage_taken":0},{"event_name":"Vampires","player_choice":"Ignored","floor":20,"damage_taken":0},{"event_name":"Forgotten Altar","player_choice":"Shed Blood","floor":24,"damage_taken":0},{"event_name":"The Library","player_choice":"Read","floor":29,"damage_taken":0},{"event_name":"Tomb of Lord Red Mask","player_choice":"Ignored","floor":45,"damage_taken":0}],"boss_relics":[{"not_picked":["Question Card","Calling Bell"],"picked":"Orrery"},{"not_picked":["Philosopher\u0027s Stone","Velvet Choker"],"picked":"Mark of Pain"}],"potions_floor_spawned":[1,14,21,27,33,35,39,48],"seed_played":"-6426145756266608305","ascension_level":0,"is_trial":false}