{"gold_per_floor":[12,24,41,55,69,69,87,87,87,87,116,116,135,31,31,31],"floor_reached":16,"playtime":707,"items_purged":[],"score":203,"play_id":"6a258025-8ffa-4c7d-adf9-3ea8012f98e9","local_time":"20180913193323","is_ascension_mode":true,"campfire_choices":[{"data":"White Noise","floor":6,"key":"SMITH"},{"data":"White Noise","floor":8,"key":"SMITH"},{"data":"Zap","floor":10,"key":"SMITH"},{"floor":15,"key":"REST"}],"neow_cost":"NO_GOLD","seed_source_timestamp":26785843043344,"circlet_count":0,"master_deck":["Strike_B","Strike_B","Strike_B","Strike_B","Defend_B","Defend_B","Defend_B","Defend_B","Zap+1","Dualcast","AscendersBane","Conserve Battery","Beam Cell","White Noise+1","Stack","White Noise+1","Stack","Glacier","Beam Cell","FTL","Barrage"],"special_seed":0,"relics":["Cracked Core","Emotion Chip","WingedGreaves","Gremlin Horn","Kunai"],"potions_floor_usage":[16,16],"damage_taken":[{"damage":0,"enemies":"Cultist","floor":1,"turns":3},{"damage":5,"enemies":"Jaw Worm","floor":2,"turns":4},{"damage":1,"enemies":"2 Louse","floor":3,"turns":3},{"damage":17,"enemies":"Large Slime","floor":4,"turns":5},{"damage":6,"enemies":"Exordium Thugs","floor":5,"turns":5},{"damage":1,"enemies":"Exordium Wildlife","floor":7,"turns":2},{"damage":26,"enemies":"3 Sentries","floor":11,"turns":6},{"damage":2,"enemies":"Blue Slaver","floor":13,"turns":3},{"damage":27,"enemies":"Hexaghost","floor":16,"turns":14}],"seed_played":"-3027378813185252065","potions_obtained":[{"floor":2,"key":"Energy Potion"},{"floor":13,"key":"Strength Potion"}],"is_trial":false,"path_per_floor":["M","M","M","M","M","R","M","R","T","R","E","T","M","$","R"],"character_chosen":"DEFECT","items_purchased":["FTL","Barrage"],"campfire_rested":1,"item_purchase_floors":[14,14],"current_hp_per_floor":[64,59,58,41,35,35,34,34,34,34,8,8,6,6,27,0],"gold":31,"neow_bonus":"ONE_RARE_RELIC","is_prod":false,"is_daily":false,"chose_seed":false,"campfire_upgraded":3,"win_rate":0,"timestamp":1536860003,"path_taken":["M","?","M","M","M","R","M","R","T","R","E","?","M","$","R","BOSS"],"build_version":"2018-09-06","purchased_purges":0,"victory":false,"max_hp_per_floor":[71,71,71,71,71,71,71,71,71,71,71,71,71,71,71,71],"card_choices":[{"not_picked":["Turbo","Beam Cell"],"picked":"Conserve Battery","floor":1},{"not_picked":["Stack","Steam"],"picked":"Beam Cell","floor":2},{"not_picked":["Melter","Undo"],"picked":"White Noise","floor":3},{"not_picked":["Beam Cell","Steam"],"picked":"Stack","floor":4},{"not_picked":["Leap","Rebound"],"picked":"White Noise","floor":5},{"not_picked":["Steam","Double Energy"],"picked":"Stack","floor":7},{"not_picked":["Compile Driver","Go for the Eyes"],"picked":"Glacier","floor":11},{"not_picked":["Storm","Turbo"],"picked":"Beam Cell","floor":13}],"player_experience":978667,"relics_obtained":[{"floor":9,"key":"WingedGreaves"},{"floor":11,"key":"Gremlin Horn"},{"floor":12,"key":"Kunai"}],"event_choices":[],"is_beta":false,"boss_relics":[],"items_purged_floors":[],"is_endless":false,"potions_floor_spawned":[2,13],"killed_by":"Hexaghost","ascension_level":19}