{"gold_per_floor":[118,118,131,131,23,23,58,74,74,88,88,103,120,133,133,237,237,254,303,303],"floor_reached":20,"playtime":1647,"items_purged":[],"score":211,"play_id":"5c2053e8-0512-4ac9-8ede-6bc6a24da5d0","local_time":"20181114042242","is_ascension_mode":true,"campfire_choices":[{"data":"Inflame","floor":6,"key":"SMITH"},{"data":"Dual Wield","floor":11,"key":"SMITH"},{"floor":15,"key":"REST"}],"neow_cost":"NONE","seed_source_timestamp":375845362949269,"circlet_count":0,"master_deck":["Strike_R","Strike_R","Strike_R","Strike_R","Strike_R","Defend_R","Defend_R","Defend_R","Defend_R","Bash","Armaments","Inflame+1","Dual Wield+1","Exhume","Thunderclap","Infernal Blade","Iron Wave","Double Tap","Flex"],"relics":["Black Blood","NeowsBlessing","Matryoshka","Pantograph","Boot","Bag of Preparation","Blood Vial"],"potions_floor_usage":[8,16,16,20],"damage_taken":[{"damage":0,"enemies":"Jaw Worm","floor":1,"turns":1},{"damage":0,"enemies":"2 Louse","floor":3,"turns":1},{"damage":0,"enemies":"3 Sentries","floor":7,"turns":2},{"damage":5,"enemies":"Cultist","floor":8,"turns":4},{"damage":21,"enemies":"Red Slaver","floor":10,"turns":3},{"damage":18,"enemies":"3 Louse","floor":12,"turns":4},{"damage":26,"enemies":"Blue Slaver","floor":13,"turns":4},{"damage":15,"enemies":"Exordium Thugs","floor":14,"turns":4},{"damage":22,"enemies":"Slime Boss","floor":16,"turns":10},{"damage":61,"enemies":"Shell Parasite","floor":18,"turns":9},{"damage":42,"enemies":"Colosseum Slavers","floor":20,"turns":3}],"seed_played":"41568359","potions_obtained":[{"floor":1,"key":"SteroidPotion"},{"floor":3,"key":"EssenceOfSteel"},{"floor":10,"key":"Fire Potion"},{"floor":14,"key":"AttackPotion"},{"floor":16,"key":"Strength Potion"},{"floor":18,"key":"Regen Potion"}],"is_trial":false,"path_per_floor":["M","?","M","?","$","R","E","M","T","M","R","M","M","M","R","B",null,"M","T","?"],"character_chosen":"IRONCLAD","items_purchased":["Inflame","Dual Wield"],"campfire_rested":1,"item_purchase_floors":[5,5],"current_hp_per_floor":[80,80,80,80,80,80,80,80,80,65,65,53,33,24,48,57,80,29,29,0],"gold":303,"neow_bonus":"THREE_ENEMY_KILL","is_prod":false,"is_daily":false,"chose_seed":true,"campfire_upgraded":2,"win_rate":0,"timestamp":1542136962,"path_taken":["M","?","M","?","$","R","E","M","T","M","R","M","M","?","R","BOSS","M","?","?"],"build_version":"2018-11-08","purchased_purges":0,"victory":false,"max_hp_per_floor":[80,80,80,80,80,80,80,80,80,80,80,80,80,80,80,80,80,80,80,80],"card_choices":[{"not_picked":["Uppercut","Burning Pact","Pummel"],"picked":"SKIP","floor":1},{"not_picked":["Anger","Sword Boomerang"],"picked":"Armaments","floor":3},{"not_picked":["Headbutt","Perfected Strike"],"picked":"Exhume","floor":7},{"not_picked":["Perfected Strike","True Grit","Fire Breathing"],"picked":"SKIP","floor":8},{"not_picked":["Clothesline","True Grit"],"picked":"Thunderclap","floor":10},{"not_picked":["Shrug It Off","Thunderclap"],"picked":"Infernal Blade","floor":12},{"not_picked":["Flame Barrier","Power Through","Armaments"],"picked":"SKIP","floor":13},{"not_picked":["True Grit","Cleave"],"picked":"Iron Wave","floor":14},{"not_picked":["Feed","Limit Break"],"picked":"Double Tap","floor":16},{"not_picked":["Thunderclap","Dual Wield"],"picked":"Flex","floor":18}],"player_experience":54783,"relics_obtained":[{"floor":7,"key":"Matryoshka"},{"floor":9,"key":"Pantograph"},{"floor":9,"key":"Boot"},{"floor":19,"key":"Bag of Preparation"},{"floor":19,"key":"Blood Vial"}],"event_choices":[{"damage_healed":0,"gold_gain":0,"player_choice":"Ignored","damage_taken":0,"max_hp_gain":0,"max_hp_loss":0,"event_name":"Shining Light","floor":2,"gold_loss":0},{"damage_healed":0,"gold_gain":0,"player_choice":"Bought 0 Potions","damage_taken":0,"max_hp_gain":0,"max_hp_loss":0,"event_name":"The Woman in Blue","floor":4,"gold_loss":0},{"damage_healed":0,"gold_gain":0,"player_choice":"Fight","damage_taken":0,"max_hp_gain":0,"max_hp_loss":0,"event_name":"Colosseum","floor":20,"gold_loss":0}],"is_beta":false,"boss_relics":[{"not_picked":["Lizard Tail","Astrolabe"],"picked":"Black Blood"}],"items_purged_floors":[],"is_endless":false,"potions_floor_spawned":[1,3,10,14,16,18],"killed_by":"Colosseum Slavers","ascension_level":1}