{"path_per_floor":["M","M","M","M","M","R","?","E","T","T","R","$","M","M","R","B",null,"M","$","M","?","$","R","M","E","T","?","R","E","M","M","R","B",null,"M","?","$","M","M","R","M","R","T","E","R","$","$","M","R","B"],"character_chosen":"THE_SILENT","items_purchased":["Cloak And Dagger","Panache","Caltrops","Leg Sweep","Lantern","Anchor"],"gold_per_floor":[117,137,154,166,183,183,183,214,214,239,239,10,22,33,33,138,138,154,79,93,93,22,22,32,63,115,85,85,115,131,146,146,245,245,257,257,76,95,113,113,131,131,131,158,158,4,4,20,20,20],"floor_reached":51,"campfire_rested":1,"playtime":2234,"current_hp_per_floor":[67,67,62,56,45,45,45,34,41,41,41,41,37,33,33,23,77,77,77,77,61,61,61,47,48,48,48,48,24,36,44,77,48,77,77,77,77,77,77,77,77,77,77,73,73,73,73,73,73,62],"items_purged":["Strike_G"],"gold":20,"score":744,"play_id":"33f357c8-040d-4a7a-979f-b183700c57f2","local_time":"20180424161607","is_prod":false,"is_daily":false,"chose_seed":false,"is_ascension_mode":false,"campfire_upgraded":9,"timestamp":1524579367,"path_taken":["M","M","M","M","M","R","?","E","T","?","R","$","M","M","R","BOSS","M","$","M","?","$","R","M","E","T","?","R","E","M","M","R","BOSS","M","?","$","M","M","R","?","R","T","E","R","?","$","M","R","BOSS"],"build_version":"2018-04-19","seed_source_timestamp":25353474339594,"purchased_purges":1,"victory":true,"master_deck":["Defend_G","Defend_G","Defend_G","Defend_G","Defend_G","Strike_G","Strike_G","Strike_G","Strike_G","Survivor","Neutralize","Poisoned Stab+1","Accuracy+1","Flying Knee+1","Dodge and Roll","After Image+1","Cloak And Dagger+1","Panache+1","Malaise","Sucker Punch","A Thousand Cuts+1","Infinite Blades","Deflect","Necronomicurse","Caltrops","Backflip","Dash+1","Terror","Venomology","Escape Plan","Leg Sweep+1","Malaise+1","Footwork","Dash+1","Backflip+1","PiercingWail+1"],"max_hp_per_floor":[70,70,70,70,70,70,70,70,77,77,77,77,77,77,77,77,77,77,77,77,77,77,77,77,77,77,77,77,77,77,77,77,77,77,77,77,77,77,77,77,77,77,77,77,77,77,77,77,77,77],"relics":["Ring of the Snake","Pen Nib","Mercury Hourglass","Strawberry","Bag of Marbles","Black Star","Necronomicon","Vajra","Regal Pillow","Omamori","Mummified Hand","Meat on the Bone","Sozu","Lantern","Dream Catcher","Art of War","Bag of Preparation","Anchor"],"card_choices":[{"not_picked":["Outmaneuver","Prepared"],"picked":"Poisoned Stab","floor":1},{"not_picked":["Underhanded Strike","Deadly Poison"],"picked":"Accuracy","floor":2},{"not_picked":["Accuracy","Dagger Throw"],"picked":"Flying Knee","floor":4},{"not_picked":["Quick Slash","Masterful Stab"],"picked":"Dodge and Roll","floor":5},{"not_picked":["Acrobatics","Outmaneuver"],"picked":"After Image","floor":8},{"not_picked":["Backflip","Acrobatics"],"picked":"Malaise","floor":13},{"not_picked":["Escape Plan","Underhanded Strike"],"picked":"Sucker Punch","floor":14},{"not_picked":["Corpse Explosion","Phantasmal Killer"],"picked":"A Thousand Cuts","floor":16},{"not_picked":["Bouncing Flask","PiercingWail"],"picked":"Infinite Blades","floor":18},{"not_picked":["Expertise","Sucker Punch"],"picked":"Deflect","floor":20},{"not_picked":["Sucker Punch","Concentrate"],"picked":"Backflip","floor":24},{"not_picked":["Deadly Poison","Distraction"],"picked":"Dash","floor":29},{"not_picked":["Deflect","Backstab"],"picked":"Terror","floor":31},{"not_picked":["A Thousand Cuts","Doppelganger"],"picked":"Venomology","floor":33},{"not_picked":["Expertise","Eviscerate"],"picked":"Escape Plan","floor":35},{"not_picked":["Quick Slash","Bouncing Flask"],"picked":"Malaise","floor":38},{"not_picked":["Prepared","Quick Slash"],"picked":"Footwork","floor":39},{"not_picked":["Cloak And Dagger","Escape Plan"],"picked":"Dash","floor":41},{"not_picked":["Dagger Throw","Sucker Punch"],"picked":"Backflip","floor":44},{"not_picked":["Skewer","Underhanded Strike"],"picked":"PiercingWail","floor":48}],"player_experience":544960,"potions_floor_usage":[8,25,25,25,29,29,31,31],"damage_taken":[{"damage":3,"enemies":"Jaw Worm","floor":1,"turns":4},{"damage":0,"enemies":"Small Slimes","floor":2,"turns":4},{"damage":5,"enemies":"2 Louse","floor":3,"turns":3},{"damage":6,"enemies":"Lots of Slimes","floor":4,"turns":6},{"damage":11,"enemies":"Large Slime","floor":5,"turns":6},{"damage":23,"enemies":"Gremlin Nob","floor":8,"turns":5},{"damage":4,"enemies":"Gremlin Gang","floor":13,"turns":4},{"damage":4,"enemies":"3 Louse","floor":14,"turns":3},{"damage":10,"enemies":"The Guardian","floor":16,"turns":10},{"damage":0,"enemies":"Shell Parasite","floor":18,"turns":6},{"damage":0,"enemies":"Chosen","floor":20,"turns":5},{"damage":14,"enemies":"Snake Plant","floor":24,"turns":5},{"damage":14,"enemies":"Gremlin Leader","floor":25,"turns":6},{"damage":24,"enemies":"Slavers","floor":29,"turns":4},{"damage":0,"enemies":"Cultist and Chosen","floor":30,"turns":3},{"damage":4,"enemies":"Centurion and Healer","floor":31,"turns":6},{"damage":29,"enemies":"Champ","floor":33,"turns":11},{"damage":0,"enemies":"3 Shapes","floor":35,"turns":3},{"damage":0,"enemies":"Orb Walker","floor":38,"turns":3},{"damage":0,"enemies":"Maw","floor":39,"turns":8},{"damage":0,"enemies":"4 Shapes","floor":41,"turns":5},{"damage":4,"enemies":"Nemesis","floor":44,"turns":9},{"damage":0,"enemies":"3 Darklings","floor":48,"turns":4},{"damage":11,"enemies":"Donu and Deca","floor":50,"turns":7}],"event_choices":[{"event_name":"Living Wall","player_choice":"Grow","floor":7,"damage_taken":0},{"event_name":"Cursed Tome","player_choice":"Obtained Book","floor":21,"damage_taken":0},{"event_name":"The Woman in Blue","player_choice":"Bought 2 Potions","floor":27,"damage_taken":0},{"event_name":"Wheel of Change","player_choice":"Curse","floor":36,"damage_taken":0}],"boss_relics":[{"not_picked":["Calling Bell","Pandora\u0027s Box"],"picked":"Black Star"},{"not_picked":["Snecko Eye","Lizard Tail"],"picked":"Sozu"}],"potions_floor_spawned":[2,8,16,24,25,30,33,39],"seed_played":"-5897958429767381852","ascension_level":0,"is_trial":false}