{"path_per_floor":["M","M","?","M","M","E","R","E","T","R","M","R","$","M","R","B",null,"M","M","M"],"character_chosen":"THE_SILENT","items_purchased":["Blade Dance"],"gold_per_floor":[14,27,27,44,56,90,90,118,118,118,134,134,15,34,34,139,139,156,168,184,184],"floor_reached":21,"campfire_rested":2,"playtime":1153,"current_hp_per_floor":[84,82,70,69,46,33,58,47,47,47,43,43,43,32,57,36,84,83,81,60,0],"items_purged":["Strike_G"],"gold":184,"score":193,"play_id":"30c5444b-9375-43cb-ab58-eb884b5b5213","local_time":"20180410192903","is_prod":false,"is_daily":false,"is_ascension_mode":false,"campfire_upgraded":2,"timestamp":1523381343,"path_taken":["M","M","?","M","M","E","R","E","T","R","M","R","$","?","R","BOSS","M","M","?","?"],"build_version":"2018-04-05v2","purchased_purges":1,"victory":false,"master_deck":["Defend_G","Defend_G","Defend_G","Defend_G","Defend_G","Strike_G","Survivor","Neutralize","Slice","Noxious Fumes+1","Setup","Sucker Punch","After Image+1","A Thousand Cuts","Cloak And Dagger","Blade Dance","Catalyst","Corpse Explosion","Well Laid Plans+1","Dagger Spray+1","Cloak And Dagger+1","Escape Plan","Dash"],"max_hp_per_floor":[84,84,84,84,84,84,84,84,84,84,84,84,84,84,84,84,84,84,84,84,84],"relics":["Ring of the Snake","Smiling Mask","Shuriken","The Specimen","Calipers","Astrolabe"],"card_choices":[{"not_picked":["Expertise","Dodge and Roll"],"picked":"Slice","floor":1},{"not_picked":["Bouncing Flask","Backstab"],"picked":"Noxious Fumes","floor":2},{"not_picked":["Expertise","Night Terror"],"picked":"Setup","floor":4},{"not_picked":["PiercingWail","Concentrate"],"picked":"Sucker Punch","floor":5},{"not_picked":["Acrobatics","Infinite Blades"],"picked":"After Image","floor":6},{"not_picked":["Prepared","PiercingWail"],"picked":"A Thousand Cuts","floor":8},{"not_picked":["Skewer","PiercingWail"],"picked":"Cloak And Dagger","floor":11},{"not_picked":["Quick Slash","Acrobatics"],"picked":"Catalyst","floor":14},{"not_picked":["A Thousand Cuts","Glass Knife"],"picked":"Corpse Explosion","floor":16},{"not_picked":["Caltrops","Flying Knee"],"picked":"Escape Plan","floor":19},{"not_picked":["Acrobatics","Cloak And Dagger"],"picked":"Dash","floor":20}],"player_experience":389851,"potions_floor_usage":[],"damage_taken":[{"damage":0,"enemies":"2 Louse","floor":1,"turns":2},{"damage":2,"enemies":"Jaw Worm","floor":2,"turns":4},{"damage":1,"enemies":"Cultist","floor":4,"turns":5},{"damage":23,"enemies":"Gremlin Gang","floor":5,"turns":8},{"damage":13,"enemies":"3 Sentries","floor":6,"turns":8},{"damage":11,"enemies":"Gremlin Nob","floor":8,"turns":5},{"damage":4,"enemies":"Lots of Slimes","floor":11,"turns":4},{"damage":11,"enemies":"Exordium Wildlife","floor":14,"turns":5},{"damage":21,"enemies":"Hexaghost","floor":16,"turns":10},{"damage":1,"enemies":"3 Byrds","floor":18,"turns":5},{"damage":2,"enemies":"Shell Parasite","floor":19,"turns":6},{"damage":21,"enemies":"Chosen and Byrds","floor":20,"turns":7},{"damage":61,"enemies":"Cultist and Chosen","floor":21,"turns":7}],"event_choices":[{"event_name":"Scrap Ooze","player_choice":"success","floor":3,"damage_taken":12}],"boss_relics":[{"not_picked":["Philosopher\u0027s Stone","Calling Bell"],"picked":"Astrolabe"}],"potions_floor_spawned":[4,8,14,18,20],"seed_played":"4506100191780173035","killed_by":"Cultist and Chosen","ascension_level":0,"is_trial":false}