{"gold_per_floor":[109,128,141,154,167,167,167,202,202,202,221,244,244,269,269,392,392,411,424,424,424,339,339,360,360,383,399,27,42,42,55,55,186,186,209,20,35,50,74,74,95,114,167,19,19,42,42,89,89,89],"floor_reached":51,"playtime":2228,"items_purged":[],"score":1023,"play_id":"392f2587-bce8-4e81-bb13-8db194748042","local_time":"20180927181707","is_ascension_mode":true,"campfire_choices":[{"data":"Darkness","floor":6,"key":"SMITH"},{"data":"Zap","floor":10,"key":"SMITH"},{"floor":13,"key":"REST"},{"data":"Redo","floor":15,"key":"SMITH"},{"floor":23,"key":"REST"},{"data":"Hologram","floor":25,"key":"SMITH"},{"data":"Defragment","floor":30,"key":"SMITH"},{"floor":32,"key":"REST"},{"floor":40,"key":"REST"},{"floor":47,"key":"REST"},{"floor":49,"key":"REST"}],"neow_cost":"NONE","seed_source_timestamp":65323198913939,"circlet_count":0,"master_deck":["Strike_B","Strike_B","Strike_B","Strike_B+1","Defend_B","Defend_B+1","Defend_B","Defend_B","Zap+1","Dualcast+1","AscendersBane","Reboot","Self Repair","Chaos","Darkness+1","Coolheaded","Seek","Leap","Barrage+1","Static Discharge","Redo+1","Electrodynamics","Self Repair","Cold Snap+1","Go for the Eyes+1","Hologram+1","Coolheaded+1","Leap","Defragment+1","Reinforced Body","Conserve Battery+1","Buffer","Leap+1","Redo+1","Chill","Tempest+1","Undo+1","Hologram+1","Loop","Loop+1","Conserve Battery+1","Redo+1","Go for the Eyes+1"],"relics":["Cracked Core","Golden Idol","War Paint","Emotion Chip","Inserter","Bronze Scales","Prayer Wheel","Whetstone","Symbiotic Virus","Runic Dome","Boot","Ancient Tea Set","Pen Nib","Vajra"],"potions_floor_usage":[8,16,19,27,31,33,37,38,39,46,50,50],"damage_taken":[{"damage":1,"enemies":"Cultist","floor":1,"turns":3},{"damage":7,"enemies":"Jaw Worm","floor":2,"turns":3},{"damage":0,"enemies":"Small Slimes","floor":3,"turns":4},{"damage":7,"enemies":"Blue Slaver","floor":4,"turns":4},{"damage":4,"enemies":"Red Slaver","floor":5,"turns":4},{"damage":20,"enemies":"Gremlin Nob","floor":8,"turns":3},{"damage":15,"enemies":"Lots of Slimes","floor":11,"turns":6},{"damage":19,"enemies":"Exordium Thugs","floor":12,"turns":4},{"damage":1,"enemies":"Exordium Wildlife","floor":14,"turns":3},{"damage":17,"enemies":"Hexaghost","floor":16,"turns":7},{"damage":33,"enemies":"2 Thieves","floor":18,"turns":3},{"damage":19,"enemies":"Chosen","floor":19,"turns":5},{"damage":16,"enemies":"Snake Plant","floor":24,"turns":4},{"damage":23,"enemies":"Centurion and Healer","floor":27,"turns":5},{"damage":7,"enemies":"Snecko","floor":29,"turns":5},{"damage":17,"enemies":"Shelled Parasite and Fungi","floor":31,"turns":4},{"damage":19,"enemies":"Champ","floor":33,"turns":11},{"damage":0,"enemies":"3 Shapes","floor":35,"turns":4},{"damage":9,"enemies":"3 Darklings","floor":37,"turns":5},{"damage":36,"enemies":"Spire Growth","floor":38,"turns":7},{"damage":21,"enemies":"Transient","floor":39,"turns":5},{"damage":39,"enemies":"Sphere and 2 Shapes","floor":41,"turns":5},{"damage":4,"enemies":"3 Darklings","floor":42,"turns":3},{"damage":10,"enemies":"4 Shapes","floor":46,"turns":2},{"damage":48,"enemies":"Awakened One","floor":50,"turns":15}],"seed_played":"6154237533111947402","potions_obtained":[{"floor":1,"key":"PowerPotion"},{"floor":4,"key":"FairyPotion"},{"floor":5,"key":"FocusPotion"},{"floor":11,"key":"FearPotion"},{"floor":12,"key":"Dexterity Potion"},{"floor":18,"key":"Ancient Potion"},{"floor":19,"key":"Ancient Potion"},{"floor":27,"key":"AttackPotion"},{"floor":33,"key":"SkillPotion"},{"floor":35,"key":"SteroidPotion"},{"floor":37,"key":"Block Potion"},{"floor":41,"key":"SteroidPotion"},{"floor":45,"key":"Energy Potion"},{"floor":45,"key":"SkillPotion"},{"floor":46,"key":"Block Potion"}],"is_trial":false,"path_per_floor":["M","M","M","M","M","R","?","E","T","R","M","M","R","M","R","B",null,"M","M","T","?","?","R","M","R","T","M","$","M","R","M","R","B",null,"M","$","M","M","M","R","M","M","T","$","?","M","R","T","R","B"],"character_chosen":"DEFECT","items_purchased":["Symbiotic Virus","Defragment","Reinforced Body","Boot","Chill","Pen Nib"],"campfire_rested":6,"item_purchase_floors":[28,28,28,36,36,44],"current_hp_per_floor":[67,67,74,74,75,75,69,49,49,49,41,29,49,55,55,45,63,37,32,32,32,32,52,50,50,50,41,41,48,48,45,65,60,67,69,69,67,45,38,58,26,22,22,22,22,12,32,32,52,4],"gold":89,"neow_bonus":"ONE_RANDOM_RARE_CARD","is_prod":false,"is_daily":false,"chose_seed":false,"campfire_upgraded":5,"win_rate":0,"timestamp":1538065027,"path_taken":["M","M","?","M","M","R","?","E","T","R","?","M","R","M","R","BOSS","M","?","?","?","?","R","?","R","T","M","?","M","R","M","R","BOSS","M","$","M","M","M","R","M","M","T","?","?","M","R","?","R","BOSS"],"build_version":"2018-09-20","purchased_purges":0,"victory":true,"max_hp_per_floor":[75,75,75,75,75,75,69,69,69,69,69,69,69,69,69,69,69,69,69,69,69,69,69,69,69,69,69,69,69,69,69,69,69,69,69,69,69,69,69,69,69,69,69,69,69,69,69,69,69,69],"card_choices":[{"not_picked":["Sweeping Beam","Steam"],"picked":"Self Repair","floor":1},{"not_picked":["BootSequence","Storm"],"picked":"Chaos","floor":2},{"not_picked":["Conserve Battery","Streamline"],"picked":"Darkness","floor":3},{"not_picked":["Sweeping Beam","Steam"],"picked":"Coolheaded","floor":4},{"not_picked":["Static Discharge","Self Repair"],"picked":"Seek","floor":5},{"not_picked":["Rebound","Compile Driver"],"picked":"Leap","floor":8},{"not_picked":["Chill","Recycle"],"picked":"Barrage","floor":11},{"not_picked":["Coolheaded","Self Repair"],"picked":"Static Discharge","floor":12},{"not_picked":["Static Discharge","Turbo"],"picked":"Redo","floor":14},{"not_picked":["Thunder Strike","Biased Cognition"],"picked":"Electrodynamics","floor":16},{"not_picked":["Steam Power","Skim"],"picked":"Self Repair","floor":18},{"not_picked":["Streamline","Coolheaded"],"picked":"Cold Snap+1","floor":19},{"not_picked":["Stack","Redo"],"picked":"Go for the Eyes+1","floor":24},{"not_picked":["Reinforced Body","Stack"],"picked":"Hologram","floor":24},{"not_picked":["Streamline","Cold Snap"],"picked":"Coolheaded+1","floor":27},{"not_picked":["Go for the Eyes","Stack"],"picked":"Leap","floor":27},{"not_picked":["Reprogram+1","Leap","FTL"],"picked":"SKIP","floor":29},{"not_picked":["Doom and Gloom","Amplify","Rebound"],"picked":"SKIP","floor":29},{"not_picked":["Steam Power","Stack"],"picked":"Conserve Battery+1","floor":31},{"not_picked":["Skim","Reinforced Body","Hello World"],"picked":"SKIP","floor":31},{"not_picked":["Electrodynamics","Biased Cognition"],"picked":"Buffer","floor":33},{"not_picked":["Rebound+1","Beam Cell"],"picked":"Leap+1","floor":35},{"not_picked":["Melter+1","Coolheaded"],"picked":"Redo+1","floor":35},{"not_picked":["Barrage+1","Compile Driver+1"],"picked":"Tempest+1","floor":37},{"not_picked":["Genetic Algorithm","Coolheaded"],"picked":"Undo+1","floor":37},{"not_picked":["Recycle+1","Sunder","Streamline+1"],"picked":"SKIP","floor":38},{"not_picked":["Go for the Eyes+1","Sweeping Beam+1","Barrage"],"picked":"SKIP","floor":38},{"not_picked":["Streamline","Double Energy"],"picked":"Hologram+1","floor":39},{"not_picked":["Streamline+1","Stack","Coolheaded"],"picked":"SKIP","floor":39},{"not_picked":["Steam","Buffer"],"picked":"Loop","floor":41},{"not_picked":["Rebound+1","Stack","Cold Snap+1"],"picked":"SKIP","floor":41},{"not_picked":["Scrape+1","Recycle+1"],"picked":"Loop+1","floor":42},{"not_picked":["Capacitor","Blizzard+1"],"picked":"Conserve Battery+1","floor":42},{"not_picked":["White Noise","Barrage"],"picked":"Redo+1","floor":46},{"not_picked":["Turbo+1","Undo"],"picked":"Go for the Eyes+1","floor":46}],"player_experience":714674,"relics_obtained":[{"floor":8,"key":"War Paint"},{"floor":9,"key":"Emotion Chip"},{"floor":20,"key":"Bronze Scales"},{"floor":26,"key":"Whetstone"},{"floor":43,"key":"Ancient Tea Set"},{"floor":48,"key":"Vajra"}],"event_choices":[{"event_name":"Golden Idol","player_choice":"Lose Max HP","floor":7,"damage_taken":0},{"event_name":"Ghosts","player_choice":"Ignored","floor":21,"damage_taken":0},{"event_name":"Addict","player_choice":"Obtained Relic","floor":22,"damage_taken":0},{"event_name":"The Lab","player_choice":"Got Potions","floor":45,"damage_taken":0}],"is_beta":false,"boss_relics":[{"not_picked":["Astrolabe","White Beast Statue"],"picked":"Inserter"},{"not_picked":["Empty Cage","Orrery"],"picked":"Runic Dome"}],"items_purged_floors":[],"is_endless":false,"potions_floor_spawned":[1,4,5,11,12,18,19,27,33,35,37,41,46],"ascension_level":10}