{"gold_per_floor":[113,123,137,57,67,67,83,83,83,83,95,18,52,52,52,127,127,146,73,73,47,65,65,65],"floor_reached":24,"playtime":666,"items_purged":[],"score":343,"play_id":"e4b4f3d7-723a-44a3-af95-e39250294ecd","local_time":"20180714234355","daily_mods":["Binary"],"is_ascension_mode":true,"campfire_choices":[{"data":"Defragment","floor":6.0,"key":"SMITH"},{"floor":8.0,"key":"REST"},{"data":"Zap","floor":10.0,"key":"SMITH"},{"floor":15,"key":"REST"},{"floor":23,"key":"REST"}],"neow_cost":"","seed_source_timestamp":0,"circlet_count":0,"master_deck":["Strike_B","Strike_B+1","Strike_B","Strike_B+1","Defend_B","Defend_B","Defend_B","Defend_B","Zap+1","Dualcast","AscendersBane","Defragment+1","Hello World+1","Capacitor","Coolheaded"],"special_seed":0,"relics":["Cracked Core","Busted Crown","Ornamental Fan","Whetstone","Orrery"],"potions_floor_usage":[24],"damage_taken":[{"damage":2.0,"enemies":"Jaw Worm","floor":1.0,"turns":3.0},{"damage":0.0,"enemies":"2 Louse","floor":2.0,"turns":2.0},{"damage":5.0,"enemies":"Small Slimes","floor":3.0,"turns":2.0},{"damage":16.0,"enemies":"3 Louse","floor":5.0,"turns":3.0},{"damage":0.0,"enemies":"Red Slaver","floor":7.0,"turns":3.0},{"damage":7.0,"enemies":"2 Fungi Beasts","floor":11.0,"turns":3.0},{"damage":26,"enemies":"3 Sentries","floor":13,"turns":8},{"damage":24,"enemies":"Slime Boss","floor":16,"turns":9},{"damage":6,"enemies":"3 Byrds","floor":18,"turns":7},{"damage":14,"enemies":"Shell Parasite","floor":22,"turns":7},{"damage":64,"enemies":"Book of Stabbing","floor":24,"turns":7}],"seed_played":"9204339933784800607","potions_obtained":[{"floor":11.0,"key":"Ancient Potion"},{"floor":16,"key":"PowerPotion"}],"is_trial":true,"path_per_floor":["M","M","M","$","M","R","M","R","T","R","M","$","E","?","R","B",null,"M","$","?","$","M","R"],"character_chosen":"DEFECT","items_purchased":["Defragment","Hello World","Capacitor","Coolheaded"],"campfire_rested":3,"item_purchase_floors":[4,12,19,21],"current_hp_per_floor":[62,62,57,57,41,41,41,62,62,62,55,55,29,29,50,26,60,54,54,54,54,40,61,0],"gold":65,"neow_bonus":"","is_prod":false,"is_daily":false,"chose_seed":false,"campfire_upgraded":2,"win_rate":0,"timestamp":1531637035,"path_taken":["M","M","M","$","M","R","M","R","T","R","M","$","E","?","R","BOSS","M","$","?","$","M","R","E"],"build_version":"2018-07-13","purchased_purges":0,"victory":false,"max_hp_per_floor":[71,71,71,71,71,71,71,71,71,71,71,71,71,71,71,71,71,71,71,71,71,71,71,71],"card_choices":[],"player_experience":651431,"relics_obtained":[{"floor":9.0,"key":"Ornamental Fan"},{"floor":13,"key":"Whetstone"}],"event_choices":[{"event_name":"Golden Wing","player_choice":"Ignored","floor":14,"damage_taken":0},{"event_name":"Upgrade Shrine","player_choice":"Upgraded","floor":20,"damage_taken":0}],"boss_relics":[{"not_picked":["Velvet Choker","Coffee Dripper"],"picked":"Orrery"}],"items_purged_floors":[],"is_endless":false,"potions_floor_spawned":[11,16,18],"killed_by":"Book of Stabbing","ascension_level":15}