{"gold_per_floor":[117,117,137,155,155,155,179,179,179,13,13,13,57,73,73,162,162,185,66,90,90],"floor_reached":21,"playtime":1056,"items_purged":[],"score":358,"play_id":"393ce6de-cf5a-4224-8a9a-ca0352cd4a2b","local_time":"20181014224314","is_ascension_mode":true,"campfire_choices":[{"data":"Skewer","floor":6.0,"key":"SMITH"},{"data":"Backstab","floor":8.0,"key":"SMITH"},{"data":"Underhanded Strike","floor":12.0,"key":"SMITH"},{"data":"Sucker Punch","floor":15.0,"key":"SMITH"}],"neow_cost":"NONE","seed_source_timestamp":135925241581966,"circlet_count":0,"master_deck":["Defend_G","Defend_G","Defend_G","Defend_G","Defend_G","Strike_G","Strike_G","Strike_G","Strike_G","Strike_G","Survivor","Neutralize+1","AscendersBane","Skewer+1","Underhanded Strike+1","Backstab+1","Injury","All Out Attack","Sucker Punch+1","Underhanded Strike","Die Die Die","Tactician","Acrobatics","Noxious Fumes","Leg Sweep"],"special_seed":0,"relics":["HoveringKite","Golden Idol","Happy Flower","PreservedInsect","Singing Bowl","Sozu"],"potions_floor_usage":[],"damage_taken":[{"damage":11.0,"enemies":"Small Slimes","floor":1.0,"turns":6.0},{"damage":0.0,"enemies":"Jaw Worm","floor":3.0,"turns":3.0},{"damage":0.0,"enemies":"Cultist","floor":4.0,"turns":2.0},{"damage":0.0,"enemies":"Looter","floor":7.0,"turns":1.0},{"damage":5.0,"enemies":"3 Sentries","floor":13.0,"turns":3.0},{"damage":4.0,"enemies":"Exordium Wildlife","floor":14.0,"turns":2.0},{"damage":30.0,"enemies":"Slime Boss","floor":16.0,"turns":8.0},{"damage":0.0,"enemies":"Spheric Guardian","floor":18.0,"turns":1.0},{"damage":33.0,"enemies":"2 Thieves","floor":20.0,"turns":4.0},{"damage":21,"enemies":"Colosseum Slavers","floor":21,"turns":2}],"seed_played":"2166049805643005189","potions_obtained":[{"floor":1.0,"key":"Poison Potion"},{"floor":3.0,"key":"Poison Potion"},{"floor":13.0,"key":"FearPotion"},{"floor":16.0,"key":"LiquidBronze"}],"is_trial":false,"path_per_floor":["M","?","M","M","?","R","M","R","T","$","?","R","E","M","R","B",null,"M","$","M"],"character_chosen":"THE_SILENT","items_purchased":["PreservedInsect","Acrobatics","Noxious Fumes"],"campfire_rested":0,"item_purchase_floors":[10,19,19],"current_hp_per_floor":[48,48,48,48,48,48,48,48,48,48,48,48,43,39,39,9,52,52,52,19,0],"gold":90,"neow_bonus":"BOSS_RELIC","is_prod":false,"is_daily":false,"chose_seed":false,"campfire_upgraded":4,"win_rate":0,"timestamp":1539549794,"path_taken":["M","?","?","M","?","R","M","R","T","$","?","R","E","?","R","BOSS","M","$","?","?"],"build_version":"2018-10-11","purchased_purges":0,"victory":false,"max_hp_per_floor":[66,66,66,66,66,66,66,66,66,66,66,66,66,66,66,66,66,66,66,66,66],"card_choices":[{"not_picked":["Riddle With Holes","All Out Attack"],"picked":"Skewer","floor":1.0},{"not_picked":["Escape Plan","Well Laid Plans"],"picked":"Underhanded Strike","floor":3.0},{"not_picked":["Cloak And Dagger","Slice"],"picked":"Backstab","floor":4.0},{"not_picked":["Calculated Gamble","Bane"],"picked":"All Out Attack","floor":7.0},{"not_picked":["Deadly Poison","Dagger Spray"],"picked":"Sucker Punch","floor":13.0},{"not_picked":["Well Laid Plans","Poisoned Stab"],"picked":"Underhanded Strike","floor":14.0},{"not_picked":["Glass Knife","Night Terror"],"picked":"Die Die Die","floor":16.0},{"not_picked":["Dodge and Roll","Flying Knee"],"picked":"Tactician","floor":18.0},{"not_picked":["Backstab","Catalyst"],"picked":"Leg Sweep","floor":20.0}],"player_experience":1443805,"relics_obtained":[{"floor":9.0,"key":"Happy Flower"},{"floor":13.0,"key":"Singing Bowl"}],"event_choices":[{"event_name":"Liars Game","player_choice":"disagreed","floor":2.0,"damage_taken":0.0},{"event_name":"Golden Idol","player_choice":"Take Wound","floor":5.0,"damage_taken":0.0},{"event_name":"Living Wall","player_choice":"Grow","floor":11.0,"damage_taken":0.0},{"event_name":"Colosseum","player_choice":"Fight","floor":21,"damage_taken":0}],"is_beta":false,"boss_relics":[{"not_picked":["Ectoplasm","Busted Crown"],"picked":"Sozu"}],"items_purged_floors":[],"is_endless":false,"potions_floor_spawned":[1,3,4,13,16,18,20],"killed_by":"Colosseum Slavers","ascension_level":20}