{"gold_per_floor":[115,115,129,148,148,148,180,58,58,58,83,83,97,110,110,187,187,199,289,306,556,163,163,163],"floor_reached":24,"playtime":651,"items_purged":["Regret"],"score":357,"play_id":"058ad8ed-88ce-43cf-a161-2a94d898eeb4","local_time":"20180714124004","daily_mods":["Binary"],"is_ascension_mode":true,"campfire_choices":[{"data":"Zap","floor":6.0,"key":"SMITH"},{"data":"Capacitor","floor":10.0,"key":"SMITH"},{"data":"Glacier","floor":15.0,"key":"SMITH"},{"floor":23.0,"key":"REST"}],"neow_cost":"","seed_source_timestamp":0,"circlet_count":0,"master_deck":["Strike_B","Strike_B","Strike_B","Strike_B","Defend_B","Defend_B","Defend_B","Zap+1","Dualcast","AscendersBane","Glacier+1","Capacitor+1","Redo","Leap","Self Repair","Chrysalis"],"special_seed":0,"relics":["Cracked Core","Busted Crown","Symbiotic Virus","Juzu Bracelet","Bag of Marbles","Calipers","Sozu"],"potions_floor_usage":[],"damage_taken":[{"damage":0.0,"enemies":"2 Louse","floor":1.0,"turns":2.0},{"damage":2.0,"enemies":"Jaw Worm","floor":3.0,"turns":3.0},{"damage":2.0,"enemies":"Small Slimes","floor":4.0,"turns":3.0},{"damage":14.0,"enemies":"Gremlin Nob","floor":7.0,"turns":5.0},{"damage":7.0,"enemies":"Lagavulin","floor":11.0,"turns":7.0},{"damage":3.0,"enemies":"Blue Slaver","floor":13.0,"turns":3.0},{"damage":0.0,"enemies":"Large Slime","floor":14.0,"turns":6.0},{"damage":5.0,"enemies":"The Guardian","floor":16.0,"turns":11.0},{"damage":5.0,"enemies":"Shell Parasite","floor":18.0,"turns":5.0},{"damage":18.0,"enemies":"2 Thieves","floor":20.0,"turns":4.0},{"damage":57,"enemies":"Chosen and Byrds","floor":24,"turns":9}],"seed_played":"-5811394403577389059","potions_obtained":[{"floor":3.0,"key":"EssenceOfSteel"},{"floor":16.0,"key":"Dexterity Potion"}],"is_trial":true,"path_per_floor":["M","$","M","M","?","R","E","$","T","R","E","?","M","M","R","B",null,"M","?","M","?","$","R"],"character_chosen":"DEFECT","items_purchased":["Capacitor","Redo","Leap","Self Repair","Chrysalis"],"campfire_rested":1,"item_purchase_floors":[8,8,22,22,22],"current_hp_per_floor":[64,64,62,60,60,60,46,46,46,46,39,34,31,31,31,26,60,55,41,23,23,23,44,0],"gold":163,"neow_bonus":"","is_prod":false,"is_daily":false,"chose_seed":false,"campfire_upgraded":3,"win_rate":0,"timestamp":1531597204,"path_taken":["M","$","M","M","?","R","E","$","T","R","E","?","M","M","R","BOSS","M","?","M","?","$","R","M"],"build_version":"2018-07-13","purchased_purges":1,"victory":false,"max_hp_per_floor":[71,71,71,71,71,71,71,71,71,71,71,71,71,71,71,71,71,71,71,71,71,71,71,71],"card_choices":[],"player_experience":636425,"relics_obtained":[{"floor":7.0,"key":"Symbiotic Virus"},{"floor":9.0,"key":"Juzu Bracelet"},{"floor":11.0,"key":"Bag of Marbles"}],"event_choices":[{"event_name":"Living Wall","player_choice":"Change","floor":5.0,"damage_taken":0.0},{"event_name":"Scrap Ooze","player_choice":"success","floor":12.0,"damage_taken":5.0},{"event_name":"Knowing Skull","player_choice":"GOLD ","floor":19.0,"damage_taken":0.0},{"event_name":"Golden Shrine","player_choice":"Desecrate","floor":21.0,"damage_taken":0.0}],"boss_relics":[{"not_picked":["Black Star","Fusion Hammer"],"picked":"Sozu"}],"items_purged_floors":[22],"is_endless":false,"potions_floor_spawned":[3,16,20],"killed_by":"Chosen and Byrds","ascension_level":15}