{"gold_per_floor":[147,147,147,165,65,65,84,94,163,163,180,193,193,193,193,193],"floor_reached":16,"playtime":347,"items_purged":[],"score":161,"play_id":"501e9734-8c9d-4ae0-8a00-0dd3b4e31fe2","local_time":"20180716225729","is_ascension_mode":true,"campfire_choices":[{"data":"Chill","floor":6,"key":"SMITH"},{"data":"Hologram","floor":10,"key":"SMITH"},{"data":"Defragment","floor":15,"key":"SMITH"}],"neow_cost":"NONE","seed_source_timestamp":0,"circlet_count":0,"master_deck":["Strike_B+1","Strike_B","Strike_B","Strike_B","Defend_B","Defend_B","Defend_B","Zap","Dualcast","AscendersBane","Chill+1","Conserve Battery","Hologram+1","Beam Cell","Leap","Sweeping Beam","Rebound","Streamline","Defragment+1"],"special_seed":0,"relics":["Tiny House","Centennial Puzzle","Symbiotic Virus","Golden Idol","Mercury Hourglass"],"potions_floor_usage":[11,12],"damage_taken":[{"damage":7.0,"enemies":"Jaw Worm","floor":1.0,"turns":4.0},{"damage":8,"enemies":"Small Slimes","floor":4,"turns":3},{"damage":5,"enemies":"Cultist","floor":7,"turns":4},{"damage":0,"enemies":"Large Slime","floor":8,"turns":5},{"damage":0,"enemies":"Lots of Slimes","floor":11,"turns":1},{"damage":0,"enemies":"Gremlin Gang","floor":12,"turns":3},{"damage":42,"enemies":"Hexaghost","floor":16,"turns":9}],"seed_played":"-1409512526092614869","potions_obtained":[{"floor":0.0,"key":"Explosive Potion"},{"floor":1.0,"key":"Explosive Potion"}],"is_trial":false,"path_per_floor":["M","?","?","M","$","R","M","M","T","R","M","M","?","T","R"],"character_chosen":"DEFECT","items_purchased":["Beam Cell","Leap"],"campfire_rested":0,"item_purchase_floors":[5,5],"current_hp_per_floor":[62,51,51,43,43,43,38,38,38,38,38,38,38,38,38,0],"gold":193,"neow_bonus":"BOSS_RELIC","is_prod":false,"is_daily":false,"chose_seed":false,"campfire_upgraded":3,"win_rate":0,"timestamp":1531807049,"path_taken":["M","?","?","?","$","R","M","M","T","R","?","M","?","?","R","BOSS"],"build_version":"2018-07-13","purchased_purges":0,"victory":false,"max_hp_per_floor":[76,76,76,76,76,76,76,76,76,76,76,76,69,69,69,69],"card_choices":[{"not_picked":["Streamline","Ball Lightning"],"picked":"Chill","floor":0.0},{"not_picked":["Capacitor","Stack"],"picked":"Conserve Battery","floor":1.0},{"not_picked":["FTL","Redo"],"picked":"Hologram","floor":4},{"not_picked":["Tempest","Go for the Eyes"],"picked":"Sweeping Beam","floor":7},{"not_picked":["Consume","Darkness"],"picked":"Rebound","floor":8},{"not_picked":["Ball Lightning","Cold Snap"],"picked":"Streamline","floor":11},{"not_picked":["Conserve Battery","Coolheaded"],"picked":"Defragment","floor":12}],"player_experience":675788,"relics_obtained":[{"floor":9,"key":"Symbiotic Virus"},{"floor":14,"key":"Mercury Hourglass"}],"event_choices":[{"event_name":"Scrap Ooze","player_choice":"success","floor":2,"damage_taken":11},{"event_name":"Purifier","player_choice":"One Purge","floor":3,"damage_taken":0},{"event_name":"Golden Idol","player_choice":"Lose Max HP","floor":13,"damage_taken":0}],"boss_relics":[],"items_purged_floors":[],"is_endless":false,"potions_floor_spawned":[1,8],"killed_by":"Hexaghost","ascension_level":15}