{"gold_per_floor":[218,218,228,228,228,228,247,276,328,353,372,399,411,8,8,81,81,91,91,106,124,138,170,183,218,218,31,46,46,62,95,95,174,174,184,194,194,194,208,240,252,264,289,289,634,634,0,16,16,16],"floor_reached":51,"playtime":3909,"items_purged":["Strike_B","Strike_B"],"score":1422,"play_id":"789485bf-f769-4560-8b82-a4c5d65163cf","local_time":"20180912221305","is_ascension_mode":true,"campfire_choices":[{"data":"Zap","floor":6.0,"key":"SMITH"},{"data":"Hologram","floor":15.0,"key":"SMITH"},{"data":"Redo","floor":29.0,"key":"SMITH"},{"data":"Turbo","floor":32,"key":"SMITH"},{"floor":44,"key":"REST"},{"floor":46,"key":"REST"},{"floor":49,"key":"REST"}],"neow_cost":"NONE","seed_source_timestamp":303777013099,"circlet_count":0,"master_deck":["Defend_B","Defend_B","Defend_B+1","Zap+1","Dualcast","AscendersBane","Cold Snap","White Noise+1","Hologram+1","Streamline","Ball Lightning","Self Repair+1","Stack","Buffer+1","Electrodynamics+1","Turbo+1","Redo+1","Glacier","Echo Form+1","Loop+1","Machine Learning+1","Loop+1","Loop+1","Creative AI+1","Echo Form+1","Loop+1","Turbo+1","Madness","Madness","Stack+1","Electrodynamics+1","Hologram+1","White Noise+1","Loop+1","Force Field"],"special_seed":0,"relics":["Cracked Core","Blood Vial","Mercury Hourglass","Frozen Egg 2","Bag of Marbles","Lantern","MawBank","DataDisk","Black Star","Orichalcum","Anchor","Happy Flower","War Paint","Dream Catcher","Ornamental Fan","Fusion Hammer","Boot","Bronze Scales","Omamori","Old Coin","Red Mask"],"potions_floor_usage":[42,50,50],"damage_taken":[{"damage":2.0,"enemies":"Cultist","floor":1.0,"turns":4.0},{"damage":0.0,"enemies":"2 Louse","floor":3.0,"turns":3.0},{"damage":2.0,"enemies":"Jaw Worm","floor":7.0,"turns":3.0},{"damage":2.0,"enemies":"3 Sentries","floor":8.0,"turns":2.0},{"damage":19.0,"enemies":"Lagavulin","floor":10.0,"turns":5.0},{"damage":0.0,"enemies":"Blue Slaver","floor":11.0,"turns":3.0},{"damage":6.0,"enemies":"Gremlin Nob","floor":12.0,"turns":3.0},{"damage":19.0,"enemies":"The Guardian","floor":16.0,"turns":8.0},{"damage":19.0,"enemies":"2 Thieves","floor":18.0,"turns":4.0},{"damage":3.0,"enemies":"Spheric Guardian","floor":20.0,"turns":3.0},{"damage":0.0,"enemies":"3 Cultists","floor":21.0,"turns":2.0},{"damage":9.0,"enemies":"Centurion and Healer","floor":22.0,"turns":4.0},{"damage":60.0,"enemies":"Book of Stabbing","floor":23.0,"turns":5.0},{"damage":0.0,"enemies":"Snake Plant","floor":24.0,"turns":3.0},{"damage":16.0,"enemies":"Gremlin Leader","floor":25.0,"turns":7.0},{"damage":0.0,"enemies":"Snecko","floor":28.0,"turns":4.0},{"damage":0.0,"enemies":"Chosen and Byrds","floor":30.0,"turns":6.0},{"damage":11.0,"enemies":"Slavers","floor":31.0,"turns":6.0},{"damage":11,"enemies":"Champ","floor":33,"turns":9},{"damage":0,"enemies":"Orb Walker","floor":35,"turns":3},{"damage":22,"enemies":"3 Darklings","floor":36,"turns":5},{"damage":14,"enemies":"Reptomancer","floor":39,"turns":6},{"damage":1,"enemies":"Giant Head","floor":40,"turns":8},{"damage":0,"enemies":"Maw","floor":41,"turns":6},{"damage":62,"enemies":"Spire Growth","floor":42,"turns":4},{"damage":34,"enemies":"Mysterious Sphere","floor":45,"turns":3},{"damage":0,"enemies":"Transient","floor":48,"turns":6},{"damage":60,"enemies":"Time Eater","floor":50,"turns":9}],"seed_played":"-3337412598571436901","potions_obtained":[{"floor":1.0,"key":"Energy Potion"},{"floor":3.0,"key":"LiquidBronze"},{"floor":10.0,"key":"SpeedPotion"},{"floor":18.0,"key":"Swift Potion"},{"floor":23.0,"key":"Ancient Potion"},{"floor":33,"key":"Swift Potion"},{"floor":42,"key":"FearPotion"},{"floor":48,"key":"FearPotion"}],"is_trial":false,"path_per_floor":["M","?","M","?","?","R","M","E","T","E","M","E","?","$","R","B",null,"M","?","M","M","M","E","M","E","T","$","M","R","M","E","R","B",null,"M","M","?","?","M","E","M","M","T","R","?","R","?","M","R","B"],"character_chosen":"DEFECT","items_purchased":["DataDisk","Buffer+1","Loop+1"],"campfire_rested":3,"item_purchase_floors":[14,14,27],"current_hp_per_floor":[62,62,62,51,51,51,51,51,51,41,43,49,49,49,49,42,64,67,67,71,71,62,14,33,53,53,53,71,71,71,67,67,68,70,71,59,46,46,44,55,71,19,19,40,8,29,29,41,62,14],"gold":16,"neow_bonus":"HUNDRED_GOLD","is_prod":false,"is_daily":false,"chose_seed":false,"campfire_upgraded":4,"win_rate":0,"timestamp":1536783185,"path_taken":["M","?","M","?","?","R","M","E","T","E","M","E","?","$","R","BOSS","M","?","M","M","M","E","M","E","T","$","M","R","M","E","R","BOSS","M","M","?","?","M","E","?","M","T","R","?","R","?","M","R","BOSS"],"build_version":"2018-09-06","purchased_purges":2,"victory":true,"max_hp_per_floor":[71,71,71,71,71,71,71,71,71,71,71,71,71,71,71,71,71,71,71,71,71,71,71,71,71,71,71,71,71,71,71,71,71,71,71,71,71,71,71,71,71,71,71,71,71,71,71,71,71,71],"card_choices":[{"not_picked":["Barrage","Conserve Battery"],"picked":"Cold Snap","floor":1.0},{"not_picked":["Darkness","Consume"],"picked":"White Noise","floor":3.0},{"not_picked":["Storm","Chaos"],"picked":"Hologram","floor":7.0},{"not_picked":["Fusion","Amplify"],"picked":"Streamline","floor":8.0},{"not_picked":["Go for the Eyes","Steam"],"picked":"Ball Lightning","floor":10.0},{"not_picked":["Go for the Eyes","Chill"],"picked":"Self Repair+1","floor":11.0},{"not_picked":["Barrage","Reinforced Body"],"picked":"Stack","floor":12.0},{"not_picked":["Rainbow","Multi-Cast"],"picked":"Electrodynamics+1","floor":16.0},{"not_picked":["Redo","Genetic Algorithm"],"picked":"Turbo","floor":18.0},{"not_picked":["Barrage","Conserve Battery"],"picked":"Glacier","floor":20.0},{"not_picked":["Static Discharge+1","Hologram"],"picked":"Echo Form+1","floor":21.0},{"not_picked":["Turbo","Rebound","Tempest"],"picked":"SKIP","floor":22.0},{"not_picked":["Fission","Beam Cell"],"picked":"Loop+1","floor":23.0},{"not_picked":["Auto Shields","Rebound","Aggregate"],"picked":"SKIP","floor":24.0},{"not_picked":["Stack","Skim"],"picked":"Machine Learning+1","floor":25.0},{"not_picked":["Storm+1","Barrage","Steam"],"picked":"SKIP","floor":28.0},{"not_picked":["Scrape","Redo"],"picked":"Loop+1","floor":30.0},{"not_picked":["Sweeping Beam","Coolheaded"],"picked":"Creative AI+1","floor":31},{"not_picked":["Multi-Cast","Hyperbeam"],"picked":"Echo Form+1","floor":33},{"not_picked":["Scrape","Glacier"],"picked":"Loop+1","floor":35},{"not_picked":["Recycle+1","White Noise"],"picked":"Turbo+1","floor":36},{"not_picked":["Lockon","Gash"],"picked":"Stack+1","floor":39},{"not_picked":["Melter","Ball Lightning"],"picked":"Electrodynamics+1","floor":40},{"not_picked":["Conserve Battery+1","Cold Snap+1"],"picked":"Hologram+1","floor":41},{"not_picked":["Leap","Melter+1","Gash"],"picked":"SKIP","floor":42},{"not_picked":["Tempest+1","Rebound"],"picked":"White Noise+1","floor":44},{"not_picked":["Barrage+1","Doom and Gloom"],"picked":"Loop+1","floor":46},{"not_picked":["Conserve Battery","Cold Snap+1","Heatsinks+1"],"picked":"SKIP","floor":48},{"not_picked":["Skim","Rebound"],"picked":"Force Field","floor":49}],"player_experience":954137,"relics_obtained":[{"floor":8.0,"key":"Frozen Egg 2"},{"floor":9.0,"key":"Bag of Marbles"},{"floor":10.0,"key":"Lantern"},{"floor":12.0,"key":"MawBank"},{"floor":23.0,"key":"Orichalcum"},{"floor":23.0,"key":"Anchor"},{"floor":25.0,"key":"Happy Flower"},{"floor":25.0,"key":"War Paint"},{"floor":26.0,"key":"Dream Catcher"},{"floor":31,"key":"Ornamental Fan"},{"floor":40,"key":"Boot"},{"floor":40,"key":"Bronze Scales"},{"floor":43,"key":"Omamori"},{"floor":45,"key":"Old Coin"}],"event_choices":[{"event_name":"Bonfire Elementals","player_choice":"BASIC","floor":2.0,"damage_taken":0.0},{"event_name":"Scrap Ooze","player_choice":"success","floor":4.0,"damage_taken":11.0},{"event_name":"WeMeetAgain","player_choice":"Potion","floor":5.0,"damage_taken":0.0},{"event_name":"Living Wall","player_choice":"Grow","floor":13.0,"damage_taken":0.0},{"event_name":"Transmorgrifier","player_choice":"Transform","floor":19.0,"damage_taken":0.0},{"event_name":"Winding Halls","player_choice":"Embrace Madness","floor":37,"damage_taken":0},{"event_name":"Falling","player_choice":"Removed Skill","floor":38,"damage_taken":0},{"event_name":"Mysterious Sphere","player_choice":"Fight","floor":45,"damage_taken":0},{"event_name":"Tomb of Lord Red Mask","player_choice":"Paid","floor":47,"damage_taken":0}],"is_beta":false,"boss_relics":[{"not_picked":["Busted Crown","Runic Pyramid"],"picked":"Black Star"},{"not_picked":["FrozenCore","Runic Dome"],"picked":"Fusion Hammer"}],"items_purged_floors":[14,27],"is_endless":false,"potions_floor_spawned":[1,3,10,11,16,18,21,23,33,36,42,48],"ascension_level":18}