{"gold_per_floor":[117,129,304,304,304,329,346,346,346,21,21,55,72,85,85,183,183,197,197,122,140,140,140,20,32,32,32,32,52,65,81,81,81],"floor_reached":33,"playtime":2001,"items_purged":["Doubt"],"score":257,"play_id":"0f64c769-f42b-4356-a4e3-6724ffd59da8","local_time":"20190104215721","is_ascension_mode":false,"campfire_choices":[{"floor":8,"key":"REST"},{"data":"Flame Barrier","floor":11,"key":"SMITH"},{"floor":15,"key":"REST"},{"floor":23,"key":"REST"},{"floor":27,"key":"REST"},{"floor":32,"key":"REST"}],"neow_cost":"TEN_PERCENT_HP_LOSS","seed_source_timestamp":354949246234377,"circlet_count":0,"master_deck":["Strike_R","Strike_R","Strike_R","Strike_R","Strike_R","Defend_R+1","Defend_R","Defend_R","Defend_R","Bash+1","Good Instincts","Panacea","Iron Wave","Iron Wave","Iron Wave","Flame Barrier+1","Flex","Feel No Pain","Seeing Red+1","Spot Weakness+1","Limit Break+1","Infernal Blade+1","Cleave","Sword Boomerang","Sentinel+1","Heavy Blade","Infernal Blade+1","Heavy Blade+1","Fire Breathing","Inflame"],"relics":["Black Blood","FaceOfCleric","Darkstone Periapt","Gremlin Horn","Medical Kit","Toxic Egg 2","Nilry\u0027s Codex","Self Forming Clay"],"potions_floor_usage":[6,16,18,25,33,33],"damage_taken":[{"damage":6,"enemies":"2 Louse","floor":1,"turns":3},{"damage":2,"enemies":"Small Slimes","floor":2,"turns":4},{"damage":35,"enemies":"Lagavulin","floor":6,"turns":7},{"damage":1,"enemies":"Cultist","floor":7,"turns":4},{"damage":35,"enemies":"3 Sentries","floor":12,"turns":10},{"damage":0,"enemies":"Exordium Wildlife","floor":13,"turns":5},{"damage":0,"enemies":"2 Fungi Beasts","floor":14,"turns":5},{"damage":41,"enemies":"Hexaghost","floor":16,"turns":10},{"damage":3,"enemies":"3 Byrds","floor":18,"turns":2},{"damage":52,"enemies":"Spheric Guardian","floor":21,"turns":8},{"damage":51,"enemies":"Cultist and Chosen","floor":25,"turns":7},{"damage":5,"enemies":"Snecko","floor":29,"turns":6},{"damage":15,"enemies":"Sentry and Sphere","floor":30,"turns":4},{"damage":26,"enemies":"3 Cultists","floor":31,"turns":4},{"damage":65,"enemies":"Collector","floor":33,"turns":7}],"seed_played":"6661596209044520255","potions_obtained":[{"floor":1,"key":"Strength Potion"},{"floor":12,"key":"EssenceOfSteel"},{"floor":14,"key":"Block Potion"},{"floor":21,"key":"PowerPotion"},{"floor":30,"key":"EssenceOfSteel"},{"floor":31,"key":"Strength Potion"}],"is_trial":false,"path_per_floor":["M","M","?","?","?","E","M","R","T","$","R","E","M","M","R","B",null,"M","?","?","M","?","R","$","M","T","R","?","M","M","M","R","B"],"character_chosen":"IRONCLAD","items_purchased":["Medical Kit","Flex","Sword Boomerang","Sentinel+1"],"campfire_rested":5,"item_purchase_floors":[10,10,24,24],"current_hp_per_floor":[72,72,72,58,58,30,36,58,58,58,58,30,37,44,67,33,78,79,85,85,44,28,53,53,13,13,39,39,45,41,26,53,0],"gold":81,"neow_bonus":"RANDOM_COLORLESS_2","is_prod":false,"is_daily":false,"chose_seed":false,"campfire_upgraded":1,"win_rate":0,"timestamp":1546592241,"path_taken":["M","M","?","?","?","E","M","R","T","$","R","E","?","M","R","BOSS","M","?","?","M","?","R","$","M","T","R","?","M","M","?","R","BOSS"],"build_version":"2019-01-03v3","purchased_purges":1,"victory":false,"max_hp_per_floor":[72,72,72,72,72,73,74,74,74,74,74,75,76,77,77,78,78,79,85,85,86,86,86,86,87,87,87,87,88,89,90,90,90],"card_choices":[{"not_picked":["Warcry","Pommel Strike"],"picked":"Iron Wave","floor":1},{"not_picked":["Pommel Strike","Whirlwind"],"picked":"Iron Wave","floor":2},{"not_picked":["Second Wind","Reckless Charge"],"picked":"Iron Wave","floor":6},{"not_picked":["Clothesline","Body Slam"],"picked":"Flame Barrier","floor":7},{"not_picked":["Anger","Body Slam"],"picked":"Feel No Pain","floor":12},{"not_picked":["Combust","Pummel"],"picked":"Seeing Red+1","floor":13},{"not_picked":["Seeing Red+1","Wild Strike"],"picked":"Spot Weakness+1","floor":14},{"not_picked":["Brutality","Offering+1"],"picked":"Limit Break+1","floor":16},{"not_picked":["Body Slam","Clash"],"picked":"Infernal Blade+1","floor":18},{"not_picked":["Body Slam","Perfected Strike+1"],"picked":"Cleave","floor":21},{"not_picked":["Bloodletting+1","Havoc+1"],"picked":"Heavy Blade","floor":25},{"not_picked":["Hemokinesis","Perfected Strike"],"picked":"Heavy Blade+1","floor":29},{"not_picked":["Intimidate+1","Clothesline"],"picked":"Fire Breathing","floor":30},{"not_picked":["Twin Strike","Dropkick"],"picked":"Inflame","floor":31}],"player_experience":550979,"relics_obtained":[{"floor":6,"key":"Darkstone Periapt"},{"floor":9,"key":"Gremlin Horn"},{"floor":12,"key":"Toxic Egg 2"},{"floor":22,"key":"Nilry\u0027s Codex"},{"floor":26,"key":"Self Forming Clay"}],"event_choices":[{"damage_healed":0,"gold_gain":175,"player_choice":"AGREE","damage_taken":0,"max_hp_gain":0,"max_hp_loss":0,"event_name":"Liars Game","floor":3,"gold_loss":0,"cards_obtained":["Doubt"]},{"damage_healed":0,"gold_gain":0,"player_choice":"Entered Light","damage_taken":14,"max_hp_gain":0,"max_hp_loss":0,"event_name":"Shining Light","floor":4,"gold_loss":0,"cards_upgraded":["Bash","Defend_R"]},{"damage_healed":0,"gold_gain":0,"player_choice":"Trade","damage_taken":0,"relics_obtained":["FaceOfCleric"],"max_hp_gain":0,"max_hp_loss":0,"event_name":"FaceTrader","floor":5,"gold_loss":0},{"damage_healed":0,"gold_gain":0,"player_choice":"Smashed Altar","damage_taken":0,"max_hp_gain":0,"max_hp_loss":0,"event_name":"Forgotten Altar","floor":19,"gold_loss":0,"cards_obtained":["Decay"]},{"cards_removed":["Decay"],"damage_healed":0,"gold_gain":0,"player_choice":"Gave Gold","damage_taken":0,"max_hp_gain":0,"max_hp_loss":0,"event_name":"Beggar","floor":20,"gold_loss":75},{"damage_healed":0,"gold_gain":0,"player_choice":"Obtained Book","damage_taken":16,"max_hp_gain":0,"max_hp_loss":0,"event_name":"Cursed Tome","floor":22,"gold_loss":0},{"damage_healed":0,"gold_gain":0,"player_choice":"Copied","damage_taken":0,"max_hp_gain":0,"max_hp_loss":0,"event_name":"Duplicator","floor":28,"gold_loss":0,"cards_obtained":["Infernal Blade"]}],"is_beta":false,"boss_relics":[{"not_picked":["Fusion Hammer","Coffee Dripper"],"picked":"Black Blood"}],"items_purged_floors":[10],"is_endless":false,"potions_floor_spawned":[1,12,14,21,30,31],"killed_by":"Collector","ascension_level":0}