{"gold_per_floor":[109,122,133,143,153,171,505,505,555,76,76,95,95,106,106,182,182,200,211,261,45,0,0,35,35,35,55,80,80,90,109,109,185,185,204,221,221,221,84,84,84,100,179,179,198,18,0,16,16,16],"floor_reached":51,"playtime":2762,"items_purged":["Strike_G","Strike_G","Strike_G"],"score":1171,"play_id":"1da0a0c4-7b49-4bbf-8833-94c45db1718a","local_time":"20190130220033","is_ascension_mode":true,"campfire_choices":[{"data":"Predator","floor":8.0,"key":"SMITH"},{"data":"Skewer","floor":11.0,"key":"SMITH"},{"data":"Neutralize","floor":13.0,"key":"SMITH"},{"floor":15.0,"key":"REST"},{"data":"Phantasmal Killer","floor":23.0,"key":"SMITH"},{"data":"Footwork","floor":25.0,"key":"SMITH"},{"floor":29.0,"key":"REST"},{"data":"Leg Sweep","floor":32.0,"key":"SMITH"},{"floor":40.0,"key":"REST"},{"floor":49,"key":"REST"}],"neow_cost":"NONE","seed_source_timestamp":510890933420423,"circlet_count":0,"master_deck":["AscendersBane","Defend_G","Defend_G","Defend_G","Defend_G","Defend_G","Strike_G","Survivor","Neutralize+1","Phantasmal Killer+1","Crippling Poison","Sucker Punch+1","Predator+1","Slice","Skewer+1","Backstab","Backstab+1","Leg Sweep+1","Blur","Doppelganger","Blur","Slice","Footwork+1","Dash","Concentrate+1","Doppelganger","Backflip+1","Escape Plan","Acrobatics","Escape Plan+1","Acrobatics+1"],"special_seed":0,"relics":["Ring of the Serpent","Old Coin","Oddly Smooth Stone","Thread and Needle","Busted Crown","Whetstone","Darkstone Periapt","Bag of Marbles","Bottled Flame","Red Mask"],"potions_floor_usage":[50,50],"damage_taken":[{"damage":3.0,"enemies":"Cultist","floor":1.0,"turns":5.0},{"damage":2.0,"enemies":"Jaw Worm","floor":2.0,"turns":8.0},{"damage":1.0,"enemies":"Small Slimes","floor":3.0,"turns":4.0},{"damage":4.0,"enemies":"Blue Slaver","floor":4.0,"turns":5.0},{"damage":3.0,"enemies":"Gremlin Gang","floor":5.0,"turns":5.0},{"damage":3.0,"enemies":"Looter","floor":6.0,"turns":4.0},{"damage":25.0,"enemies":"Gremlin Nob","floor":7.0,"turns":4.0},{"damage":0.0,"enemies":"Red Slaver","floor":12.0,"turns":3.0},{"damage":0.0,"enemies":"Large Slime","floor":14.0,"turns":3.0},{"damage":30.0,"enemies":"The Guardian","floor":16.0,"turns":12.0},{"damage":0.0,"enemies":"Chosen","floor":18.0,"turns":3.0},{"damage":1.0,"enemies":"Shell Parasite","floor":19.0,"turns":5.0},{"damage":21.0,"enemies":"Gremlin Leader","floor":24.0,"turns":6.0},{"damage":0.0,"enemies":"Chosen and Byrds","floor":27.0,"turns":6.0},{"damage":6.0,"enemies":"Centurion and Healer","floor":30.0,"turns":4.0},{"damage":0.0,"enemies":"Shelled Parasite and Fungi","floor":31.0,"turns":3.0},{"damage":27.0,"enemies":"Automaton","floor":33.0,"turns":17.0},{"damage":8.0,"enemies":"Orb Walker","floor":35.0,"turns":3.0},{"damage":10.0,"enemies":"3 Shapes","floor":36.0,"turns":5.0},{"damage":0.0,"enemies":"Transient","floor":37.0,"turns":1.0},{"damage":8,"enemies":"Writhing Mass","floor":42,"turns":10},{"damage":0,"enemies":"Spire Growth","floor":45,"turns":6},{"damage":2,"enemies":"Sphere and 2 Shapes","floor":48,"turns":6},{"damage":44,"enemies":"Time Eater","floor":50,"turns":19}],"seed_played":"8615683859244104290","potions_obtained":[{"floor":3.0,"key":"Poison Potion"},{"floor":5.0,"key":"GamblersBrew"},{"floor":7.0,"key":"Weak Potion"},{"floor":16.0,"key":"FearPotion"},{"floor":18.0,"key":"SmokeBomb"},{"floor":27.0,"key":"Dexterity Potion"}],"is_trial":false,"path_per_floor":["M","M","M","M","M","M","E","R","T","$","R","M","R","M","R","B",null,"M","M","?","$","?","R","E","R","T","M","T","R","M","M","R","B",null,"M","M","M","?","$","R","?","M","T","?","M","$","?","M","R","B",null],"character_chosen":"THE_SILENT","items_purchased":["Thread and Needle","Leg Sweep","Footwork","Dash","Escape Plan","Acrobatics","Strength Potion"],"campfire_rested":4,"item_purchase_floors":[10,10,21,21,39,39,46],"current_hp_per_floor":[56,54,53,49,46,43,18,18,18,18,18,18,18,18,37,7,51,51,50,50,50,50,50,29,29,29,29,29,48,42,42,42,15,53,45,35,35,35,35,54,54,46,46,46,46,46,46,44,63,19],"gold":16,"neow_bonus":"ONE_RANDOM_RARE_CARD","is_prod":false,"is_daily":false,"chose_seed":false,"campfire_upgraded":6,"win_rate":0,"timestamp":1548882033,"path_taken":["M","?","M","?","M","M","E","R","T","$","R","M","R","M","R","BOSS","M","?","?","$","?","R","E","R","T","M","?","R","M","M","R","BOSS","M","?","M","?","$","R","?","M","T","?","?","$","?","M","R","BOSS"],"build_version":"2019-01-23","purchased_purges":3,"victory":true,"max_hp_per_floor":[66,66,66,66,66,66,66,66,66,66,66,66,66,66,66,66,66,66,66,66,66,66,66,66,66,66,66,66,66,66,66,66,66,66,66,66,66,66,66,66,66,66,66,66,66,66,66,66,66,66],"card_choices":[{"not_picked":["Flying Knee","PiercingWail"],"picked":"Crippling Poison","floor":1.0},{"not_picked":["Dagger Throw","Underhanded Strike"],"picked":"Sucker Punch","floor":2.0},{"not_picked":["Dagger Throw","Dodge and Roll"],"picked":"Predator","floor":3.0},{"not_picked":["Acrobatics","Flechettes"],"picked":"Slice","floor":4.0},{"not_picked":["Heel Hook","Caltrops"],"picked":"Skewer","floor":5.0},{"not_picked":["Deadly Poison","Prepared"],"picked":"Backstab","floor":6.0},{"not_picked":["Outmaneuver","Phantasmal Killer"],"picked":"Backstab","floor":7.0},{"not_picked":["Prepared","Bane","Caltrops"],"picked":"SKIP","floor":12.0},{"not_picked":["Poisoned Stab","Sucker Punch"],"picked":"Blur","floor":14.0},{"not_picked":["Corpse Explosion","Venomology"],"picked":"Doppelganger","floor":16.0},{"not_picked":[],"picked":"Blur","floor":18.0},{"not_picked":[],"picked":"Slice","floor":19.0},{"not_picked":[],"picked":"Concentrate+1","floor":24.0},{"not_picked":["Prepared"],"picked":"SKIP","floor":27.0},{"not_picked":["Sucker Punch"],"picked":"SKIP","floor":30.0},{"not_picked":["Deadly Poison"],"picked":"SKIP","floor":31.0},{"not_picked":[],"picked":"Doppelganger","floor":33.0},{"not_picked":[],"picked":"Backflip+1","floor":35.0},{"not_picked":["Riddle With Holes"],"picked":"SKIP","floor":36.0},{"not_picked":[],"picked":"Escape Plan+1","floor":42},{"not_picked":["Concentrate"],"picked":"SKIP","floor":45},{"not_picked":[],"picked":"Acrobatics+1","floor":48}],"player_experience":1143972,"relics_obtained":[{"floor":7.0,"key":"Old Coin"},{"floor":9.0,"key":"Oddly Smooth Stone"},{"floor":24.0,"key":"Whetstone"},{"floor":26.0,"key":"Darkstone Periapt"},{"floor":28.0,"key":"Bag of Marbles"},{"floor":43,"key":"Bottled Flame"}],"event_choices":[{"damage_healed":0.0,"max_hp_gain":0.0,"max_hp_loss":0.0,"gold_gain":50.0,"event_name":"Nest","player_choice":"Stole From Cult","floor":20.0,"gold_loss":0.0,"damage_taken":0.0},{"damage_healed":0.0,"max_hp_gain":0.0,"max_hp_loss":0.0,"gold_gain":0.0,"event_name":"Masked Bandits","player_choice":"Paid Fearfully","floor":22.0,"gold_loss":45.0,"damage_taken":0.0},{"damage_healed":0.0,"max_hp_gain":0.0,"max_hp_loss":0.0,"gold_gain":0.0,"event_name":"SensoryStone","player_choice":"Memory 1","floor":38.0,"gold_loss":0.0,"damage_taken":0.0},{"damage_healed":0.0,"max_hp_gain":0.0,"max_hp_loss":0.0,"gold_gain":0.0,"event_name":"Mysterious Sphere","player_choice":"Ignored","floor":41.0,"gold_loss":0.0,"damage_taken":0.0},{"cards_removed":["Strike_G"],"damage_healed":0,"gold_gain":0,"player_choice":"Purged","damage_taken":0,"max_hp_gain":0,"max_hp_loss":0,"event_name":"Purifier","floor":44,"gold_loss":0},{"damage_healed":0,"gold_gain":0,"player_choice":"Paid","damage_taken":0,"relics_obtained":["Red Mask"],"max_hp_gain":0,"max_hp_loss":0,"event_name":"Tomb of Lord Red Mask","floor":47,"gold_loss":18}],"is_beta":false,"boss_relics":[{"not_picked":["Eternal Feather","Runic Pyramid"],"picked":"Busted Crown"},{"not_picked":["Coffee Dripper","Astrolabe"],"picked":"Ring of the Serpent"}],"items_purged_floors":[10,21,46],"is_endless":false,"potions_floor_spawned":[3,5,7,16,18,27,31,35,36,37],"ascension_level":16}