{"path_per_floor":["M","$","M","M","?","R","E","R","T","M","R","M","M","M","R"],"character_chosen":"IRONCLAD","items_purchased":["True Grit"],"gold_per_floor":[111,14,24,39,39,39,65,65,65,83,83,94,111,128,128],"floor_reached":16,"campfire_rested":3,"playtime":775,"current_hp_per_floor":[79,79,72,64,64,64,17,41,41,41,65,49,57,51,75],"items_purged":["Strike_R"],"gold":128,"score":125,"play_id":"4c926819-e686-48a7-975c-83f2b22c41c7","local_time":"20180311120531","is_prod":false,"is_daily":false,"is_ascension_mode":true,"campfire_upgraded":1,"timestamp":1520766331,"path_taken":["M","$","?","M","?","R","E","R","T","M","R","M","M","M","R","BOSS"],"build_version":"2018-03-09","purchased_purges":1,"victory":false,"master_deck":["Strike_R","Strike_R","Strike_R","Strike_R","Defend_R","Defend_R","Defend_R","Defend_R","Bash","Cleave","True Grit","Shrug It Off","Clothesline+1","Reaper","Flame Barrier","Sentinel","Uppercut","Havoc","Shrug It Off"],"max_hp_per_floor":[80,80,80,80,80,80,80,80,80,80,80,80,80,80,80],"relics":["Question Card","Prayer Wheel","Bag of Marbles"],"card_choices":[{"not_picked":["Dropkick","Anger","Dual Wield"],"picked":"Cleave"},{"not_picked":["Fire Breathing","Sword Boomerang","Armaments"],"picked":"Shrug It Off"},{"not_picked":["Heavy Blade","Twin Strike","Body Slam"],"picked":"Clothesline"},{"not_picked":["Barricade","Rupture","Body Slam"],"picked":"Reaper"},{"not_picked":["Heavy Blade","Burning Pact","Bloodletting"],"picked":"Flame Barrier"},{"not_picked":["Armaments","Wild Strike","Cleave"],"picked":"Sentinel"},{"not_picked":["Twin Strike","Thunderclap","Clothesline"],"picked":"Uppercut"},{"not_picked":["Heavy Blade","Corruption","Wild Strike"],"picked":"Havoc"},{"not_picked":["True Grit","Armaments","Dual Wield"],"picked":"Shrug It Off"}],"player_experience":195951,"potions_floor_usage":[7,16,16,16],"damage_taken":[{"damage":1,"enemies":"Cultist","floor":1,"turns":3},{"damage":7,"enemies":"Jaw Worm","floor":3,"turns":5},{"damage":8,"enemies":"Small Slimes","floor":4,"turns":3},{"damage":47,"enemies":"Lagavulin","floor":7,"turns":14},{"damage":0,"enemies":"2 Fungi Beasts","floor":10,"turns":3},{"damage":16,"enemies":"Lots of Slimes","floor":12,"turns":4},{"damage":4,"enemies":"Exordium Thugs","floor":13,"turns":5},{"damage":10,"enemies":"Exordium Wildlife","floor":14,"turns":4},{"damage":93,"enemies":"Slime Boss","floor":16,"turns":14}],"event_choices":[{"event_name":"The Lab","player_choice":"Got Potions","floor":5,"damage_taken":0}],"boss_relics":[],"potions_floor_spawned":[1,3,10,13,14],"seed_played":"-3372511319812239238","killed_by":"Slime Boss","ascension_level":4,"is_trial":false}