{"gold_per_floor":[361,11,25,41,58,58,115,115,138,138,171,171,186,205,205,205],"floor_reached":16,"playtime":695,"items_purged":["Regret"],"score":202,"play_id":"3465b464-add3-4c4a-a4be-2e097f525c27","local_time":"20190130165537","is_ascension_mode":true,"campfire_choices":[{"data":"Catalyst","floor":6,"key":"SMITH"},{"data":"Deadly Poison","floor":8,"key":"SMITH"},{"data":"Cloak And Dagger","floor":10,"key":"SMITH"},{"floor":12,"key":"REST"},{"floor":15,"key":"REST"}],"neow_cost":"CURSE","seed_source_timestamp":495196333910288,"circlet_count":0,"master_deck":["AscendersBane","Defend_G","Defend_G","Defend_G","Defend_G","Defend_G","Strike_G","Strike_G","Strike_G","Strike_G","Strike_G","Survivor","Neutralize","Deadly Poison+1","Cloak And Dagger+1","Catalyst+1","Backstab","Footwork","Acrobatics","Poisoned Stab","Cloak And Dagger"],"relics":["Ring of the Snake","Mummified Hand","Tiny Chest","Anchor","Orichalcum"],"potions_floor_usage":[7,11],"damage_taken":[{"damage":3,"enemies":"Small Slimes","floor":1,"turns":5},{"damage":0,"enemies":"Jaw Worm","floor":3,"turns":3},{"damage":1,"enemies":"2 Louse","floor":4,"turns":4},{"damage":9,"enemies":"Large Slime","floor":5,"turns":11},{"damage":12,"enemies":"3 Sentries","floor":7,"turns":12},{"damage":27,"enemies":"Gremlin Nob","floor":11,"turns":5},{"damage":0,"enemies":"2 Fungi Beasts","floor":13,"turns":3},{"damage":0,"enemies":"Lots of Slimes","floor":14,"turns":5},{"damage":52,"enemies":"Slime Boss","floor":16,"turns":9}],"seed_played":"2193880243294066767","potions_obtained":[{"floor":3,"key":"Strength Potion"},{"floor":5,"key":"PowerPotion"}],"is_trial":false,"path_per_floor":["M","$","M","M","M","R","E","R","T","R","E","R","M","M","R","B"],"character_chosen":"THE_SILENT","items_purchased":["Mummified Hand"],"campfire_rested":2,"item_purchase_floors":[2],"current_hp_per_floor":[56,56,56,55,46,46,34,34,34,34,7,26,26,26,45,0],"gold":205,"neow_bonus":"TWO_FIFTY_GOLD","is_prod":false,"is_daily":false,"chose_seed":false,"campfire_upgraded":3,"win_rate":0,"timestamp":1548863737,"path_taken":["M","$","M","M","M","R","E","R","T","R","E","R","M","M","R","BOSS"],"build_version":"2019-01-23","purchased_purges":1,"victory":false,"max_hp_per_floor":[66,66,66,66,66,66,66,66,66,66,66,66,66,66,66,66],"card_choices":[{"not_picked":["Acrobatics","Eviscerate"],"picked":"Deadly Poison","floor":1},{"not_picked":["Prepared","Quick Slash"],"picked":"Cloak And Dagger","floor":3},{"not_picked":["Choke","Deadly Poison"],"picked":"Catalyst","floor":4},{"not_picked":["Choke","Dodge and Roll"],"picked":"Backstab","floor":5},{"not_picked":["Finisher","Dagger Spray"],"picked":"Footwork","floor":7},{"not_picked":["Unload","Outmaneuver"],"picked":"Acrobatics","floor":11},{"not_picked":["Quick Slash","Prepared"],"picked":"Poisoned Stab","floor":13},{"not_picked":["Flechettes","Calculated Gamble"],"picked":"Cloak And Dagger","floor":14}],"player_experience":1138688,"relics_obtained":[{"floor":7,"key":"Tiny Chest"},{"floor":9,"key":"Anchor"},{"floor":11,"key":"Orichalcum"}],"event_choices":[],"is_beta":false,"boss_relics":[],"items_purged_floors":[2],"is_endless":false,"potions_floor_spawned":[3,5],"killed_by":"Slime Boss","ascension_level":16}