{"gold_per_floor":[116,116,191,29,42,42,85,101,101,116,139,139,154,154],"floor_reached":14,"playtime":1412,"items_purged":["Strike_B"],"score":179,"play_id":"a9f0c7b7-b035-42be-a6fc-94705f270878","local_time":"20190107223300","is_ascension_mode":true,"campfire_choices":[{"data":"Zap","floor":6.0,"key":"SMITH"},{"floor":12,"key":"REST"}],"neow_cost":"NONE","seed_source_timestamp":0,"circlet_count":0,"master_deck":["AscendersBane","Strike_B","Strike_B","Strike_B","Defend_B","Defend_B","Defend_B","Defend_B","Zap+1","Dualcast","Ball Lightning","Conserve Battery","Stack","Undo","Defragment","Cold Snap+1","Beam Cell+1","Leap"],"special_seed":0,"relics":["Cracked Core","Golden Idol","Dodecahedron","Molten Egg 2"],"potions_floor_usage":[7,10,13],"damage_taken":[{"damage":0.0,"enemies":"Cultist","floor":1.0,"turns":3.0},{"damage":7.0,"enemies":"Small Slimes","floor":5.0,"turns":3.0},{"damage":20,"enemies":"Lagavulin","floor":7,"turns":6},{"damage":0,"enemies":"Jaw Worm","floor":8,"turns":3},{"damage":0,"enemies":"2 Fungi Beasts","floor":10,"turns":2},{"damage":3,"enemies":"Blue Slaver","floor":11,"turns":3},{"damage":24,"enemies":"Gremlin Gang","floor":13,"turns":5},{"damage":5,"enemies":"Exordium Thugs","floor":14,"turns":1}],"seed_played":"-589553217484791604","potions_obtained":[{"floor":5.0,"key":"EssenceOfSteel"},{"floor":7,"key":"AttackPotion"},{"floor":11,"key":"Energy Potion"},{"floor":13,"key":"Strength Potion"}],"is_trial":false,"path_per_floor":["M","?","?","$","M","R","E","M","T","M","M","R","M","M"],"character_chosen":"DEFECT","items_purchased":["Conserve Battery","Block Potion"],"campfire_rested":1,"item_purchase_floors":[4,4],"current_hp_per_floor":[71,44,33,33,26,26,6,6,6,6,3,26,2,0],"gold":154,"neow_bonus":"TEN_PERCENT_HP_BONUS","is_prod":false,"is_daily":false,"chose_seed":false,"campfire_upgraded":1,"win_rate":0,"timestamp":1546867980,"path_taken":["M","?","?","?","M","R","E","M","T","M","M","R","M","M"],"build_version":"2019-01-03v4","purchased_purges":1,"victory":false,"max_hp_per_floor":[78,78,78,78,78,78,78,78,78,78,78,78,78,78],"card_choices":[{"not_picked":["Skim","Glacier"],"picked":"Ball Lightning","floor":1.0},{"not_picked":["Compile Driver","Double Energy"],"picked":"Stack","floor":5.0},{"not_picked":["Redo","Reprogram"],"picked":"Undo","floor":7},{"not_picked":["Gash","Compile Driver"],"picked":"Defragment","floor":8},{"not_picked":["Conserve Battery","Loop"],"picked":"Cold Snap+1","floor":10},{"not_picked":["Leap","Hologram"],"picked":"Beam Cell+1","floor":11},{"not_picked":["Fusion","Gash+1"],"picked":"Leap","floor":13}],"player_experience":1024244,"relics_obtained":[{"floor":7,"key":"Dodecahedron"},{"floor":9,"key":"Molten Egg 2"}],"event_choices":[{"damage_healed":0.0,"max_hp_gain":0.0,"max_hp_loss":0.0,"gold_gain":0.0,"event_name":"Golden Idol","player_choice":"Take Damage","floor":2.0,"gold_loss":0.0,"damage_taken":27.0,"relics_obtained":["Golden Idol"]},{"damage_healed":0.0,"max_hp_gain":0.0,"max_hp_loss":0.0,"gold_gain":75.0,"event_name":"World of Goop","player_choice":"Gather Gold","floor":3.0,"gold_loss":0.0,"damage_taken":11.0}],"is_beta":false,"boss_relics":[],"items_purged_floors":[4],"is_endless":false,"potions_floor_spawned":[5,7,11,13],"killed_by":"Exordium Thugs","ascension_level":19}