{"gold_per_floor":[118,130,143,160,176,176,194,194,244,271,271,285,285,295,295,295],"floor_reached":16,"playtime":446,"items_purged":[],"score":186,"play_id":"679d1326-8b6d-44b1-b593-b6113b912431","local_time":"20190116000133","is_ascension_mode":true,"campfire_choices":[{"data":"True Grit","floor":6.0,"key":"SMITH"},{"data":"Carnage","floor":8.0,"key":"SMITH"},{"data":"Clothesline","floor":13.0,"key":"SMITH"},{"data":"Offering","floor":15.0,"key":"SMITH"}],"neow_cost":"NONE","seed_source_timestamp":12750351935976,"circlet_count":0,"master_deck":["AscendersBane","Strike_R","Strike_R","Strike_R","Strike_R","Defend_R","Defend_R","Defend_R","Defend_R","Bash","Offering+1","Anger","Combust","True Grit+1","Dropkick","Clothesline+1","Carnage+1","Whirlwind","Power Through"],"special_seed":0,"relics":["Burning Blood","Bag of Marbles","Bronze Scales"],"potions_floor_usage":[16],"damage_taken":[{"damage":1.0,"enemies":"Cultist","floor":1.0,"turns":4.0},{"damage":4.0,"enemies":"Jaw Worm","floor":2.0,"turns":4.0},{"damage":8.0,"enemies":"Small Slimes","floor":3.0,"turns":3.0},{"damage":22.0,"enemies":"Looter","floor":4.0,"turns":4.0},{"damage":17.0,"enemies":"Large Slime","floor":5.0,"turns":4.0},{"damage":6.0,"enemies":"2 Fungi Beasts","floor":7.0,"turns":2.0},{"damage":13.0,"enemies":"Gremlin Nob","floor":10.0,"turns":3.0},{"damage":1.0,"enemies":"Exordium Wildlife","floor":12.0,"turns":4.0},{"damage":7.0,"enemies":"Looter","floor":14.0,"turns":3.0},{"damage":42,"enemies":"The Guardian","floor":16,"turns":10}],"seed_played":"-3342292915787591070","potions_obtained":[{"floor":2.0,"key":"SkillPotion"},{"floor":4.0,"key":"Fire Potion"},{"floor":7.0,"key":"SteroidPotion"},{"floor":10.0,"key":"Ancient Potion"}],"is_trial":false,"path_per_floor":["M","M","M","M","M","R","M","R","T","E","?","M","R","M","R","B"],"character_chosen":"IRONCLAD","items_purchased":[],"campfire_rested":0,"item_purchase_floors":[],"current_hp_per_floor":[73,75,73,57,46,46,46,46,46,39,39,44,44,43,43,1],"gold":295,"neow_bonus":"ONE_RANDOM_RARE_CARD","is_prod":false,"is_daily":false,"chose_seed":false,"campfire_upgraded":4,"win_rate":0,"timestamp":1547564493,"path_taken":["M","?","M","M","M","R","M","R","T","E","?","M","R","M","R","BOSS"],"build_version":"2019-01-10","purchased_purges":0,"victory":false,"max_hp_per_floor":[75,75,75,75,75,75,75,75,75,75,75,75,75,75,75,75],"card_choices":[{"not_picked":["Havoc","Heavy Blade"],"picked":"Anger","floor":1.0},{"not_picked":["Headbutt","Flex"],"picked":"Combust","floor":2.0},{"not_picked":["Whirlwind","Wild Strike"],"picked":"True Grit","floor":3.0},{"not_picked":["Body Slam","Corruption"],"picked":"Dropkick","floor":4.0},{"not_picked":["Shrug It Off","Sentinel"],"picked":"Clothesline","floor":5.0},{"not_picked":["Anger","True Grit"],"picked":"Carnage","floor":7.0},{"not_picked":["Thunderclap","Heavy Blade"],"picked":"Whirlwind","floor":10.0},{"not_picked":["Flex","Pommel Strike","Heavy Blade"],"picked":"SKIP","floor":12.0},{"not_picked":["Hemokinesis","Havoc"],"picked":"Power Through","floor":14.0}],"player_experience":929882,"relics_obtained":[{"floor":9.0,"key":"Bag of Marbles"},{"floor":10.0,"key":"Bronze Scales"}],"event_choices":[{"cards_removed":["Strike_R"],"damage_healed":0.0,"max_hp_gain":0.0,"max_hp_loss":0.0,"gold_gain":0.0,"event_name":"Living Wall","player_choice":"Forget","floor":11.0,"gold_loss":0.0,"damage_taken":0.0}],"is_beta":false,"boss_relics":[],"items_purged_floors":[],"is_endless":false,"potions_floor_spawned":[2,4,7,10,14],"killed_by":"The Guardian","ascension_level":15}