{"path_per_floor":["M","?","?","?","M","E","R","$","T","?","R","E","M","M","R","B",null,"M","M","$","M","?"],"character_chosen":"IRONCLAD","items_purchased":["Clash","Inflame"],"gold_per_floor":[115,115,115,115,131,159,159,32,113,113,113,142,154,166,166,268,268,278,295,124,144,69],"floor_reached":23,"campfire_rested":0,"playtime":1177,"current_hp_per_floor":[79,79,61,61,69,63,63,63,63,47,47,55,60,63,63,25,80,76,58,58,27,27],"items_purged":["Defend_R","Strike_R"],"gold":69,"score":224,"play_id":"8f15b5c2-c9ee-4924-a0da-b0cd1327a7e0","is_prod":false,"is_daily":false,"is_ascension_mode":false,"campfire_upgraded":3,"path_taken":["M","?","?","?","?","E","R","?","T","?","R","E","M","M","R","BOSS","M","M","?","M","?","E"],"build_version":"2018-02-15-PROD1","purchased_purges":2,"victory":false,"master_deck":["Strike_R","Strike_R","Strike_R","Strike_R+1","Defend_R+1","Defend_R","Bash","Flex+1","Flex+1","Spot Weakness","Clash+1","Double Tap+1","Demon Form","Inflame","Clash+1"],"max_hp_per_floor":[80,80,80,80,80,80,80,80,80,80,80,80,80,80,80,80,80,80,80,80,80,80],"relics":["Burning Blood","Blood Vial","Ginger","Darkstone Periapt","Bottled Flame","Prayer Wheel","Black Star"],"card_choices":[{"not_picked":["Feel No Pain","Searing Blow"],"picked":"Flex"},{"not_picked":["Warcry","Double Tap"],"picked":"Flex"},{"not_picked":["Thunderclap","Shrug It Off"],"picked":"Spot Weakness"},{"not_picked":["True Grit","Twin Strike"],"picked":"Double Tap"},{"not_picked":["Reaper","Limit Break"],"picked":"Demon Form"},{"not_picked":["Shrug It Off","Cleave"],"picked":"Clash"}],"player_experience":91549,"potions_floor_usage":[6,12,19,19,23],"damage_taken":[{"damage":7,"enemies":"2 Louse","floor":1,"turns":3},{"damage":0,"enemies":"Cultist","floor":5,"turns":3},{"damage":14,"enemies":"3 Sentries","floor":6,"turns":7},{"damage":0,"enemies":"Gremlin Nob","floor":12,"turns":2},{"damage":3,"enemies":"Jaw Worm","floor":13,"turns":2},{"damage":5,"enemies":"Looter","floor":14,"turns":2},{"damage":46,"enemies":"Hexaghost","floor":16,"turns":8},{"damage":10,"enemies":"Chosen","floor":18,"turns":5},{"damage":26,"enemies":"3 Byrds","floor":19,"turns":5},{"damage":39,"enemies":"Snecko","floor":21,"turns":6},{"damage":38,"enemies":"Book of Stabbing","floor":23,"turns":3}],"event_choices":[{"event_name":"Match and Keep!","player_choice":"0 cards matched","floor":2,"damage_taken":0},{"event_name":"Scrap Ooze","player_choice":"success","floor":3,"damage_taken":18},{"event_name":"Upgrade Shrine","player_choice":"Upgraded","floor":4,"damage_taken":0},{"event_name":"Shining Light","player_choice":"Entered Light","floor":10,"damage_taken":0},{"event_name":"Beggar","player_choice":"Gave Gold","floor":22,"damage_taken":0}],"boss_relics":[{"not_picked":["Runic Cube","Question Card"],"picked":"Black Star"}],"potions_floor_spawned":[5,6,14,16,19],"seed_played":"-3846917443612394295","killed_by":"Book of Stabbing","ascension_level":0,"is_trial":false}