{"gold_per_floor":[115,115,131,131,56,56,84,94,94,94,18,29,59,75,75,179,179,179],"floor_reached":18,"playtime":850,"items_purged":["Regret"],"score":195,"play_id":"df788f4a-2362-498c-a40a-cab704c6edef","local_time":"20181023210821","is_ascension_mode":false,"campfire_choices":[{"data":"Zap","floor":6,"key":"SMITH"},{"data":"Lockon","floor":10,"key":"SMITH"},{"data":"Barrage","floor":15,"key":"SMITH"}],"neow_cost":"NONE","seed_source_timestamp":1049423546258458,"circlet_count":0,"master_deck":["Strike_B+1","Strike_B+1","Strike_B","Strike_B","Defend_B","Defend_B","Defend_B","Defend_B","Zap+1","Dualcast","Skim","Conserve Battery","Rebound","Lockon+1","Capacitor","Self Repair","Barrage+1","Chaos","Fission","Parasite","Pain","Pain"],"relics":["Cracked Core","NeowsBlessing","Cables","Meat on the Bone","Whetstone","The Courier","Calling Bell","Potion Belt","Blue Candle","FossilizedHelix"],"potions_floor_usage":[16],"damage_taken":[{"damage":0,"enemies":"2 Louse","floor":1,"turns":1},{"damage":0,"enemies":"Jaw Worm","floor":3,"turns":1},{"damage":0,"enemies":"Lagavulin","floor":7,"turns":1},{"damage":0,"enemies":"Cultist","floor":8,"turns":3},{"damage":7,"enemies":"Blue Slaver","floor":12,"turns":2},{"damage":16,"enemies":"3 Sentries","floor":13,"turns":6},{"damage":0,"enemies":"Exordium Wildlife","floor":14,"turns":3},{"damage":20,"enemies":"Slime Boss","floor":16,"turns":7},{"damage":60,"enemies":"Shell Parasite","floor":18,"turns":7}],"seed_played":"-7474187916414487741","potions_obtained":[{"floor":8,"key":"Weak Potion"},{"floor":13,"key":"GamblersBrew"},{"floor":14,"key":"Ancient Potion"}],"is_trial":false,"path_per_floor":["M","?","M","?","$","R","E","M","T","R","$","M","E","M","R","B",null],"character_chosen":"DEFECT","items_purchased":["Capacitor"],"campfire_rested":0,"item_purchase_floors":[11],"current_hp_per_floor":[75,75,75,75,75,75,75,75,75,75,75,68,52,59,59,39,75,15],"gold":179,"neow_bonus":"THREE_ENEMY_KILL","is_prod":false,"is_daily":false,"chose_seed":false,"campfire_upgraded":3,"win_rate":0.0,"timestamp":1540282101,"path_taken":["M","?","M","?","$","R","E","M","T","R","?","M","E","M","R","BOSS","M"],"build_version":"2018-10-18","purchased_purges":1,"victory":false,"max_hp_per_floor":[75,75,75,75,75,75,75,75,75,75,75,75,75,75,75,75,75,75],"card_choices":[{"not_picked":["Hologram","Streamline"],"picked":"Skim","floor":1},{"not_picked":["Hologram","Scrape"],"picked":"Conserve Battery","floor":3},{"not_picked":["Go for the Eyes","BootSequence"],"picked":"Rebound","floor":7},{"not_picked":["Steam","White Noise"],"picked":"Lockon","floor":8},{"not_picked":["BootSequence","FTL"],"picked":"Self Repair","floor":12},{"not_picked":["Beam Cell","Coolheaded"],"picked":"Barrage","floor":13},{"not_picked":["Coolheaded","Reinforced Body"],"picked":"Chaos","floor":14},{"not_picked":["Reboot","Meteor Strike"],"picked":"Fission","floor":16}],"player_experience":204378,"relics_obtained":[{"floor":7,"key":"Meat on the Bone"},{"floor":9,"key":"Whetstone"},{"floor":13,"key":"The Courier"},{"floor":17,"key":"Potion Belt"},{"floor":17,"key":"Blue Candle"},{"floor":17,"key":"FossilizedHelix"}],"event_choices":[{"damage_healed":0,"gold_gain":0,"player_choice":"Box","damage_taken":0,"relics_obtained":["Cables"],"max_hp_gain":0,"max_hp_loss":0,"event_name":"Big Fish","floor":2,"gold_loss":0,"cards_obtained":["Regret"]},{"damage_healed":0,"gold_gain":0,"player_choice":"Full Heal","damage_taken":0,"max_hp_gain":0,"max_hp_loss":0,"event_name":"Wheel of Change","floor":4,"gold_loss":0}],"is_beta":false,"boss_relics":[{"not_picked":["Philosopher\u0027s Stone","Ectoplasm"],"picked":"Calling Bell"}],"items_purged_floors":[5],"is_endless":false,"potions_floor_spawned":[8,13,14],"killed_by":"Shell Parasite","ascension_level":0}