{"gold_per_floor":[114,67,78,78,91,91,152,152,176,19,19,74,91,121,121,221,221,237,247,259,239,239,239,249,249,249,263,282,282],"floor_reached":29,"playtime":2022,"items_purged":[],"score":227,"play_id":"972d1667-0196-46e9-8baa-1b9728ce0e9b","local_time":"20181023214224","is_ascension_mode":false,"campfire_choices":[{"data":"Armaments","floor":6,"key":"SMITH"},{"data":"Flame Barrier","floor":8,"key":"SMITH"},{"floor":15,"key":"REST"},{"data":"Double Tap","floor":23,"key":"SMITH"},{"data":"Infernal Blade","floor":25,"key":"SMITH"}],"neow_cost":"NONE","seed_source_timestamp":1050295316119349,"circlet_count":0,"master_deck":["Strike_R","Strike_R","Strike_R","Strike_R","Strike_R","Defend_R","Defend_R","Defend_R","Defend_R","Bash","Sword Boomerang","Armaments+1","Infernal Blade+1","Flame Barrier+1","Burning Pact","Cleave","Double Tap+1","Pummel","Sword Boomerang+1","Pummel+1","Heavy Blade","Shame"],"relics":["Mark of Pain","Smiling Mask","Blue Candle","Bag of Preparation","Ancient Tea Set","PreservedInsect","Happy Flower","Cursed Key","Mummified Hand"],"potions_floor_usage":[7,14,16,20,22,27,28,29,29],"damage_taken":[{"damage":5,"enemies":"Small Slimes","floor":1,"turns":3},{"damage":3,"enemies":"2 Louse","floor":3,"turns":3},{"damage":2,"enemies":"Cultist","floor":5,"turns":4},{"damage":21,"enemies":"Lagavulin Event","floor":7,"turns":6},{"damage":0,"enemies":"Blue Slaver","floor":13,"turns":2},{"damage":19,"enemies":"3 Sentries","floor":14,"turns":5},{"damage":26,"enemies":"The Guardian","floor":16,"turns":7},{"damage":5,"enemies":"Chosen","floor":18,"turns":4},{"damage":5,"enemies":"Spheric Guardian","floor":19,"turns":3},{"damage":0,"enemies":"Snecko","floor":20,"turns":3},{"damage":0,"enemies":"Centurion and Healer","floor":22,"turns":1},{"damage":17,"enemies":"Cultist and Chosen","floor":24,"turns":5},{"damage":25,"enemies":"Snake Plant","floor":27,"turns":4},{"damage":1,"enemies":"Sentry and Sphere","floor":28,"turns":3},{"damage":27,"enemies":"Slavers","floor":29,"turns":2}],"seed_played":"-722350357781389545","potions_obtained":[{"floor":3,"key":"SteroidPotion"},{"floor":13,"key":"Weak Potion"},{"floor":14,"key":"EssenceOfSteel"},{"floor":16,"key":"SteroidPotion"},{"floor":18,"key":"Swift Potion"},{"floor":20,"key":"Energy Potion"},{"floor":21,"key":"SmokeBomb"},{"floor":24,"key":"Strength Potion"},{"floor":27,"key":"SkillPotion"}],"is_trial":false,"path_per_floor":["M","$","M","?","M","R","?","R","T","$","?","T","M","E","R","B",null,"M","M","M","?","M","R","M","R","T","M","M"],"character_chosen":"IRONCLAD","items_purchased":["Armaments","Ancient Tea Set"],"campfire_rested":1,"item_purchase_floors":[2,10],"current_hp_per_floor":[75,75,72,72,70,70,49,49,49,49,49,49,49,30,54,28,80,75,70,70,70,70,70,53,53,53,28,27,0],"gold":282,"neow_bonus":"BOSS_RELIC","is_prod":false,"is_daily":false,"chose_seed":false,"campfire_upgraded":4,"win_rate":0.0,"timestamp":1540284144,"path_taken":["M","$","M","?","M","R","?","R","T","$","?","?","?","E","R","BOSS","M","M","?","?","M","R","M","R","T","M","M","E"],"build_version":"2018-10-18","purchased_purges":0,"victory":false,"max_hp_per_floor":[80,80,80,80,80,80,80,80,80,80,80,80,80,80,80,80,80,80,80,80,80,80,80,80,80,80,80,80,80],"card_choices":[{"not_picked":["Havoc","Dropkick"],"picked":"Sword Boomerang","floor":1},{"not_picked":["Perfected Strike","Evolve"],"picked":"Infernal Blade","floor":3},{"not_picked":["Shrug It Off","Reckless Charge"],"picked":"Flame Barrier","floor":5},{"not_picked":["Body Slam","Headbutt"],"picked":"Burning Pact","floor":7},{"not_picked":["Seeing Red","Clash","Body Slam"],"picked":"SKIP","floor":13},{"not_picked":["Heavy Blade","Burning Pact"],"picked":"Cleave","floor":14},{"not_picked":["Feed","Barricade"],"picked":"Double Tap","floor":16},{"not_picked":["Feel No Pain","True Grit"],"picked":"Pummel","floor":18},{"not_picked":["Thunderclap","Warcry"],"picked":"Sword Boomerang+1","floor":19},{"not_picked":["Shrug It Off","Sever Soul"],"picked":"Pummel+1","floor":20},{"not_picked":["Twin Strike","True Grit"],"picked":"Heavy Blade","floor":24},{"not_picked":["Havoc","Body Slam","Warcry+1"],"picked":"SKIP","floor":27},{"not_picked":["Pommel Strike","Sword Boomerang","Evolve"],"picked":"SKIP","floor":28}],"player_experience":205228,"relics_obtained":[{"floor":7,"key":"Blue Candle"},{"floor":9,"key":"Bag of Preparation"},{"floor":12,"key":"PreservedInsect"},{"floor":14,"key":"Happy Flower"},{"floor":26,"key":"Mummified Hand"}],"event_choices":[{"damage_healed":0,"gold_gain":0,"player_choice":"Box","damage_taken":0,"relics_obtained":["Smiling Mask"],"max_hp_gain":0,"max_hp_loss":0,"event_name":"Big Fish","floor":4,"gold_loss":0,"cards_obtained":["Regret"]},{"damage_healed":0,"gold_gain":0,"player_choice":"Searched \u00271\u0027 times","damage_taken":0,"max_hp_gain":0,"max_hp_loss":0,"event_name":"Dead Adventurer","floor":7,"gold_loss":0},{"cards_removed":["Regret"],"damage_healed":0,"gold_gain":0,"player_choice":"Removed Curses","damage_taken":0,"max_hp_gain":0,"max_hp_loss":0,"event_name":"Fountain of Cleansing","floor":11,"gold_loss":0},{"damage_healed":0,"gold_gain":0,"player_choice":"Bought 1 Potion","damage_taken":0,"max_hp_gain":0,"max_hp_loss":0,"event_name":"The Woman in Blue","floor":21,"gold_loss":0}],"is_beta":false,"boss_relics":[{"not_picked":["Coffee Dripper","Runic Pyramid"],"picked":"Cursed Key"}],"items_purged_floors":[],"is_endless":false,"potions_floor_spawned":[3,13,14,16,18,20,24,27],"killed_by":"Slavers","ascension_level":0}