{"gold_per_floor":[118,130,146,156,156,156,173,173,226,254,266,289,301,343,355,464,476,501,533,545,557,196,196,196,196,196,196,224,238,251,93,93,191,191,210,220,220,236,255,255,255,275,298,298,298],"floor_reached":45,"playtime":2542,"items_purged":["Strike_B"],"score":568,"play_id":"483613cb-148d-43e8-89cd-022d70f19eb5","local_time":"20180925094041","is_ascension_mode":true,"campfire_choices":[{"data":"Defragment","floor":6.0,"key":"SMITH"},{"floor":13.0,"key":"REST"},{"floor":15.0,"key":"REST"},{"data":"Defragment","floor":23.0,"key":"SMITH"},{"data":"Fission","floor":25.0,"key":"SMITH"},{"data":"Hologram","floor":27.0,"key":"SMITH"},{"data":"Conserve Battery","floor":32.0,"key":"SMITH"},{"floor":40,"key":"REST"},{"floor":44,"key":"REST"}],"neow_cost":"NONE","seed_source_timestamp":1028042573753,"circlet_count":0,"master_deck":["Strike_B","Defend_B","Defend_B","Defend_B","Defend_B","Zap+1","Dualcast+1","Hologram+1","Barrage+1","Defragment+1","Coolheaded","Defragment+1","Go for the Eyes","Undo","Fission+1","Hologram+1","Sweeping Beam","Reinforced Body","Loop+1","Conserve Battery+1","Defragment+1","Echo Form+1","Creative AI+1","Ball Lightning","Stack+1"],"special_seed":0,"relics":["Cracked Core","MawBank","Blue Candle","Nuclear Battery","Mercury Hourglass","Frozen Egg 2","Omamori","Busted Crown","DataDisk"],"potions_floor_usage":[42],"damage_taken":[{"damage":0.0,"enemies":"Small Slimes","floor":1.0,"turns":3.0},{"damage":2.0,"enemies":"Jaw Worm","floor":2.0,"turns":3.0},{"damage":3.0,"enemies":"Cultist","floor":3.0,"turns":3.0},{"damage":7.0,"enemies":"Looter","floor":4.0,"turns":4.0},{"damage":12.0,"enemies":"Exordium Thugs","floor":7.0,"turns":3.0},{"damage":3.0,"enemies":"Blue Slaver","floor":10.0,"turns":2.0},{"damage":10.0,"enemies":"3 Louse","floor":12.0,"turns":4.0},{"damage":12.0,"enemies":"3 Sentries","floor":14.0,"turns":7.0},{"damage":39.0,"enemies":"Slime Boss","floor":16.0,"turns":16.0},{"damage":5.0,"enemies":"Spheric Guardian","floor":18.0,"turns":5.0},{"damage":0.0,"enemies":"3 Byrds","floor":19.0,"turns":6.0},{"damage":4.0,"enemies":"Slavers","floor":28.0,"turns":4.0},{"damage":3.0,"enemies":"Centurion and Healer","floor":29.0,"turns":7.0},{"damage":7.0,"enemies":"Snake Plant","floor":30.0,"turns":5.0},{"damage":8.0,"enemies":"Champ","floor":33.0,"turns":12.0},{"damage":12.0,"enemies":"3 Darklings","floor":35.0,"turns":4.0},{"damage":8.0,"enemies":"3 Shapes","floor":36.0,"turns":4.0},{"damage":0.0,"enemies":"Maw","floor":38.0,"turns":7.0},{"damage":53,"enemies":"Transient","floor":39,"turns":5},{"damage":3,"enemies":"Reptomancer","floor":42,"turns":7},{"damage":39,"enemies":"3 Darklings","floor":45,"turns":2}],"seed_played":"2162782293094132116","potions_obtained":[{"floor":2.0,"key":"Ancient Potion"},{"floor":3.0,"key":"Swift Potion"},{"floor":4.0,"key":"FairyPotion"},{"floor":16.0,"key":"FearPotion"},{"floor":19.0,"key":"LiquidBronze"},{"floor":29.0,"key":"SpeedPotion"},{"floor":30.0,"key":"Poison Potion"},{"floor":36.0,"key":"Dexterity Potion"}],"is_trial":false,"path_per_floor":["M","M","M","M","?","R","M","?","T","M","$","M","R","E","R","B",null,"M","M","?","?","$","R","?","R","T","R","E","M","M","$","R","B",null,"M","M","?","M","M","R","?","M","T","R"],"character_chosen":"DEFECT","items_purchased":["Reinforced Body","Mercury Hourglass","Echo Form+1"],"campfire_rested":4,"item_purchase_floors":[22,22,31],"current_hp_per_floor":[68,66,63,56,41,41,29,29,29,26,26,16,38,26,48,9,59,54,54,75,75,75,75,75,75,75,75,71,68,61,61,61,53,70,58,50,50,50,7,28,21,18,18,39,0],"gold":298,"neow_bonus":"REMOVE_CARD","is_prod":false,"is_daily":false,"chose_seed":false,"campfire_upgraded":5,"win_rate":0,"timestamp":1537861241,"path_taken":["M","M","M","M","?","R","?","?","T","M","$","M","R","E","R","BOSS","M","M","?","?","?","R","?","R","T","R","E","?","M","$","R","BOSS","M","M","?","?","M","R","?","M","T","R","M"],"build_version":"2018-09-20","purchased_purges":1,"victory":false,"max_hp_per_floor":[75,75,75,75,75,75,75,75,75,75,75,75,75,75,75,75,75,75,75,75,75,75,75,75,75,75,75,75,75,75,75,75,75,75,75,75,71,71,71,71,71,71,71,71,71],"card_choices":[{"not_picked":["Go for the Eyes","Redo"],"picked":"Hologram","floor":1.0},{"not_picked":["Undo","Gash"],"picked":"Barrage","floor":2.0},{"not_picked":["Streamline","Compile Driver"],"picked":"Defragment","floor":3.0},{"not_picked":["Stack","Reprogram","Hologram"],"picked":"SKIP","floor":4.0},{"not_picked":["Redo","Steam Power"],"picked":"Coolheaded","floor":7.0},{"not_picked":["Self Repair","Turbo"],"picked":"Defragment","floor":10.0},{"not_picked":["Doom and Gloom","Consume"],"picked":"Go for the Eyes","floor":12.0},{"not_picked":["Storm","Force Field"],"picked":"Undo","floor":14.0},{"not_picked":["Multi-Cast","Hyperbeam"],"picked":"Fission","floor":16.0},{"not_picked":["Steam Power","Turbo+1"],"picked":"Hologram+1","floor":18.0},{"not_picked":["Storm","Barrage"],"picked":"Sweeping Beam","floor":19.0},{"not_picked":["Rainbow","Leap"],"picked":"Loop+1","floor":28.0},{"not_picked":["Storm+1","Stack"],"picked":"Conserve Battery","floor":29.0},{"not_picked":["Sweeping Beam","Sunder"],"picked":"Defragment+1","floor":30.0},{"not_picked":["Reboot","Fission"],"picked":"Creative AI+1","floor":33.0},{"not_picked":["Undo"],"picked":"SKIP","floor":35.0},{"not_picked":[],"picked":"Ball Lightning","floor":36.0},{"not_picked":["Go for the Eyes+1"],"picked":"SKIP","floor":38.0},{"not_picked":[],"picked":"Stack+1","floor":39},{"not_picked":["Coolheaded"],"picked":"SKIP","floor":42}],"player_experience":672645,"relics_obtained":[{"floor":9.0,"key":"MawBank"},{"floor":14.0,"key":"Blue Candle"},{"floor":26.0,"key":"Frozen Egg 2"},{"floor":28.0,"key":"Omamori"},{"floor":43,"key":"DataDisk"}],"event_choices":[{"event_name":"Shining Light","player_choice":"Entered Light","floor":5.0,"damage_taken":0.0},{"event_name":"Accursed Blacksmith","player_choice":"Forge","floor":8.0,"damage_taken":0.0},{"event_name":"Wheel of Change","player_choice":"Full Heal","floor":20.0,"damage_taken":0.0},{"event_name":"Bonfire Elementals","player_choice":"BASIC","floor":21.0,"damage_taken":0.0},{"event_name":"Vampires","player_choice":"Ignored","floor":24.0,"damage_taken":0.0},{"event_name":"Winding Halls","player_choice":"Max HP","floor":37.0,"damage_taken":0.0},{"event_name":"Wheel of Change","player_choice":"Damage","floor":41,"damage_taken":0}],"is_beta":false,"boss_relics":[{"not_picked":["Lizard Tail","Empty Cage"],"picked":"Nuclear Battery"},{"not_picked":["FrozenCore","Eternal Feather"],"picked":"Busted Crown"}],"items_purged_floors":[22],"is_endless":false,"potions_floor_spawned":[2,3,4,16,18,19,29,30,36,38],"killed_by":"3 Darklings","ascension_level":6}