{"path_per_floor":["M","?","$","M","M","R","?","R","T","R","M","M","?","?","R","B",null,"M","$","M","?","M","R","?","M","T","$","R","E","?","?","R"],"character_chosen":"THE_SILENT","items_purchased":["Pen Nib","Poisoned Stab","Anchor"],"gold_per_floor":[109,184,12,24,42,42,42,42,120,120,135,155,155,155,155,284,284,300,80,98,23,46,46,46,62,62,62,62,98,98,98,98,98],"floor_reached":33,"campfire_rested":1,"playtime":1152,"current_hp_per_floor":[70,59,59,59,59,59,42,42,42,63,63,63,63,49,49,28,70,70,70,70,70,70,70,70,70,70,70,70,56,56,56,56,0],"items_purged":["Strike_G"],"gold":98,"score":253,"play_id":"022c8a26-30b8-45c3-b614-e36d39d7d292","local_time":"20180404232807","is_prod":false,"is_daily":false,"is_ascension_mode":false,"campfire_upgraded":6,"timestamp":1522877287,"path_taken":["M","?","$","?","M","R","?","R","T","R","M","M","?","?","R","BOSS","M","$","M","?","M","R","?","?","T","$","R","E","?","?","R","BOSS"],"build_version":"2018-03-29v2","purchased_purges":3,"victory":false,"master_deck":["Defend_G","Defend_G+1","Defend_G","Defend_G","Defend_G","Strike_G","Strike_G","Survivor","Neutralize+1","Grand Finale","Glass Knife+1","Poisoned Stab","Deflect","Predator+1","Flying Knee","Escape Plan+1","Glass Knife+1","Dagger Spray","Backflip+1","Sucker Punch+1","Backflip"],"max_hp_per_floor":[70,70,70,70,70,70,70,70,70,70,70,70,70,70,70,70,70,70,70,70,70,70,70,70,70,70,70,70,70,70,70,70,70],"relics":["Ring of the Snake","Pen Nib","Golden Idol","Toolbox","Sozu","Anchor","Bird Faced Urn","Bag of Marbles","Dream Catcher"],"card_choices":[{"not_picked":["Dagger Throw","Blur"],"picked":"Glass Knife","floor":1},{"not_picked":["Backflip","Dagger Spray"],"picked":"Deflect","floor":4},{"not_picked":["Bouncing Flask","Blur"],"picked":"Predator","floor":5},{"not_picked":["Accuracy","Blade Dance"],"picked":"Flying Knee","floor":11},{"not_picked":["Predator","Poisoned Stab"],"picked":"Escape Plan","floor":12},{"not_picked":["Unload","Tools of the Trade"],"picked":"Glass Knife","floor":16},{"not_picked":["Slice","Bane"],"picked":"Dagger Spray","floor":18},{"not_picked":["PiercingWail","Underhanded Strike"],"picked":"Backflip","floor":20},{"not_picked":["Cloak And Dagger","Envenom"],"picked":"Sucker Punch","floor":25},{"not_picked":["Slice","Choke"],"picked":"Backflip","floor":29}],"player_experience":315733,"potions_floor_usage":[16,22],"damage_taken":[{"damage":0,"enemies":"Jaw Worm","floor":1,"turns":5},{"damage":0,"enemies":"Small Slimes","floor":4,"turns":3},{"damage":0,"enemies":"Cultist","floor":5,"turns":2},{"damage":0,"enemies":"3 Louse","floor":11,"turns":3},{"damage":0,"enemies":"Looter","floor":12,"turns":1},{"damage":36,"enemies":"Hexaghost","floor":16,"turns":10},{"damage":0,"enemies":"3 Byrds","floor":18,"turns":5},{"damage":0,"enemies":"Shell Parasite","floor":20,"turns":5},{"damage":0,"enemies":"Snake Plant","floor":22,"turns":2},{"damage":0,"enemies":"Centurion and Healer","floor":25,"turns":4},{"damage":14,"enemies":"Gremlin Leader","floor":29,"turns":4},{"damage":66,"enemies":"Collector","floor":33,"turns":11}],"event_choices":[{"event_name":"World of Goop","player_choice":"Gather Gold","floor":2,"damage_taken":0},{"event_name":"Golden Idol","player_choice":"Take Damage","floor":7,"damage_taken":0},{"event_name":"Liars Game","player_choice":"disagreed","floor":13,"damage_taken":0},{"event_name":"Shining Light","player_choice":"Entered Light","floor":14,"damage_taken":0},{"event_name":"Beggar","player_choice":"Gave Gold","floor":21,"damage_taken":0},{"event_name":"Back to Basics","player_choice":"Elegance","floor":24,"damage_taken":0},{"event_name":"The Mausoleum","player_choice":"Yes","floor":30,"damage_taken":0},{"event_name":"Ghosts","player_choice":"Ignored","floor":31,"damage_taken":0}],"boss_relics":[{"not_picked":["Lizard Tail","Orrery"],"picked":"Sozu"}],"potions_floor_spawned":[4,5,18,22,25],"seed_played":"9064535122245669441","killed_by":"Collector","ascension_level":0,"is_trial":false}