{"gold_per_floor":[113,129,148,148,148,148,175,175,199,199,199,209,221,7,7,85,85,99,52,52,52,52],"floor_reached":22,"playtime":1158,"items_purged":[],"score":350,"play_id":"2b65937c-cdfe-4976-9cad-98a14bad8393","local_time":"20190130223651","is_ascension_mode":true,"campfire_choices":[{"data":"Feel No Pain","floor":6.0,"key":"SMITH"},{"data":"Body Slam","floor":8.0,"key":"SMITH"},{"data":"Defend_R","floor":11.0,"key":"SMITH"},{"data":"Juggernaut","floor":15.0,"key":"SMITH"}],"neow_cost":"CURSE","seed_source_timestamp":515150351991582,"circlet_count":0,"master_deck":["AscendersBane","Strike_R","Strike_R","Defend_R","Defend_R","Defend_R","Defend_R+1","Bash+1","Armaments+1","Feel No Pain+1","Clothesline+1","Body Slam+1","Metallicize","Disarm","Juggernaut+1","Ghostly Armor","Juggernaut","Barricade+1","Berserk+1","Berserk+1","Disarm","Shrug It Off"],"special_seed":0,"relics":["Burning Blood","Magic Flower","Centennial Puzzle","Regal Pillow","Astrolabe"],"potions_floor_usage":[16,16],"damage_taken":[{"damage":7.0,"enemies":"Small Slimes","floor":1.0,"turns":4.0},{"damage":4.0,"enemies":"Jaw Worm","floor":2.0,"turns":5.0},{"damage":12.0,"enemies":"Cultist","floor":3.0,"turns":5.0},{"damage":29.0,"enemies":"Lagavulin","floor":7.0,"turns":7.0},{"damage":6.0,"enemies":"Exordium Wildlife","floor":12.0,"turns":4.0},{"damage":9.0,"enemies":"3 Louse","floor":13.0,"turns":4.0},{"damage":1,"enemies":"Hexaghost","floor":16,"turns":9},{"damage":26,"enemies":"Shell Parasite","floor":18,"turns":7},{"damage":37,"enemies":"2 Thieves","floor":19,"turns":5},{"damage":39,"enemies":"Cultist and Chosen","floor":22,"turns":4}],"seed_played":"-2796520483707613707","potions_obtained":[{"floor":2.0,"key":"Fire Potion"},{"floor":7.0,"key":"SkillPotion"},{"floor":13.0,"key":"Weak Potion"}],"is_trial":false,"path_per_floor":["M","M","M","?","?","R","E","R","T","?","R","M","M","$","R","B",null,"M","M","$","?","M"],"character_chosen":"IRONCLAD","items_purchased":["Juggernaut","Ghostly Armor"],"campfire_rested":0,"item_purchase_floors":[14,14],"current_hp_per_floor":[70,75,72,49,49,49,29,29,29,54,54,57,57,57,57,65,73,56,28,28,28,0],"gold":52,"neow_bonus":"ONE_RARE_RELIC","is_prod":false,"is_daily":false,"chose_seed":false,"campfire_upgraded":4,"win_rate":0,"timestamp":1548884211,"path_taken":["M","M","M","?","?","R","E","R","T","?","R","M","M","$","R","BOSS","M","M","$","?","M"],"build_version":"2019-01-23","purchased_purges":0,"victory":false,"max_hp_per_floor":[75,75,75,75,75,75,75,75,75,75,75,75,75,75,75,75,75,75,75,75,72,72],"card_choices":[{"not_picked":["Searing Blow","Body Slam"],"picked":"Armaments","floor":1.0},{"not_picked":["Evolve","Flex"],"picked":"Feel No Pain","floor":2.0},{"not_picked":["Flame Barrier","Thunderclap"],"picked":"Clothesline","floor":3.0},{"not_picked":["Wild Strike","Iron Wave"],"picked":"Body Slam","floor":7.0},{"not_picked":["Body Slam","Iron Wave"],"picked":"Metallicize","floor":12.0},{"not_picked":["Metallicize","Heavy Blade"],"picked":"Disarm","floor":13.0},{"not_picked":["Berserk","Dark Embrace"],"picked":"Juggernaut","floor":16},{"not_picked":["Sword Boomerang","Inflame+1"],"picked":"Disarm","floor":18},{"not_picked":["Cleave","Infernal Blade"],"picked":"Shrug It Off","floor":19}],"player_experience":1146734,"relics_obtained":[{"floor":7.0,"key":"Centennial Puzzle"},{"floor":9.0,"key":"Regal Pillow"}],"event_choices":[{"damage_healed":0.0,"max_hp_gain":0.0,"max_hp_loss":0.0,"gold_gain":0.0,"event_name":"Shining Light","player_choice":"Entered Light","floor":4.0,"gold_loss":0.0,"damage_taken":23.0,"cards_upgraded":["Armaments","Clothesline"]},{"damage_healed":0.0,"max_hp_gain":0.0,"max_hp_loss":0.0,"gold_gain":0.0,"event_name":"Living Wall","player_choice":"Grow","floor":5.0,"gold_loss":0.0,"damage_taken":0.0,"cards_upgraded":["Bash"]},{"damage_healed":25.0,"max_hp_gain":0.0,"max_hp_loss":0.0,"gold_gain":0.0,"event_name":"Big Fish","player_choice":"Banana","floor":10.0,"gold_loss":0.0,"damage_taken":0.0},{"cards_removed":["Parasite"],"damage_healed":0,"gold_gain":0,"player_choice":"Elegance","damage_taken":0,"max_hp_gain":0,"max_hp_loss":0,"event_name":"Back to Basics","floor":21,"gold_loss":0}],"is_beta":false,"boss_relics":[{"not_picked":["Runic Cube","Calling Bell"],"picked":"Astrolabe"}],"items_purged_floors":[],"is_endless":false,"potions_floor_spawned":[2,7,13],"killed_by":"Cultist and Chosen","ascension_level":18}