{"gold_per_floor":[111,165,165,165,182,182,202,202,280,292,292,303,303,316,316,389,389,406,422,1,12,12,26,26,46,46,46,56,74,74,74,74,74],"floor_reached":33,"playtime":1357,"items_purged":["Strike_B"],"score":482,"play_id":"9258423f-5d5b-43c9-b9af-4c7419798180","local_time":"20181226205752","is_ascension_mode":true,"campfire_choices":[{"floor":6,"key":"REST"},{"data":"Streamline","floor":8,"key":"SMITH"},{"data":"Conserve Battery","floor":11,"key":"SMITH"},{"data":"Hologram","floor":15,"key":"SMITH"},{"data":"Go for the Eyes","floor":24,"key":"SMITH"},{"data":"Fission","floor":30,"key":"SMITH"},{"floor":32,"key":"REST"}],"neow_cost":"PERCENT_DAMAGE","seed_source_timestamp":30746665237417,"circlet_count":0,"master_deck":["AscendersBane","Strike_B","Strike_B","Defend_B+1","Defend_B","Defend_B","Zap","Dualcast","Ball Lightning+1","Streamline+1","Conserve Battery+1","Hologram+1","Skim","Core Surge","Turbo","Self Repair","Rebound","Go for the Eyes+1","Conserve Battery","Fission+1","Rip and Tear","Redo"],"relics":["Cracked Core","Art of War","Happy Flower","Ornamental Fan","Nuclear Battery","Membership Card","Gambling Chip"],"potions_floor_usage":[16],"damage_taken":[{"damage":1,"enemies":"Cultist","floor":1,"turns":3},{"damage":0,"enemies":"Small Slimes","floor":5,"turns":3},{"damage":10,"enemies":"2 Louse","floor":7,"turns":2},{"damage":0,"enemies":"2 Fungi Beasts","floor":10,"turns":2},{"damage":0,"enemies":"Large Slime","floor":12,"turns":4},{"damage":0,"enemies":"Exordium Wildlife","floor":14,"turns":2},{"damage":69,"enemies":"Hexaghost","floor":16,"turns":10},{"damage":7,"enemies":"Shell Parasite","floor":18,"turns":5},{"damage":4,"enemies":"3 Byrds","floor":19,"turns":4},{"damage":11,"enemies":"3 Cultists","floor":21,"turns":5},{"damage":5,"enemies":"Snake Plant","floor":23,"turns":4},{"damage":9,"enemies":"Snecko","floor":25,"turns":4},{"damage":14,"enemies":"Sentry and Sphere","floor":28,"turns":4},{"damage":19,"enemies":"Snake Plant","floor":29,"turns":5},{"damage":58,"enemies":"Collector","floor":33,"turns":7}],"seed_played":"6383068238131090030","potions_obtained":[{"floor":7,"key":"Fire Potion"},{"floor":10,"key":"EntropicBrew"},{"floor":12,"key":"SteroidPotion"},{"floor":23,"key":"FearPotion"}],"is_trial":false,"path_per_floor":["M","T","?","?","M","R","M","R","T","M","R","M","?","M","R","B",null,"M","M","$","M","$","M","R","M","T","?","M","M","R","?","R","B"],"character_chosen":"DEFECT","items_purchased":["Membership Card","Gambling Chip"],"campfire_rested":2,"item_purchase_floors":[20,20],"current_hp_per_floor":[59,59,33,7,7,32,22,22,22,22,22,22,85,85,85,16,68,61,57,57,46,46,48,48,46,46,46,39,20,20,20,45,0],"gold":74,"neow_bonus":"TWENTY_PERCENT_HP_BONUS","is_prod":false,"is_daily":false,"chose_seed":false,"campfire_upgraded":5,"win_rate":0,"timestamp":1545825472,"path_taken":["M","?","?","?","M","R","M","R","T","M","R","M","?","M","R","BOSS","M","?","$","M","$","M","R","M","T","?","M","M","R","?","R","BOSS"],"build_version":"2018-12-20","purchased_purges":1,"victory":false,"max_hp_per_floor":[85,85,85,85,85,85,85,85,85,85,85,85,85,85,85,85,85,85,85,85,85,85,85,85,85,85,85,85,85,85,85,85,85],"card_choices":[{"not_picked":["Heatsinks","Glacier"],"picked":"Ball Lightning","floor":1},{"not_picked":["Gash","Stack"],"picked":"Streamline","floor":5},{"not_picked":["Redo","Streamline","Hello World"],"picked":"SKIP","floor":7},{"not_picked":["Compile Driver","Loop"],"picked":"Conserve Battery","floor":10},{"not_picked":["Stack","Rebound"],"picked":"Hologram","floor":12},{"not_picked":["Chaos","Chill"],"picked":"Skim","floor":14},{"not_picked":["Thunder Strike","Reboot"],"picked":"Core Surge","floor":16},{"not_picked":["Streamline+1","Sunder"],"picked":"Turbo","floor":18},{"not_picked":["Turbo","Force Field"],"picked":"Self Repair","floor":19},{"not_picked":["Hello World","Auto Shields+1"],"picked":"Rebound","floor":21},{"not_picked":["Hologram","Barrage"],"picked":"Go for the Eyes","floor":23},{"not_picked":["Compile Driver","Beam Cell"],"picked":"Conserve Battery","floor":25},{"not_picked":["Hologram","Beam Cell"],"picked":"Fission","floor":28},{"not_picked":["Turbo+1","Gash+1","Static Discharge"],"picked":"SKIP","floor":29}],"player_experience":861156,"relics_obtained":[{"floor":2,"key":"Art of War"},{"floor":9,"key":"Ornamental Fan"}],"event_choices":[{"damage_healed":0,"gold_gain":0,"player_choice":"Entered Light","damage_taken":26,"max_hp_gain":0,"max_hp_loss":0,"event_name":"Shining Light","floor":3,"gold_loss":0,"cards_upgraded":["Defend_B","Ball Lightning"]},{"damage_healed":0,"gold_gain":0,"player_choice":"Success","damage_taken":26,"relics_obtained":["Happy Flower"],"max_hp_gain":0,"max_hp_loss":0,"event_name":"Scrap Ooze","floor":4,"gold_loss":0},{"damage_healed":63,"gold_gain":0,"player_choice":"Full Heal","damage_taken":0,"max_hp_gain":0,"max_hp_loss":0,"event_name":"Wheel of Change","floor":13,"gold_loss":0},{"damage_healed":0,"gold_gain":0,"player_choice":"Ignored","damage_taken":0,"max_hp_gain":0,"max_hp_loss":0,"event_name":"Vampires","floor":27,"gold_loss":0},{"damage_healed":0,"gold_gain":0,"cards_transformed":["Strike_B","Defend_B"],"player_choice":"Became Test Subject","damage_taken":0,"max_hp_gain":0,"max_hp_loss":0,"event_name":"Drug Dealer","floor":31,"gold_loss":0,"cards_obtained":["Rip and Tear","Redo"]}],"is_beta":false,"boss_relics":[{"not_picked":["Lizard Tail","Runic Pyramid"],"picked":"Nuclear Battery"}],"items_purged_floors":[20],"is_endless":false,"potions_floor_spawned":[7,10,12,23,28],"killed_by":"Collector","ascension_level":20}