{"gold_per_floor":[112,189,46,221,234,263,153,173,173,248,248,266,298,318,318,415,415,431,431,454,206,223,240,74,91,142,142,156,156,166,166,166,267,267,277,100,100,100,113,113,25,60,60,70,70,70,70,70,70,70],"floor_reached":51,"playtime":551,"items_purged":["Doubt","Defend_R","Strike_R","Strike_R","Strike_R+1"],"score":740,"play_id":"897657cf-0a08-4cd1-83b8-cac755565acd","local_time":"20181231022243","is_ascension_mode":false,"campfire_choices":[{"floor":15,"key":"REST"},{"data":"Flex","floor":27,"key":"SMITH"},{"data":"Bash","floor":29,"key":"SMITH"},{"floor":32,"key":"REST"},{"floor":40,"key":"REST"},{"floor":49,"key":"REST"}],"neow_cost":"NONE","seed_source_timestamp":281535901274497,"circlet_count":0,"master_deck":["Strike_R+1","Strike_R+1","Flex+1","Heavy Blade+1","Disarm+1","Flex+1","Whirlwind+1","Limit Break+1"],"special_seed":0,"relics":["Astrolabe","Vajra","Champion Belt","Bottled Flame","Centennial Puzzle","Philosopher\u0027s Stone","Blood Vial","Membership Card","Lee\u0027s Waffle","Juzu Bracelet","Sozu","Chemical X","Mark of the Bloom","Gremlin Horn","Bag of Marbles"],"potions_floor_usage":[14,33,50,50],"damage_taken":[{"damage":12.0,"enemies":"2 Louse","floor":1.0,"turns":2.0},{"damage":8.0,"enemies":"Jaw Worm","floor":5.0,"turns":2.0},{"damage":8.0,"enemies":"Gremlin Nob","floor":6.0,"turns":3.0},{"damage":0.0,"enemies":"Small Slimes","floor":8.0,"turns":2.0},{"damage":10.0,"enemies":"Looter","floor":12.0,"turns":2.0},{"damage":9.0,"enemies":"3 Sentries","floor":13.0,"turns":2.0},{"damage":13,"enemies":"Exordium Thugs","floor":14,"turns":2},{"damage":13,"enemies":"Slime Boss","floor":16,"turns":6},{"damage":8,"enemies":"Shell Parasite","floor":18,"turns":2},{"damage":11,"enemies":"Spheric Guardian","floor":22,"turns":3},{"damage":12,"enemies":"Chosen and Byrds","floor":23,"turns":2},{"damage":0,"enemies":"3 Cultists","floor":25,"turns":1},{"damage":0,"enemies":"Centurion and Healer","floor":28,"turns":2},{"damage":0,"enemies":"Sentry and Sphere","floor":30,"turns":2},{"damage":30,"enemies":"Collector","floor":33,"turns":5},{"damage":0,"enemies":"3 Darklings","floor":35,"turns":1},{"damage":0,"enemies":"3 Shapes","floor":39,"turns":1},{"damage":42,"enemies":"Nemesis","floor":42,"turns":3},{"damage":26,"enemies":"Maw","floor":44,"turns":3},{"damage":0,"enemies":"Reptomancer","floor":46,"turns":2},{"damage":0,"enemies":"Sphere and 2 Shapes","floor":47,"turns":1},{"damage":22,"enemies":"Donu and Deca","floor":50,"turns":2}],"seed_played":"-688658461065106822","potions_obtained":[{"floor":1.0,"key":"Energy Potion"},{"floor":12.0,"key":"Fire Potion"},{"floor":16,"key":"Dexterity Potion"},{"floor":18,"key":"Ancient Potion"},{"floor":25,"key":"AttackPotion"},{"floor":33,"key":"SneckoOil"}],"is_trial":false,"path_per_floor":["M","?","$","?","M","E","$","M","T","?","?","M","E","M","R","B",null,"M","?","T","$","M","M","$","M","T","R","M","R","M","?","R","B",null,"M","$","?","?","M","R","$","E","T","M","?","E","M","?","R","B",null],"character_chosen":"IRONCLAD","items_purchased":["Vajra","Whirlwind","Membership Card","Lee\u0027s Waffle","Chemical X"],"campfire_rested":4,"item_purchase_floors":[3,7,21,24,36],"current_hp_per_floor":[68,68,68,68,60,52,52,52,52,41,41,31,22,9,33,20,80,72,57,57,57,48,38,92,92,92,92,92,92,92,92,92,62,92,92,92,92,92,92,92,92,50,50,24,24,24,24,24,24,2],"gold":70,"neow_bonus":"BOSS_RELIC","is_prod":false,"is_daily":false,"chose_seed":false,"campfire_upgraded":2,"win_rate":1,"timestamp":1546240963,"path_taken":["M","?","$","?","M","E","$","M","T","?","?","M","E","M","R","BOSS","M","?","?","$","M","M","$","M","T","R","M","R","M","?","R","BOSS","M","$","?","?","M","R","$","E","T","M","?","E","M","?","R","BOSS"],"build_version":"2018-12-20","purchased_purges":5,"victory":true,"max_hp_per_floor":[80,80,80,80,80,80,80,80,80,80,80,80,80,80,80,80,80,80,85,85,85,85,85,92,92,92,92,92,92,92,92,92,92,92,92,92,92,92,92,92,92,92,92,92,92,92,92,92,92,92],"card_choices":[{"not_picked":["Warcry","Perfected Strike"],"picked":"Flex","floor":1.0},{"not_picked":["Juggernaut","Double Tap"],"picked":"Limit Break","floor":33}],"player_experience":132954,"relics_obtained":[{"floor":6.0,"key":"Champion Belt"},{"floor":9.0,"key":"Bottled Flame"},{"floor":13.0,"key":"Centennial Puzzle"},{"floor":20,"key":"Blood Vial"},{"floor":26,"key":"Juzu Bracelet"},{"floor":42,"key":"Gremlin Horn"},{"floor":43,"key":"Bag of Marbles"}],"event_choices":[{"damage_healed":0.0,"max_hp_gain":0.0,"max_hp_loss":0.0,"gold_gain":77.0,"event_name":"Golden Wing","player_choice":"Gained Gold","floor":2.0,"gold_loss":0.0,"damage_taken":0.0},{"damage_healed":0.0,"max_hp_gain":0.0,"max_hp_loss":0.0,"gold_gain":175.0,"event_name":"Liars Game","player_choice":"AGREE","floor":4.0,"gold_loss":0.0,"damage_taken":0.0,"cards_obtained":["Doubt"]},{"damage_healed":0.0,"max_hp_gain":0.0,"max_hp_loss":0.0,"gold_gain":75.0,"event_name":"World of Goop","player_choice":"Gather Gold","floor":10.0,"gold_loss":0.0,"damage_taken":11.0},{"damage_healed":0.0,"max_hp_gain":0.0,"max_hp_loss":0.0,"gold_gain":0.0,"event_name":"Living Wall","player_choice":"Grow","floor":11.0,"gold_loss":0.0,"damage_taken":0.0,"cards_upgraded":["Whirlwind"]},{"damage_healed":0,"gold_gain":0,"player_choice":"Shed Blood","damage_taken":20,"max_hp_gain":5,"max_hp_loss":0,"event_name":"Forgotten Altar","floor":19,"gold_loss":0},{"damage_healed":30,"gold_gain":0,"player_choice":"Heal","damage_taken":0,"max_hp_gain":0,"max_hp_loss":0,"event_name":"The Library","floor":31,"gold_loss":0},{"damage_healed":0,"gold_gain":0,"player_choice":"Ignored","damage_taken":0,"max_hp_gain":0,"max_hp_loss":0,"event_name":"Tomb of Lord Red Mask","floor":37,"gold_loss":0},{"damage_healed":0,"gold_gain":0,"player_choice":"Upgrade","damage_taken":0,"relics_obtained":["Mark of the Bloom"],"max_hp_gain":0,"max_hp_loss":0,"event_name":"MindBloom","floor":38,"gold_loss":0,"cards_upgraded":["Strike_R","Strike_R","Strike_R","Limit Break"]},{"cards_removed":["Bash"],"damage_healed":0,"gold_gain":0,"player_choice":"Removed Attack","damage_taken":0,"max_hp_gain":0,"max_hp_loss":0,"event_name":"Falling","floor":45,"gold_loss":0},{"damage_healed":0,"gold_gain":0,"player_choice":"Memory 1","damage_taken":0,"max_hp_gain":0,"max_hp_loss":0,"event_name":"SensoryStone","floor":48,"gold_loss":0}],"is_beta":false,"boss_relics":[{"not_picked":["Orrery","Empty Cage"],"picked":"Philosopher\u0027s Stone"},{"not_picked":["Runic Pyramid","Velvet Choker"],"picked":"Sozu"}],"items_purged_floors":[7,21,24,36,41],"is_endless":false,"potions_floor_spawned":[1,12,16,18,25,28,33,35,44,46,47],"ascension_level":0}