{"path_per_floor":["M","M","$","?","$","R","E","?","T","R","$","M","?","T","R","B",null,"M","$","?","M","?","R","M","M","T","M","M","?","R","M","R"],"character_chosen":"IRONCLAD","items_purchased":["Deep Breath","Inflame","Sword Boomerang","Happy Flower"],"gold_per_floor":[112,131,39,114,40,40,69,69,94,94,47,57,57,57,57,157,157,175,61,61,80,80,80,99,116,140,156,171,171,171,188,188],"floor_reached":33,"campfire_rested":5,"playtime":1700,"current_hp_per_floor":[80,80,80,69,69,69,44,28,28,52,52,55,55,55,79,36,80,73,73,73,53,53,77,80,66,66,52,35,35,59,15,39],"items_purged":[],"gold":188,"score":257,"play_id":"530db81e-5700-40e2-8738-269a32450a4d","local_time":"20180308150954","is_prod":false,"is_daily":false,"is_ascension_mode":true,"campfire_upgraded":1,"timestamp":1520518194,"path_taken":["M","M","$","?","$","R","E","?","T","R","?","M","?","?","R","BOSS","M","$","?","M","?","R","M","M","T","M","M","?","R","M","R","BOSS"],"build_version":"2018-03-01-PROD1","purchased_purges":0,"victory":false,"master_deck":["Strike_R+1","Strike_R","Strike_R","Strike_R","Defend_R+1","Defend_R+1","Defend_R","Defend_R+1","Bash","Spot Weakness","Inflame+1","Iron Wave","Deep Breath","Inflame","Shrug It Off","Sword Boomerang","Headbutt","Brutality","Sword Boomerang","Anger","Anger","Rage","Heavy Blade+1","Demon Form","Flex","Pommel Strike","Inflame","Shrug It Off+1","Twin Strike","Writhe","Spot Weakness"],"max_hp_per_floor":[80,80,80,80,80,80,80,80,80,80,80,80,80,80,80,80,80,80,80,80,80,80,80,80,80,80,80,80,80,80,80,80],"relics":["Burning Blood","War Paint","Art of War","The Courier","Orrery","Happy Flower","Prayer Wheel","Blue Candle"],"card_choices":[{"not_picked":["Iron Wave","Perfected Strike"],"picked":"Spot Weakness"},{"not_picked":["Headbutt","Metallicize"],"picked":"Inflame"},{"not_picked":["Perfected Strike","Body Slam"],"picked":"Iron Wave"},{"not_picked":["Twin Strike","Sword Boomerang"],"picked":"Shrug It Off"},{"not_picked":["Warcry","Evolve"],"picked":"Headbutt"},{"not_picked":["Barricade","Fiend Fire"],"picked":"Brutality"},{"not_picked":["Headbutt","Anger"],"picked":"Sword Boomerang"},{"not_picked":["Clothesline","True Grit"],"picked":"Anger"},{"not_picked":["Warcry","Feel No Pain"],"picked":"Anger"},{"not_picked":["Entrench","Searing Blow"],"picked":"Rage"},{"not_picked":["Blood for Blood","Body Slam"],"picked":"Heavy Blade"},{"not_picked":["Carnage","Headbutt"],"picked":"Demon Form"},{"not_picked":["Armaments","Warcry"],"picked":"Pommel Strike"},{"not_picked":["Demon Form","Anger"],"picked":"Inflame"},{"not_picked":["Spot Weakness","Rampage"],"picked":"Shrug It Off"},{"not_picked":["Anger","Headbutt"],"picked":"Twin Strike"},{"not_picked":["Anger","Wild Strike"],"picked":"Spot Weakness"}],"player_experience":144643,"potions_floor_usage":[33,33,33],"damage_taken":[{"damage":6,"enemies":"2 Louse","floor":1,"turns":3},{"damage":2,"enemies":"Small Slimes","floor":2,"turns":3},{"damage":31,"enemies":"Lagavulin","floor":7,"turns":4},{"damage":3,"enemies":"Jaw Worm","floor":12,"turns":2},{"damage":49,"enemies":"The Guardian","floor":16,"turns":9},{"damage":13,"enemies":"Spheric Guardian","floor":18,"turns":4},{"damage":26,"enemies":"Shell Parasite","floor":21,"turns":5},{"damage":2,"enemies":"Sentry and Sphere","floor":24,"turns":3},{"damage":20,"enemies":"Chosen and Byrds","floor":25,"turns":7},{"damage":20,"enemies":"Snake Plant","floor":27,"turns":5},{"damage":23,"enemies":"Snecko","floor":28,"turns":5},{"damage":50,"enemies":"Cultist and Chosen","floor":31,"turns":6},{"damage":74,"enemies":"Automaton","floor":33,"turns":6}],"event_choices":[{"event_name":"World of Goop","player_choice":"Gather Gold","floor":4,"damage_taken":0},{"event_name":"Shining Light","player_choice":"Entered Light","floor":8,"damage_taken":0},{"event_name":"Purifier","player_choice":"One Purge","floor":13,"damage_taken":0},{"event_name":"The Library","player_choice":"Read","floor":20,"damage_taken":0},{"event_name":"Upgrade Shrine","player_choice":"Upgraded","floor":22,"damage_taken":0},{"event_name":"The Mausoleum","player_choice":"Yes","floor":29,"damage_taken":0}],"boss_relics":[{"not_picked":["Calling Bell","Cursed Key"],"picked":"Orrery"}],"potions_floor_spawned":[1,16,21,24,25,28],"seed_played":"-512271265414769988","killed_by":"Automaton","ascension_level":1,"is_trial":false}