{"gold_per_floor":[115,128,141,154,172,172,172,190,269,290,290,363,386,432,432,563,563,578,227,227,246,72,72,116,116,140,62,83,83,83,102,102,197,197,217,232,23,43,0,27,27,53,102,102,126,145,145,163,163,163],"floor_reached":51,"playtime":4604,"items_purged":[],"score":791,"play_id":"7bef1157-27d3-456e-a7ae-8d98bba3dc24","local_time":"20181205215916","is_ascension_mode":true,"campfire_choices":[{"data":"Bash","floor":6.0,"key":"SMITH"},{"data":"Metallicize","floor":11.0,"key":"SMITH"},{"data":"Flame Barrier","floor":15.0,"key":"SMITH"},{"data":"Apotheosis","floor":23.0,"key":"SMITH"},{"floor":25.0,"key":"REST"},{"floor":29.0,"key":"REST"},{"floor":32.0,"key":"REST"},{"floor":41.0,"key":"REST"},{"data":"Offering","floor":44.0,"key":"SMITH"},{"data":"Rupture","floor":47.0,"key":"SMITH"},{"floor":49,"key":"REST"}],"neow_cost":"PERCENT_DAMAGE","seed_source_timestamp":0,"circlet_count":0,"master_deck":["Strike_R+1","Strike_R","Strike_R+1","Strike_R","Defend_R","Defend_R","Defend_R","Defend_R","Bash+1","Impervious","Shrug It Off","Shrug It Off","Shrug It Off","Entrench","Injury","Metallicize+1","Brutality","Armaments","Flame Barrier+1","Demon Form","True Grit","Offering+1","Metallicize","Flame Barrier+1","Apotheosis+1","Limit Break","Inflame","Body Slam+1","Limit Break","Rupture+1"],"special_seed":0,"relics":["Burning Blood","Bloody Idol","Pantograph","Pocketwatch","Happy Flower","Runic Cube","Medical Kit","Ginger","Blood Vial","Velvet Choker","Sling","Red Mask","Potion Belt","Anchor","Whetstone","Lantern"],"potions_floor_usage":[48,50],"damage_taken":[{"damage":5.0,"enemies":"Cultist","floor":1.0,"turns":4.0},{"damage":10.0,"enemies":"Jaw Worm","floor":2.0,"turns":4.0},{"damage":7.0,"enemies":"Small Slimes","floor":3.0,"turns":4.0},{"damage":8.0,"enemies":"Blue Slaver","floor":4.0,"turns":6.0},{"damage":0.0,"enemies":"Large Slime","floor":5.0,"turns":5.0},{"damage":3.0,"enemies":"Red Slaver","floor":8.0,"turns":6.0},{"damage":14.0,"enemies":"Blue Slaver","floor":10.0,"turns":5.0},{"damage":46.0,"enemies":"Lagavulin Event","floor":12.0,"turns":12.0},{"damage":2.0,"enemies":"3 Louse","floor":13.0,"turns":3.0},{"damage":11.0,"enemies":"The Guardian","floor":16.0,"turns":17.0},{"damage":10.0,"enemies":"3 Byrds","floor":18.0,"turns":6.0},{"damage":6.0,"enemies":"Chosen","floor":21.0,"turns":8.0},{"damage":57.0,"enemies":"Gremlin Leader","floor":24.0,"turns":8.0},{"damage":47.0,"enemies":"3 Cultists","floor":28.0,"turns":8.0},{"damage":21.0,"enemies":"Centurion and Healer","floor":31.0,"turns":6.0},{"damage":22.0,"enemies":"Automaton","floor":33.0,"turns":11.0},{"damage":18.0,"enemies":"3 Darklings","floor":35.0,"turns":8.0},{"damage":6.0,"enemies":"Orb Walker","floor":36.0,"turns":6.0},{"damage":22.0,"enemies":"Jaw Worm Horde","floor":38.0,"turns":7.0},{"damage":57.0,"enemies":"Reptomancer","floor":40.0,"turns":7.0},{"damage":10.0,"enemies":"Giant Head","floor":42.0,"turns":6.0},{"damage":32.0,"enemies":"Sphere and 2 Shapes","floor":46.0,"turns":6.0},{"damage":11,"enemies":"3 Darklings","floor":48,"turns":6},{"damage":20,"enemies":"Time Eater","floor":50,"turns":11}],"seed_played":"-6011582954687678846","potions_obtained":[{"floor":2.0,"key":"Energy Potion"},{"floor":4.0,"key":"SteroidPotion"},{"floor":8.0,"key":"Explosive Potion"},{"floor":10.0,"key":"Energy Potion"},{"floor":21.0,"key":"Regen Potion"},{"floor":31.0,"key":"EntropicBrew"},{"floor":33.0,"key":"LiquidBronze"},{"floor":35.0,"key":"Poison Potion"},{"floor":38.0,"key":"FearPotion"},{"floor":42.0,"key":"GamblersBrew"}],"is_trial":false,"path_per_floor":["M","M","M","M","M","R","?","M","T","M","R","?","M","T","R","B",null,"M","M","$","?","M","$","R","E","R","T","$","M","R","?","M","R","B",null,"M","M","$","M","?","E","R","E","T","R","T","M","R","M","R","B",null],"character_chosen":"IRONCLAD","items_purchased":["Offering","Medical Kit","Apotheosis","Inflame","Sling"],"campfire_rested":5,"item_purchase_floors":[19,19,22,27,37],"current_hp_per_floor":[57,53,52,50,56,56,56,59,59,51,51,11,15,15,15,35,80,76,76,76,76,76,76,34,58,58,58,19,43,43,35,59,69,80,73,80,80,69,69,25,49,52,57,57,62,43,43,45,69,66],"gold":163,"neow_bonus":"THREE_RARE_CARDS","is_prod":false,"is_daily":false,"chose_seed":false,"campfire_upgraded":6,"win_rate":0,"timestamp":1544021956,"path_taken":["M","?","M","M","M","R","?","M","T","M","R","?","M","?","R","BOSS","M","$","?","?","?","R","E","R","T","$","M","R","?","M","R","BOSS","M","M","$","M","?","E","R","E","T","R","?","?","R","M","R","BOSS"],"build_version":"2018-11-15","purchased_purges":0,"victory":true,"max_hp_per_floor":[80,80,80,80,80,80,80,80,80,80,80,80,80,80,80,80,80,80,80,80,80,80,80,80,80,80,80,80,80,80,80,80,80,80,80,80,80,80,80,80,80,80,80,80,80,80,80,80,80,80],"card_choices":[{"not_picked":["Juggernaut","Double Tap"],"picked":"Impervious","floor":0.0},{"not_picked":["Anger","Flex"],"picked":"Shrug It Off","floor":1.0},{"not_picked":["Pummel","Anger"],"picked":"Shrug It Off","floor":2.0},{"not_picked":["Rage","Cleave"],"picked":"Shrug It Off","floor":3.0},{"not_picked":["Flex","Heavy Blade"],"picked":"Entrench","floor":4.0},{"not_picked":["Bloodletting","Pummel","Wild Strike"],"picked":"SKIP","floor":5.0},{"not_picked":["Havoc","Heavy Blade"],"picked":"Metallicize","floor":8.0},{"not_picked":["Anger","Havoc"],"picked":"Brutality","floor":10.0},{"not_picked":["Anger","Heavy Blade"],"picked":"Armaments","floor":12.0},{"not_picked":["Seeing Red","Ghostly Armor"],"picked":"Flame Barrier","floor":13.0},{"not_picked":["Immolate","Limit Break"],"picked":"Demon Form","floor":16.0},{"not_picked":["Clothesline","Bloodletting"],"picked":"True Grit","floor":18.0},{"not_picked":["Intimidate","Carnage"],"picked":"Flame Barrier+1","floor":21.0},{"not_picked":["Headbutt","Evolve"],"picked":"Limit Break","floor":24.0},{"not_picked":["Wild Strike","Bloodletting"],"picked":"Body Slam+1","floor":28.0},{"not_picked":["Warcry","Clash","Headbutt+1"],"picked":"SKIP","floor":31.0},{"not_picked":["Exhume","Demon Form"],"picked":"Limit Break","floor":33.0},{"not_picked":["Shrug It Off","Anger","Infernal Blade"],"picked":"SKIP","floor":35.0},{"not_picked":["Rampage","Feel No Pain+1","Thunderclap"],"picked":"SKIP","floor":36.0},{"not_picked":["Armaments","Havoc","Carnage"],"picked":"SKIP","floor":38.0},{"not_picked":["Warcry+1","Brutality","Burning Pact+1"],"picked":"SKIP","floor":40.0},{"not_picked":["Ghostly Armor+1","Cleave","Body Slam"],"picked":"SKIP","floor":42.0},{"not_picked":["True Grit+1","Perfected Strike"],"picked":"Rupture","floor":46.0},{"not_picked":["Headbutt+1","Juggernaut","Anger+1"],"picked":"SKIP","floor":48}],"player_experience":178380,"relics_obtained":[{"floor":9.0,"key":"Pantograph"},{"floor":14.0,"key":"Happy Flower"},{"floor":24.0,"key":"Ginger"},{"floor":26.0,"key":"Blood Vial"},{"floor":40.0,"key":"Potion Belt"},{"floor":42.0,"key":"Anchor"},{"floor":43.0,"key":"Whetstone"},{"floor":45.0,"key":"Lantern"}],"event_choices":[{"damage_healed":0.0,"max_hp_gain":0.0,"max_hp_loss":0.0,"gold_gain":0.0,"event_name":"Golden Idol","player_choice":"Take Wound","floor":7.0,"gold_loss":0.0,"damage_taken":0.0,"relics_obtained":["Golden Idol"],"cards_obtained":["Injury"]},{"damage_healed":0.0,"max_hp_gain":0.0,"max_hp_loss":0.0,"gold_gain":0.0,"event_name":"Dead Adventurer","player_choice":"Searched \u00272\u0027 times","floor":12.0,"gold_loss":0.0,"damage_taken":0.0,"relics_obtained":["Pocketwatch"]},{"damage_healed":0.0,"max_hp_gain":0.0,"max_hp_loss":0.0,"gold_gain":0.0,"cards_transformed":["Strike_R"],"event_name":"Transmorgrifier","player_choice":"Transformed","floor":20.0,"gold_loss":0.0,"damage_taken":0.0,"cards_obtained":["Metallicize"]},{"damage_healed":0.0,"max_hp_gain":0.0,"max_hp_loss":0.0,"gold_gain":0.0,"event_name":"Forgotten Altar","player_choice":"Gave Idol","floor":30.0,"relics_lost":["Golden Idol"],"gold_loss":0.0,"damage_taken":0.0,"relics_obtained":["Bloody Idol"]},{"damage_healed":0.0,"max_hp_gain":0.0,"max_hp_loss":0.0,"gold_gain":0.0,"event_name":"Tomb of Lord Red Mask","player_choice":"Paid","floor":39.0,"gold_loss":43.0,"damage_taken":0.0,"relics_obtained":["Red Mask"]}],"is_beta":false,"boss_relics":[{"not_picked":["White Beast Statue","Eternal Feather"],"picked":"Runic Cube"},{"not_picked":["Orrery","Busted Crown"],"picked":"Velvet Choker"}],"items_purged_floors":[],"is_endless":false,"potions_floor_spawned":[2,4,8,10,21,31,33,35,38,42],"ascension_level":2}