{"gold_per_floor":[112,72,72,90,107,107,120,195,247,258,258,258,273,288,288,389,389,408,423,439,439,453,453,468,468,468,468,193,209,220,15,15,15],"floor_reached":33,"playtime":2432,"items_purged":["Defend_R","Defend_R"],"score":268,"play_id":"9e3138e1-5c25-4c0b-b26f-244219a82e41","local_time":"20181016192859","is_ascension_mode":false,"campfire_choices":[{"data":"Flex","floor":6,"key":"SMITH"},{"data":"Flex","floor":11,"key":"SMITH"},{"data":"Iron Wave","floor":15,"key":"SMITH"},{"data":"Feed","floor":23,"key":"SMITH"},{"data":"Disarm","floor":25,"key":"SMITH"},{"data":"Clothesline","floor":27,"key":"SMITH"},{"data":"Apotheosis","floor":32,"key":"SMITH"}],"neow_cost":"NONE","seed_source_timestamp":437053455596352,"circlet_count":0,"master_deck":["Defend_R","Defend_R","Bash","Twin Strike","Flex+1","Flex+1","Twin Strike","Shrug It Off","Iron Wave+1","Clash","Feed+1","Twin Strike+1","Carnage","Disarm+1","Bite","Bite","Bite","Bite","Bite","Iron Wave+1","Clothesline+1","Apotheosis+1","Armaments","Armaments","Dark Shackles"],"relics":["Burning Blood","Bag of Marbles","Runic Cube","Charon\u0027s Ashes"],"potions_floor_usage":[5,13,18,19,22,24,33,33],"damage_taken":[{"damage":5,"enemies":"Jaw Worm","floor":1,"turns":4},{"damage":6,"enemies":"Cultist","floor":4,"turns":3},{"damage":2,"enemies":"Small Slimes","floor":5,"turns":3},{"damage":22,"enemies":"Exordium Thugs","floor":7,"turns":5},{"damage":14,"enemies":"2 Fungi Beasts","floor":10,"turns":3},{"damage":3,"enemies":"Large Slime","floor":13,"turns":2},{"damage":5,"enemies":"3 Louse","floor":14,"turns":2},{"damage":28,"enemies":"Slime Boss","floor":16,"turns":11},{"damage":6,"enemies":"Spheric Guardian","floor":18,"turns":4},{"damage":16,"enemies":"3 Byrds","floor":19,"turns":5},{"damage":10,"enemies":"Sentry and Sphere","floor":20,"turns":3},{"damage":16,"enemies":"Chosen and Byrds","floor":22,"turns":6},{"damage":20,"enemies":"Centurion and Healer","floor":24,"turns":6},{"damage":21,"enemies":"Shelled Parasite and Fungi","floor":29,"turns":5},{"damage":27,"enemies":"Snecko","floor":30,"turns":5},{"damage":63,"enemies":"Automaton","floor":33,"turns":6}],"seed_played":"-4857860856719311212","potions_obtained":[{"floor":2,"key":"SpeedPotion"},{"floor":2,"key":"Fruit Juice"},{"floor":2,"key":"SpeedPotion"},{"floor":5,"key":"Energy Potion"},{"floor":10,"key":"Strength Potion"},{"floor":16,"key":"EssenceOfSteel"},{"floor":19,"key":"EssenceOfSteel"},{"floor":24,"key":"LiquidBronze"},{"floor":30,"key":"Dexterity Potion"}],"is_trial":false,"path_per_floor":["M","?","?","M","M","R","M","?","T","M","R","?","M","M","R","B",null,"M","M","M","?","M","R","M","R","T","R","$","M","M","$","R"],"character_chosen":"IRONCLAD","items_purchased":["Apotheosis","Dark Shackles"],"campfire_rested":0,"item_purchase_floors":[28,31],"current_hp_per_floor":[80,80,90,90,95,95,79,68,68,60,60,91,94,95,95,73,95,95,88,87,70,67,67,61,61,61,61,61,56,50,50,50,0],"gold":15,"neow_bonus":"ONE_RANDOM_RARE_CARD","is_prod":false,"is_daily":false,"chose_seed":false,"campfire_upgraded":7,"win_rate":0.0,"timestamp":1539671339,"path_taken":["M","?","?","M","M","R","M","?","T","?","R","?","M","?","R","BOSS","M","?","?","?","M","R","M","R","T","R","$","M","M","$","R","BOSS"],"build_version":"2018-10-11","purchased_purges":2,"victory":false,"max_hp_per_floor":[80,80,90,90,95,95,95,95,95,95,95,95,95,95,95,95,95,95,98,101,70,73,73,77,77,77,77,77,81,81,81,81,81],"card_choices":[{"not_picked":["Clothesline","Headbutt"],"picked":"Twin Strike","floor":1},{"not_picked":["Sever Soul","Wild Strike"],"picked":"Flex","floor":4},{"not_picked":["Burning Pact","Shrug It Off"],"picked":"Flex","floor":5},{"not_picked":["Clothesline","Brutality"],"picked":"Twin Strike","floor":7},{"not_picked":["True Grit","Flex"],"picked":"Shrug It Off","floor":10},{"not_picked":["Sever Soul","Body Slam"],"picked":"Iron Wave","floor":13},{"not_picked":["Clothesline","Entrench"],"picked":"Clash","floor":14},{"not_picked":["Immolate","Limit Break"],"picked":"Feed","floor":16},{"not_picked":["Ghostly Armor","Second Wind"],"picked":"Twin Strike+1","floor":18},{"not_picked":["Rupture","Power Through"],"picked":"Carnage","floor":19},{"not_picked":["Entrench","Reckless Charge+1"],"picked":"Disarm","floor":20},{"not_picked":["Carnage","Sword Boomerang+1"],"picked":"Iron Wave+1","floor":22},{"not_picked":["Sword Boomerang","Battle Trance"],"picked":"Clothesline","floor":24},{"not_picked":["Evolve+1","Iron Wave"],"picked":"Armaments","floor":29},{"not_picked":["Flex","Sword Boomerang"],"picked":"Armaments","floor":30}],"player_experience":84959,"relics_obtained":[{"floor":9,"key":"Bag of Marbles"},{"floor":26,"key":"Charon\u0027s Ashes"}],"event_choices":[{"event_name":"The Woman in Blue","player_choice":"Bought 3 Potions","floor":2,"damage_taken":0},{"event_name":"Bonfire Elementals","player_choice":"RARE","floor":3,"damage_taken":0},{"event_name":"World of Goop","player_choice":"Gather Gold","floor":8,"damage_taken":0},{"event_name":"Big Fish","player_choice":"Banana","floor":12,"damage_taken":0},{"event_name":"Vampires","player_choice":"Became a vampire","floor":21,"damage_taken":0}],"is_beta":false,"boss_relics":[{"not_picked":["Tiny House","Orrery"],"picked":"Runic Cube"}],"items_purged_floors":[28,31],"is_endless":false,"potions_floor_spawned":[5,10,16,19,24,30],"killed_by":"Automaton","ascension_level":0}