{"gold_per_floor":[110,129,17,47,65,90,109,142,168,202,202,202,16,29,29,127,127,139,152,152,152,170,170],"floor_reached":23,"playtime":1663,"items_purged":["Strike_R"],"score":261,"play_id":"901db6a6-bac6-4f19-95dd-5bbf567d50a1","local_time":"20190127205406","is_ascension_mode":false,"campfire_choices":[{"floor":12,"key":"REST"},{"data":"Whirlwind","floor":15,"key":"SMITH"}],"neow_cost":"NONE","seed_source_timestamp":96841218085836,"circlet_count":0,"master_deck":["Defend_R","Defend_R","Defend_R","Defend_R","Bash","True Grit","Metallicize","Metallicize","Pommel Strike","Disarm","Pommel Strike","Dual Wield","Whirlwind+1","Limit Break+1","Pommel Strike","Immolate","Armaments+1","True Grit+1","Ghostly+1","Ghostly+1","Ghostly+1","Ghostly+1","Ghostly+1","Bite","Bite","Bite","Bite","Bite","Havoc+1"],"relics":["Burning Blood","NeowsBlessing","Tiny Chest","Regal Pillow","Potion Belt","Ancient Tea Set","Bag of Preparation","Toxic Egg 2","Philosopher\u0027s Stone"],"potions_floor_usage":[8,10,23,23],"damage_taken":[{"damage":0,"enemies":"Jaw Worm","floor":1,"turns":1},{"damage":0,"enemies":"Cultist","floor":2,"turns":1},{"damage":0,"enemies":"Small Slimes","floor":5,"turns":1},{"damage":41,"enemies":"3 Sentries","floor":6,"turns":12},{"damage":9,"enemies":"Blue Slaver","floor":7,"turns":5},{"damage":24,"enemies":"Lagavulin","floor":8,"turns":9},{"damage":29,"enemies":"Gremlin Nob","floor":10,"turns":5},{"damage":0,"enemies":"Looter","floor":14,"turns":4},{"damage":28,"enemies":"Slime Boss","floor":16,"turns":11},{"damage":9,"enemies":"Chosen","floor":18,"turns":4},{"damage":14,"enemies":"Shell Parasite","floor":19,"turns":7},{"damage":0,"enemies":"Centurion and Healer","floor":22,"turns":11},{"damage":33,"enemies":"Slavers","floor":23,"turns":6}],"seed_played":"4762618595723622201","potions_obtained":[{"floor":1,"key":"EssenceOfSteel"},{"floor":5,"key":"BloodPotion"},{"floor":8,"key":"FearPotion"},{"floor":16,"key":"Fire Potion"},{"floor":18,"key":"Block Potion"}],"is_trial":false,"path_per_floor":["M","M","$","?","M","E","M","E","T","E","?","R","$","M","R","B",null,"M","M","?","?","M","E"],"character_chosen":"IRONCLAD","items_purchased":["Metallicize","Whirlwind","Limit Break+1"],"campfire_rested":1,"item_purchase_floors":[3,13,13],"current_hp_per_floor":[80,80,80,80,80,45,42,32,32,9,6,45,45,51,51,29,80,77,69,40,28,28,0],"gold":170,"neow_bonus":"THREE_ENEMY_KILL","is_prod":false,"is_daily":false,"chose_seed":false,"campfire_upgraded":1,"win_rate":0,"timestamp":1548651246,"path_taken":["M","M","$","?","?","E","M","E","T","E","?","R","$","M","R","BOSS","M","M","?","?","M","E"],"build_version":"2019-01-23","purchased_purges":1,"victory":false,"max_hp_per_floor":[80,80,80,80,80,80,80,80,80,80,80,80,80,80,80,80,80,80,80,40,28,28,28],"card_choices":[{"not_picked":["Seeing Red","Clothesline"],"picked":"True Grit","floor":1},{"not_picked":["Headbutt","Pummel"],"picked":"Metallicize","floor":2},{"not_picked":["Heavy Blade","Rupture"],"picked":"Pommel Strike","floor":5},{"not_picked":["Berserk","Pommel Strike"],"picked":"Disarm","floor":6},{"not_picked":["Iron Wave","Evolve","Sword Boomerang"],"picked":"SKIP","floor":7},{"not_picked":["Power Through","Flex"],"picked":"Pommel Strike","floor":8},{"not_picked":["Thunderclap","Sever Soul"],"picked":"Dual Wield","floor":10},{"not_picked":["Thunderclap","Wild Strike"],"picked":"Pommel Strike","floor":14},{"not_picked":["Dark Embrace","Berserk"],"picked":"Immolate","floor":16},{"not_picked":["Dropkick","Clash"],"picked":"Armaments+1","floor":18},{"not_picked":["Sword Boomerang","Heavy Blade"],"picked":"True Grit+1","floor":19},{"not_picked":["Dropkick+1","Wild Strike"],"picked":"Havoc+1","floor":22}],"player_experience":183544,"relics_obtained":[{"floor":6,"key":"Regal Pillow"},{"floor":8,"key":"Potion Belt"},{"floor":9,"key":"Ancient Tea Set"},{"floor":10,"key":"Bag of Preparation"}],"event_choices":[{"damage_healed":0,"gold_gain":0,"player_choice":"Gave Potion","damage_taken":0,"relics_obtained":["Tiny Chest"],"max_hp_gain":0,"max_hp_loss":0,"event_name":"WeMeetAgain","floor":4,"gold_loss":0},{"damage_healed":0,"gold_gain":0,"player_choice":"Success","damage_taken":3,"relics_obtained":["Toxic Egg 2"],"max_hp_gain":0,"max_hp_loss":0,"event_name":"Scrap Ooze","floor":11,"gold_loss":0},{"damage_healed":0,"gold_gain":0,"player_choice":"Became a Ghost","damage_taken":0,"max_hp_gain":0,"max_hp_loss":40,"event_name":"Ghosts","floor":20,"gold_loss":0,"cards_obtained":["Ghostly","Ghostly","Ghostly","Ghostly","Ghostly"]},{"damage_healed":0,"gold_gain":0,"player_choice":"Became a vampire","damage_taken":0,"max_hp_gain":0,"max_hp_loss":12,"event_name":"Vampires","floor":21,"gold_loss":0,"cards_obtained":["Bite","Bite","Bite","Bite","Bite"]}],"is_beta":false,"boss_relics":[{"not_picked":["Black Star","Busted Crown"],"picked":"Philosopher\u0027s Stone"}],"items_purged_floors":[3],"is_endless":false,"potions_floor_spawned":[1,5,8,16,18],"killed_by":"Slavers","ascension_level":0}