{"gold_per_floor":[113,113,113,126,145,145,172,172,172,172,197,209,239,239,239,370,370,341,364,0,0,19,19],"floor_reached":23,"playtime":1028,"items_purged":[],"score":264,"play_id":"7f5b26d5-1e0b-4e76-9b28-ef4bf4d7b2b4","local_time":"20190116192037","is_ascension_mode":true,"campfire_choices":[{"data":"Dodge and Roll","floor":6.0,"key":"SMITH"},{"data":"Neutralize","floor":8.0,"key":"SMITH"},{"floor":10.0,"key":"REST"},{"data":"Catalyst","floor":15.0,"key":"SMITH"}],"neow_cost":"NONE","seed_source_timestamp":0,"circlet_count":0,"master_deck":["Defend_G+1","Defend_G+1","Defend_G","Defend_G","Defend_G","Strike_G","Strike_G","Strike_G","Strike_G","Strike_G","Survivor","Neutralize+1","Bouncing Flask","Dodge and Roll+1","Deadly Poison","Dodge and Roll","Dodge and Roll","Deflect","Catalyst+1","Acrobatics","Wraith Form v2","Prepared","Dodge and Roll+1","Deadly Poison","Deadly Poison+1"],"special_seed":0,"relics":["Ring of the Snake","Prayer Wheel","Boot","Blue Candle","Ancient Tea Set","Golden Idol","Black Star"],"potions_floor_usage":[23],"damage_taken":[{"damage":0.0,"enemies":"Small Slimes","floor":1.0,"turns":4.0},{"damage":0.0,"enemies":"2 Louse","floor":4.0,"turns":3.0},{"damage":0.0,"enemies":"Jaw Worm","floor":5.0,"turns":4.0},{"damage":12.0,"enemies":"Gremlin Nob","floor":7.0,"turns":4.0},{"damage":2.0,"enemies":"Lagavulin","floor":11.0,"turns":6.0},{"damage":3.0,"enemies":"2 Fungi Beasts","floor":12.0,"turns":3.0},{"damage":15.0,"enemies":"Slime Boss","floor":16.0,"turns":14.0},{"damage":21.0,"enemies":"2 Thieves","floor":18.0,"turns":5.0},{"damage":45.0,"enemies":"3 Byrds","floor":19.0,"turns":9.0},{"damage":10,"enemies":"Snake Plant","floor":22,"turns":5},{"damage":11,"enemies":"Centurion and Healer","floor":23,"turns":4}],"seed_played":"9030092815356976587","potions_obtained":[{"floor":1.0,"key":"GamblersBrew"},{"floor":4.0,"key":"Explosive Potion"},{"floor":12.0,"key":"SteroidPotion"},{"floor":22,"key":"Block Potion"}],"is_trial":false,"path_per_floor":["M","?","?","M","M","R","E","R","T","R","E","M","?","?","R","B",null,"M","M","?","?","M","M"],"character_chosen":"THE_SILENT","items_purchased":[],"campfire_rested":1,"item_purchase_floors":[],"current_hp_per_floor":[77,62,37,37,37,37,25,25,25,48,46,43,43,43,43,28,77,56,11,11,11,1,0],"gold":19,"neow_bonus":"TEN_PERCENT_HP_BONUS","is_prod":false,"is_daily":false,"chose_seed":false,"campfire_upgraded":3,"win_rate":0,"timestamp":1547662837,"path_taken":["M","?","?","M","M","R","E","R","T","R","E","M","?","?","R","BOSS","M","M","?","?","?","M"],"build_version":"2019-01-10","purchased_purges":0,"victory":false,"max_hp_per_floor":[77,77,77,77,77,77,77,77,77,77,77,77,77,77,77,77,77,77,77,77,77,77,77],"card_choices":[{"not_picked":["Tactician","Flying Knee"],"picked":"Bouncing Flask","floor":1.0},{"not_picked":["Backstab","Eviscerate"],"picked":"Dodge and Roll","floor":4.0},{"not_picked":["PiercingWail","Quick Slash"],"picked":"Deadly Poison","floor":4.0},{"not_picked":["Quick Slash","Bane"],"picked":"Dodge and Roll","floor":5.0},{"not_picked":["Blade Dance","Outmaneuver","All Out Attack"],"picked":"SKIP","floor":5.0},{"not_picked":["Finisher","Blade Dance"],"picked":"Dodge and Roll","floor":7.0},{"not_picked":["Acrobatics","Underhanded Strike"],"picked":"Deflect","floor":11.0},{"not_picked":["Masterful Stab","Night Terror"],"picked":"Catalyst","floor":12.0},{"not_picked":["Skewer","Setup"],"picked":"Acrobatics","floor":12.0},{"not_picked":["Die Die Die","Doppelganger"],"picked":"Wraith Form v2","floor":16.0},{"not_picked":["Poisoned Stab","Dodge and Roll"],"picked":"Prepared","floor":18.0},{"not_picked":["Sucker Punch","Concentrate+1"],"picked":"Dodge and Roll+1","floor":18.0},{"not_picked":["Caltrops","Slice"],"picked":"Deadly Poison","floor":19.0},{"not_picked":["Endless Agony","Underhanded Strike"],"picked":"Deadly Poison+1","floor":19.0},{"not_picked":["Outmaneuver+1","Masterful Stab","Choke+1"],"picked":"SKIP","floor":22},{"not_picked":["Acrobatics","Dagger Spray","A Thousand Cuts"],"picked":"SKIP","floor":22}],"player_experience":194959,"relics_obtained":[{"floor":7.0,"key":"Boot"},{"floor":9.0,"key":"Blue Candle"},{"floor":11.0,"key":"Ancient Tea Set"}],"event_choices":[{"damage_healed":0.0,"max_hp_gain":0.0,"max_hp_loss":0.0,"gold_gain":0.0,"event_name":"Shining Light","player_choice":"Entered Light","floor":2.0,"gold_loss":0.0,"damage_taken":15.0,"cards_upgraded":["Defend_G","Defend_G"]},{"damage_healed":0.0,"max_hp_gain":0.0,"max_hp_loss":0.0,"gold_gain":0.0,"event_name":"Scrap Ooze","player_choice":"Success","floor":3.0,"gold_loss":0.0,"damage_taken":25.0,"relics_obtained":["Prayer Wheel"]},{"damage_healed":0.0,"max_hp_gain":0.0,"max_hp_loss":0.0,"gold_gain":30.0,"event_name":"Dead Adventurer","player_choice":"Searched \u00272\u0027 times","floor":13.0,"gold_loss":0.0,"damage_taken":0.0},{"damage_healed":0.0,"max_hp_gain":0.0,"max_hp_loss":0.0,"gold_gain":0.0,"event_name":"Golden Idol","player_choice":"Take Wound","floor":14.0,"gold_loss":0.0,"damage_taken":0.0,"relics_obtained":["Golden Idol"],"cards_obtained":["Injury"]},{"damage_healed":0,"gold_gain":0,"player_choice":"Paid Fearfully","damage_taken":0,"max_hp_gain":0,"max_hp_loss":0,"event_name":"Masked Bandits","floor":20,"gold_loss":364},{"cards_removed":["Injury"],"damage_healed":0,"gold_gain":0,"player_choice":"Purged","damage_taken":0,"max_hp_gain":0,"max_hp_loss":0,"event_name":"Purifier","floor":21,"gold_loss":0}],"is_beta":false,"boss_relics":[{"not_picked":["WristBlade","Tiny House"],"picked":"Black Star"}],"items_purged_floors":[],"is_endless":false,"potions_floor_spawned":[1,4,12,22],"killed_by":"Centurion and Healer","ascension_level":4}