{"gold_per_floor":[114,114,39,339,354,384,384,414,414,414,444,444,474,489,489,589,589,604,604,589,175,175,205,220,250,325,355,5,35,35,65,65,165,215,230,245,245,245,245,275,302,344,381,408,120,150,150,165,165,165],"floor_reached":51,"playtime":3747,"items_purged":["Anger"],"score":1407,"play_id":"56acc6e5-0a06-4c37-a95f-fa645be14c4c","local_time":"20181021110000","daily_mods":["Draft","Red Cards","Elite Swarm"],"is_ascension_mode":false,"campfire_choices":[{"data":"Skewer","floor":7.0,"key":"SMITH"},{"data":"Wraith Form v2","floor":10.0,"key":"SMITH"},{"data":"1","floor":12.0,"key":"LIFT"},{"data":"2","floor":15.0,"key":"LIFT"},{"data":"3","floor":32.0,"key":"LIFT"},{"data":"Limit Break","floor":47,"key":"SMITH"},{"data":"Flame Barrier","floor":49,"key":"SMITH"}],"neow_cost":"","seed_source_timestamp":0,"circlet_count":0,"master_deck":["Cloak And Dagger","Flame Barrier+1","Pommel Strike","Entrench","Bouncing Flask","Backstab+1","Cloak And Dagger","Body Slam+1","Shrug It Off","Blade Dance","Backflip","Disarm","Skewer+1","Juggernaut","Wraith Form v2+1","Reaper","Malaise","Limit Break+1","Calculated Gamble","Footwork","Limit Break","Barricade","Adrenaline","Corpse Explosion","Night Terror","Juggernaut+1","Pommel Strike+1","Footwork+1","Die Die Die","Envenom"],"special_seed":17825,"relics":["Ring of the Snake","Old Coin","Dream Catcher","Peace Pipe","Paper Crane","Girya","Dodecahedron","Snecko Eye","Whetstone","Orichalcum","MutagenicStrength","Regal Pillow","Letter Opener","Gremlin Horn","Tingsha","Anchor","Toolbox","Bag of Preparation","The Specimen","Tiny House","Calipers","MawBank","Ginger","Strawberry","Tough Bandages","Potion Belt"],"potions_floor_usage":[46,50,50,50,50],"damage_taken":[{"damage":0.0,"enemies":"2 Louse","floor":1.0,"turns":1.0},{"damage":0.0,"enemies":"Cultist","floor":5.0,"turns":3.0},{"damage":0.0,"enemies":"Gremlin Nob","floor":6.0,"turns":3.0},{"damage":0.0,"enemies":"Lagavulin","floor":8.0,"turns":6.0},{"damage":0.0,"enemies":"Gremlin Nob","floor":11.0,"turns":3.0},{"damage":0.0,"enemies":"Lagavulin","floor":13.0,"turns":7.0},{"damage":0.0,"enemies":"Jaw Worm","floor":14.0,"turns":4.0},{"damage":0.0,"enemies":"Hexaghost","floor":16.0,"turns":8.0},{"damage":0.0,"enemies":"Shell Parasite","floor":18.0,"turns":4.0},{"damage":0.0,"enemies":"2 Thieves","floor":20.0,"turns":4.0},{"damage":0.0,"enemies":"Slavers","floor":23.0,"turns":4.0},{"damage":0.0,"enemies":"Snake Plant","floor":24.0,"turns":1.0},{"damage":15.0,"enemies":"Book of Stabbing","floor":25.0,"turns":5.0},{"damage":0.0,"enemies":"Gremlin Leader","floor":27.0,"turns":5.0},{"damage":0.0,"enemies":"Slavers","floor":29.0,"turns":3.0},{"damage":0.0,"enemies":"Gremlin Leader","floor":31.0,"turns":4.0},{"damage":0.0,"enemies":"Collector","floor":33.0,"turns":4.0},{"damage":0.0,"enemies":"3 Darklings","floor":35.0,"turns":1.0},{"damage":0.0,"enemies":"3 Shapes","floor":36.0,"turns":3.0},{"damage":0.0,"enemies":"Giant Head","floor":40.0,"turns":5.0},{"damage":0.0,"enemies":"Sphere and 2 Shapes","floor":41.0,"turns":1.0},{"damage":0.0,"enemies":"Reptomancer","floor":42.0,"turns":4.0},{"damage":0.0,"enemies":"4 Shapes","floor":44.0,"turns":2.0},{"damage":0,"enemies":"Nemesis","floor":46,"turns":7},{"damage":0,"enemies":"Jaw Worm Horde","floor":48,"turns":2},{"damage":0,"enemies":"Awakened One","floor":50,"turns":8}],"seed_played":"-5153985604349914774","potions_obtained":[{"floor":5.0,"key":"Ancient Potion"},{"floor":8.0,"key":"GhostInAJar"},{"floor":11.0,"key":"LiquidBronze"},{"floor":16.0,"key":"AttackPotion"},{"floor":20.0,"key":"GhostInAJar"},{"floor":23.0,"key":"Energy Potion"},{"floor":29.0,"key":"Energy Potion"},{"floor":34.0,"key":"SneckoOil"},{"floor":40.0,"key":"EssenceOfSteel"},{"floor":46,"key":"Ancient Potion"},{"floor":48,"key":"Weak Potion"}],"is_trial":false,"path_per_floor":["M","?","$","T","M","E","R","E","T","R","E","R","E","M","R","B",null,"M","?","M","$","?","E","M","E","T","E","$","E","?","E","R","B",null,"M","M","?","T","?","E","M","E","T","M","$","E","R","M","R","B"],"character_chosen":"THE_SILENT","items_purchased":["GhostInAJar","Whetstone","Orichalcum","Footwork","Anchor","Toolbox","Tough Bandages"],"campfire_rested":0,"item_purchase_floors":[3,21,21,21,28,28,45],"current_hp_per_floor":[70,70,70,70,70,70,70,70,70,70,70,70,70,70,70,70,70,70,57,57,57,57,68,75,75,75,75,75,75,75,75,75,75,80,80,80,80,80,80,80,80,80,87,87,87,87,87,87,87,87],"gold":165,"neow_bonus":"","is_prod":false,"is_daily":true,"chose_seed":false,"campfire_upgraded":4,"win_rate":0,"timestamp":1540112400,"path_taken":["M","?","$","?","M","E","R","E","T","R","E","R","E","M","R","BOSS","M","?","?","$","?","E","M","E","T","E","?","E","?","E","R","BOSS","M","M","?","?","?","E","?","E","T","M","$","E","R","M","R","BOSS"],"build_version":"2018-10-18","purchased_purges":1,"victory":true,"max_hp_per_floor":[70,70,70,70,70,70,70,70,70,70,70,70,70,70,70,70,70,70,75,75,75,75,75,75,75,75,75,75,75,75,75,75,75,80,80,80,80,80,80,80,80,80,87,87,87,87,87,87,87,87],"card_choices":[{"not_picked":["Flex","Riddle With Holes"],"picked":"Dagger Throw","floor":0.0},{"not_picked":["True Grit","Deadly Poison"],"picked":"Anger","floor":0.0},{"not_picked":["Underhanded Strike","Rampage"],"picked":"PiercingWail","floor":0.0},{"not_picked":["Dagger Throw","Rage"],"picked":"Cloak And Dagger","floor":0.0},{"not_picked":["Cleave","Underhanded Strike"],"picked":"Flame Barrier","floor":0.0},{"not_picked":["Burning Pact","Entrench"],"picked":"Pommel Strike","floor":0.0},{"not_picked":["Dodge and Roll","Twin Strike"],"picked":"Entrench","floor":0.0},{"not_picked":["Flex","Distraction"],"picked":"Bouncing Flask","floor":0.0},{"not_picked":["Eviscerate","Poisoned Stab"],"picked":"Backstab","floor":0.0},{"not_picked":["Dagger Throw","Well Laid Plans"],"picked":"Cloak And Dagger","floor":0.0},{"not_picked":["Wild Strike","Thunderclap"],"picked":"Body Slam","floor":0.0},{"not_picked":["Quick Slash","Bane"],"picked":"Well Laid Plans","floor":0.0},{"not_picked":["Perfected Strike","Cleave"],"picked":"Shrug It Off","floor":0.0},{"not_picked":["Intimidate","Flying Knee"],"picked":"Blade Dance","floor":0.0},{"not_picked":["Pommel Strike","Outmaneuver"],"picked":"Backflip","floor":0.0},{"not_picked":["Expertise","Cloak And Dagger"],"picked":"Disarm","floor":1.0},{"not_picked":["Reckless Charge","Anger"],"picked":"Skewer","floor":5.0},{"not_picked":["Storm of Steel","Offering"],"picked":"Juggernaut","floor":6.0},{"not_picked":["Venomology","Berserk"],"picked":"Wraith Form v2","floor":8.0},{"not_picked":["Bullet Time","Envenom"],"picked":"Reaper","floor":11.0},{"not_picked":["Offering","Storm of Steel"],"picked":"Malaise","floor":13.0},{"not_picked":["Quick Slash","Second Wind","Wild Strike"],"picked":"SKIP","floor":14.0},{"not_picked":["Doppelganger","Die Die Die"],"picked":"Limit Break","floor":16.0},{"not_picked":["Catalyst","Flying Knee","Bane"],"picked":"SKIP","floor":18.0},{"not_picked":["Outmaneuver","Flex+1"],"picked":"Calculated Gamble","floor":20.0},{"not_picked":["Double Tap","Offering"],"picked":"Limit Break","floor":23.0},{"not_picked":["Rupture","Accuracy","Sword Boomerang"],"picked":"SKIP","floor":24.0},{"not_picked":["Brutality","Exhume"],"picked":"Barricade","floor":25.0},{"not_picked":["Fiend Fire","Barricade"],"picked":"Adrenaline","floor":27.0},{"not_picked":["After Image","Exhume"],"picked":"Corpse Explosion","floor":29.0},{"not_picked":["Glass Knife","Berserk"],"picked":"Night Terror","floor":31.0},{"not_picked":["Glass Knife","Offering"],"picked":"Juggernaut","floor":33.0},{"not_picked":["Clash","Cloak And Dagger"],"picked":"Pommel Strike+1","floor":35.0},{"not_picked":["Burst","Pommel Strike+1"],"picked":"Footwork+1","floor":36.0},{"not_picked":["Tools of the Trade","Fiend Fire"],"picked":"Die Die Die","floor":40.0},{"not_picked":["Masterful Stab","Slice+1","Feel No Pain+1"],"picked":"SKIP","floor":41.0},{"not_picked":["Brutality","Corpse Explosion"],"picked":"Envenom","floor":42.0},{"not_picked":["Clash","Rupture","Concentrate+1"],"picked":"SKIP","floor":44.0},{"not_picked":["Die Die Die","Double Tap","Brutality"],"picked":"SKIP","floor":46},{"not_picked":["Armaments","Twin Strike","Sucker Punch"],"picked":"SKIP","floor":48}],"player_experience":1589741,"relics_obtained":[{"floor":4.0,"key":"Old Coin"},{"floor":6.0,"key":"Dream Catcher"},{"floor":8.0,"key":"Peace Pipe"},{"floor":9.0,"key":"Paper Crane"},{"floor":11.0,"key":"Girya"},{"floor":13.0,"key":"Dodecahedron"},{"floor":23.0,"key":"Regal Pillow"},{"floor":25.0,"key":"Letter Opener"},{"floor":26.0,"key":"Gremlin Horn"},{"floor":27.0,"key":"Tingsha"},{"floor":29.0,"key":"Bag of Preparation"},{"floor":31.0,"key":"The Specimen"},{"floor":38.0,"key":"Calipers"},{"floor":40.0,"key":"MawBank"},{"floor":42.0,"key":"Ginger"},{"floor":43.0,"key":"Strawberry"},{"floor":46,"key":"Potion Belt"}],"event_choices":[{"cards_removed":["Dagger Throw"],"damage_healed":5.0,"max_hp_gain":0.0,"max_hp_loss":0.0,"gold_gain":0.0,"event_name":"Bonfire Elementals","player_choice":"Offered Common","floor":2.0,"gold_loss":0.0,"damage_taken":0.0},{"cards_removed":["Dagger Throw"],"damage_healed":5.0,"max_hp_gain":0.0,"max_hp_loss":0.0,"gold_gain":0.0,"event_name":"Bonfire Elementals","player_choice":"Offered Special","floor":2.0,"gold_loss":0.0,"damage_taken":0.0},{"damage_healed":0.0,"max_hp_gain":5.0,"max_hp_loss":0.0,"gold_gain":0.0,"event_name":"Forgotten Altar","player_choice":"Shed Blood","floor":19.0,"gold_loss":0.0,"damage_taken":18.0},{"damage_healed":0.0,"max_hp_gain":0.0,"max_hp_loss":0.0,"gold_gain":0.0,"event_name":"Drug Dealer","player_choice":"Inject Mutagens","floor":22.0,"gold_loss":0.0,"damage_taken":0.0,"relics_obtained":["MutagenicStrength"]},{"cards_removed":["PiercingWail"],"damage_healed":0.0,"max_hp_gain":0.0,"max_hp_loss":0.0,"gold_gain":0.0,"event_name":"Purifier","player_choice":"Purged","floor":30.0,"gold_loss":0.0,"damage_taken":0.0},{"cards_removed":["Well Laid Plans"],"damage_healed":0.0,"max_hp_gain":0.0,"max_hp_loss":0.0,"gold_gain":0.0,"event_name":"Falling","player_choice":"Removed Power","floor":37.0,"gold_loss":0.0,"damage_taken":0.0},{"damage_healed":0.0,"max_hp_gain":0.0,"max_hp_loss":0.0,"gold_gain":0.0,"event_name":"SecretPortal","player_choice":"Ignored","floor":39.0,"gold_loss":0.0,"damage_taken":0.0}],"is_beta":false,"boss_relics":[{"not_picked":["Coffee Dripper","White Beast Statue"],"picked":"Snecko Eye"},{"not_picked":["Busted Crown","Empty Cage"],"picked":"Tiny House"}],"items_purged_floors":[21],"is_endless":false,"potions_floor_spawned":[5,8,11,16,20,23,29,40,46,48],"ascension_level":0}