{"path_per_floor":["M","$","M","?","M","E","R","E","T","R","M","R","M","M","R","B",null,"M","M","$","?","?","R","M","M","T","R","M","?","R","?","R","B",null,"M","?"],"character_chosen":"THE_SILENT","items_purchased":["Deadly Poison"],"gold_per_floor":[116,19,34,34,53,87,87,115,115,115,129,129,145,165,165,267,267,286,300,200,125,125,125,141,155,203,203,218,218,218,218,218,322,322,340,340,340],"floor_reached":37,"campfire_rested":4,"playtime":1412,"current_hp_per_floor":[70,70,70,56,56,17,38,32,32,32,32,53,53,53,53,38,70,70,62,62,62,49,49,44,30,30,52,43,27,49,49,49,26,75,61,61,0],"items_purged":["Strike_G","Reflex"],"gold":340,"score":404,"play_id":"896542f7-b290-458e-8ff0-8a612c09f5fb","local_time":"20180405102505","is_prod":false,"is_daily":false,"is_ascension_mode":false,"campfire_upgraded":3,"timestamp":1522916705,"path_taken":["M","$","M","?","?","E","R","E","T","R","M","R","M","M","R","BOSS","M","M","$","?","?","R","M","?","T","R","M","?","R","?","R","BOSS","M","?","BOSS"],"build_version":"2018-03-29v2","purchased_purges":2,"victory":false,"master_deck":["Survivor","Neutralize","Backstab","Deadly Poison","Well Laid Plans","Blur","Terror","Dagger Spray+1","Sucker Punch","Prepared","Die Die Die","Slice","Catalyst","Masterful Stab","Catalyst","Noxious Fumes+1","Quick Slash","Deflect","Bane","Bouncing Flask+1","Skewer","Cloak And Dagger","All Out Attack","Noxious Fumes+1","Adrenaline","Dodge and Roll","Leg Sweep+1","Cloak And Dagger","Blur","Poisoned Stab","Dodge and Roll"],"max_hp_per_floor":[70,70,70,70,70,70,70,70,70,70,70,70,70,70,70,70,70,70,70,70,70,75,75,75,75,75,75,75,75,75,75,75,75,75,75,75,75],"relics":["Ring of the Snake","NeowsBlessing","Bag of Preparation","Girya","Shovel","Pandora\u0027s Box","Oddly Smooth Stone","Nilry\u0027s Codex","Orrery"],"card_choices":[{"not_picked":["Blade Dance","Deadly Poison"],"picked":"Backstab","floor":1},{"not_picked":["Reflex","Prepared"],"picked":"Well Laid Plans","floor":3},{"not_picked":["Deadly Poison","Setup"],"picked":"Blur","floor":5},{"not_picked":["Prepared","Skewer"],"picked":"Terror","floor":6},{"not_picked":["Outmaneuver","Burst"],"picked":"Dagger Spray","floor":8},{"not_picked":["Poisoned Stab","Riddle With Holes"],"picked":"Sucker Punch","floor":11},{"not_picked":["Underhanded Strike","Eviscerate"],"picked":"Prepared","floor":13},{"not_picked":["Grand Finale","A Thousand Cuts"],"picked":"Die Die Die","floor":16},{"not_picked":["Quick Slash","Dagger Spray"],"picked":"Bane","floor":18},{"not_picked":["Eviscerate","Underhanded Strike"],"picked":"Bouncing Flask","floor":19},{"not_picked":["Sucker Punch","Flying Knee"],"picked":"Skewer","floor":24},{"not_picked":["Phantasmal Killer","PiercingWail"],"picked":"Cloak And Dagger","floor":25},{"not_picked":["Backflip","Prepared"],"picked":"All Out Attack","floor":28},{"not_picked":["Envenom","Die Die Die"],"picked":"Adrenaline","floor":33},{"not_picked":["PiercingWail","Acrobatics"],"picked":"Dodge and Roll","floor":34},{"not_picked":["Escape Plan","Slice"],"picked":"Leg Sweep","floor":34},{"not_picked":["Endless Agony","Flying Knee"],"picked":"Cloak And Dagger","floor":34},{"not_picked":["Endless Agony","Choke"],"picked":"Blur","floor":34},{"not_picked":["Noxious Fumes","Bouncing Flask"],"picked":"Poisoned Stab","floor":34},{"not_picked":["All Out Attack","Well Laid Plans"],"picked":"Dodge and Roll","floor":35}],"player_experience":317900,"potions_floor_usage":[6,11,16,24,33,37,37],"damage_taken":[{"damage":0,"enemies":"Cultist","floor":1,"turns":1},{"damage":0,"enemies":"Jaw Worm","floor":3,"turns":1},{"damage":0,"enemies":"2 Louse","floor":5,"turns":1},{"damage":39,"enemies":"Gremlin Nob","floor":6,"turns":5},{"damage":6,"enemies":"3 Sentries","floor":8,"turns":13},{"damage":0,"enemies":"Looter","floor":11,"turns":1},{"damage":0,"enemies":"Exordium Thugs","floor":13,"turns":2},{"damage":0,"enemies":"3 Louse","floor":14,"turns":3},{"damage":15,"enemies":"The Guardian","floor":16,"turns":8},{"damage":0,"enemies":"3 Byrds","floor":18,"turns":4},{"damage":8,"enemies":"Shell Parasite","floor":19,"turns":3},{"damage":5,"enemies":"Centurion and Healer","floor":24,"turns":4},{"damage":14,"enemies":"3 Cultists","floor":25,"turns":4},{"damage":9,"enemies":"Snake Plant","floor":28,"turns":3},{"damage":23,"enemies":"Automaton","floor":33,"turns":6},{"damage":14,"enemies":"3 Darklings","floor":35,"turns":4},{"damage":63,"enemies":"Time Eater","floor":37,"turns":8}],"event_choices":[{"event_name":"Shining Light","player_choice":"Entered Light","floor":4,"damage_taken":0},{"event_name":"Beggar","player_choice":"Gave Gold","floor":21,"damage_taken":0},{"event_name":"Forgotten Altar","player_choice":"Shed Blood","floor":22,"damage_taken":0},{"event_name":"Cursed Tome","player_choice":"Obtained Book","floor":29,"damage_taken":0},{"event_name":"Duplicator","player_choice":"One dupe","floor":31,"damage_taken":0},{"event_name":"SecretPortal","player_choice":"Took Portal.","floor":36,"damage_taken":0}],"boss_relics":[{"not_picked":["White Beast Statue","Ectoplasm"],"picked":"Pandora\u0027s Box"},{"not_picked":["Velvet Choker","Runic Pyramid"],"picked":"Orrery"}],"potions_floor_spawned":[1,3,8,13,14,18,19,28],"seed_played":"-5261214580601536365","killed_by":"Time Eater","ascension_level":0,"is_trial":false}