{"gold_per_floor":[111,131,143,159,178,204,204,223,223,243,278,290,315,18,18,121,121,140,65,65,65,65,85,85,112,112,112,144,5,40,59,59,59],"floor_reached":33,"playtime":1275,"items_purged":[],"score":521,"play_id":"19176d34-faef-458b-ab7a-9dd1977a0255","local_time":"20181011112516","daily_mods":["SealedDeck","Heirloom","DeadlyEvents"],"is_ascension_mode":true,"campfire_choices":[{"data":"Carnage","floor":7.0,"key":"SMITH"},{"data":"Limit Break","floor":12.0,"key":"SMITH"},{"data":"Havoc","floor":15.0,"key":"SMITH"},{"data":"Spot Weakness","floor":24.0,"key":"SMITH"},{"data":"Immolate","floor":27.0,"key":"SMITH"},{"floor":32.0,"key":"REST"}],"neow_cost":"","seed_source_timestamp":0,"circlet_count":0,"master_deck":["Second Wind","Sever Soul","Wild Strike","Power Through","Sentinel","Shockwave","Carnage+1","Ghostly Armor","Uppercut+1","Dropkick","Burning Pact","Wild Strike","Offering","Twin Strike","Flex","Limit Break+1","Seeing Red","Clothesline","Havoc+1","Flame Barrier","Spot Weakness+1","Corruption","Shrug It Off","Thunderclap","Dropkick","Sentinel","Armaments","Immolate+1","Disarm+1","Havoc+1","Shrug It Off","Iron Wave","Pummel","Feel No Pain","Inflame","True Grit","Shrug It Off","Feel No Pain","Reaper","Infernal Blade+1"],"special_seed":0,"relics":["Burning Blood","Prayer Wheel","Pen Nib","Regal Pillow","MawBank","Matryoshka","Runic Cube","Happy Flower","Ornamental Fan","Mercury Hourglass","Du-Vu Doll","Oddly Smooth Stone","Orichalcum"],"potions_floor_usage":[33],"damage_taken":[{"damage":0.0,"enemies":"Cultist","floor":1.0,"turns":2.0},{"damage":2.0,"enemies":"Jaw Worm","floor":2.0,"turns":2.0},{"damage":0.0,"enemies":"Small Slimes","floor":3.0,"turns":3.0},{"damage":6.0,"enemies":"3 Louse","floor":4.0,"turns":2.0},{"damage":6.0,"enemies":"Looter","floor":5.0,"turns":2.0},{"damage":31.0,"enemies":"Lagavulin","floor":6.0,"turns":4.0},{"damage":0.0,"enemies":"Large Slime","floor":8.0,"turns":4.0},{"damage":6.0,"enemies":"2 Fungi Beasts","floor":10.0,"turns":4.0},{"damage":0.0,"enemies":"Gremlin Nob","floor":11.0,"turns":3.0},{"damage":12.0,"enemies":"Gremlin Gang","floor":13.0,"turns":3.0},{"damage":26.0,"enemies":"Hexaghost","floor":16.0,"turns":7.0},{"damage":7.0,"enemies":"3 Byrds","floor":18.0,"turns":4.0},{"damage":6.0,"enemies":"2 Thieves","floor":23.0,"turns":2.0},{"damage":16.0,"enemies":"Book of Stabbing","floor":25.0,"turns":4.0},{"damage":24.0,"enemies":"Gremlin Leader","floor":28.0,"turns":6.0},{"damage":9.0,"enemies":"Book of Stabbing","floor":30.0,"turns":3.0},{"damage":18.0,"enemies":"Centurion and Healer","floor":31.0,"turns":4.0},{"damage":76,"enemies":"Automaton","floor":33,"turns":6}],"seed_played":"-4421558575314378150","potions_obtained":[{"floor":1.0,"key":"SpeedPotion"},{"floor":2.0,"key":"Dexterity Potion"},{"floor":4.0,"key":"SteroidPotion"},{"floor":23.0,"key":"SkillPotion"},{"floor":30.0,"key":"SkillPotion"}],"is_trial":true,"path_per_floor":["M","M","M","M","M","E","R","M","T","M","E","R","M","$","R","B",null,"M","?","?","?","$","M","R","E","T","R","E","$","E","M","R"],"character_chosen":"IRONCLAD","items_purchased":["Matryoshka","Armaments","Inflame","True Grit","Shrug It Off"],"campfire_rested":1,"item_purchase_floors":[14,14,29,29,29],"current_hp_per_floor":[78,80,80,80,80,55,55,61,61,61,67,67,61,61,61,41,70,69,69,69,69,69,69,69,59,59,59,41,41,38,26,65,0],"gold":59,"neow_bonus":"","is_prod":false,"is_daily":false,"chose_seed":false,"campfire_upgraded":5,"win_rate":0,"timestamp":1539249916,"path_taken":["M","M","?","?","M","E","R","M","T","M","E","R","M","$","R","BOSS","M","?","?","?","$","M","R","E","T","R","?","$","E","M","R","BOSS"],"build_version":"2018-10-04v2","purchased_purges":0,"victory":false,"max_hp_per_floor":[80,80,80,80,80,80,80,80,80,80,80,80,80,80,80,80,80,80,80,80,80,80,80,80,80,80,80,80,80,80,80,80,80],"card_choices":[{"not_picked":["Clash","Thunderclap"],"picked":"Burning Pact","floor":1.0},{"not_picked":["Flex","Heavy Blade"],"picked":"Wild Strike","floor":1.0},{"not_picked":["Headbutt","Flex"],"picked":"Offering","floor":2.0},{"not_picked":["Entrench","Anger"],"picked":"Twin Strike","floor":2.0},{"not_picked":["Infernal Blade","Intimidate"],"picked":"Flex","floor":3.0},{"not_picked":["Warcry","Wild Strike"],"picked":"Limit Break","floor":3.0},{"not_picked":["Headbutt","Evolve"],"picked":"Seeing Red","floor":4.0},{"not_picked":["Rupture","Clash","Wild Strike"],"picked":"SKIP","floor":4.0},{"not_picked":["Iron Wave","Hemokinesis"],"picked":"Clothesline","floor":5.0},{"not_picked":["Hemokinesis","Thunderclap"],"picked":"Havoc","floor":5.0},{"not_picked":["Clash","Iron Wave"],"picked":"Flame Barrier","floor":6.0},{"not_picked":["Cleave","Heavy Blade"],"picked":"Spot Weakness","floor":8.0},{"not_picked":["Reckless Charge","Rage"],"picked":"Corruption","floor":8.0},{"not_picked":["Warcry","Havoc"],"picked":"Shrug It Off","floor":10.0},{"not_picked":["Armaments","Clothesline"],"picked":"Thunderclap","floor":10.0},{"not_picked":["Entrench","Rampage"],"picked":"Dropkick","floor":11.0},{"not_picked":["Anger","Iron Wave"],"picked":"Sentinel","floor":13.0},{"not_picked":["Limit Break","Perfected Strike"],"picked":"Intimidate","floor":13.0},{"not_picked":["Barricade","Bludgeon"],"picked":"Immolate","floor":16.0},{"not_picked":["Fire Breathing","Wild Strike"],"picked":"Disarm+1","floor":18.0},{"not_picked":["Searing Blow","Anger"],"picked":"Havoc+1","floor":18.0},{"not_picked":["Sentinel","Second Wind"],"picked":"Shrug It Off","floor":23.0},{"not_picked":["Perfected Strike","Clash"],"picked":"Iron Wave","floor":23.0},{"not_picked":["Armaments","Cleave"],"picked":"Pummel","floor":25.0},{"not_picked":["Sword Boomerang","Twin Strike+1"],"picked":"Feel No Pain","floor":28.0},{"not_picked":["Sever Soul","Clash"],"picked":"Feel No Pain","floor":30.0},{"not_picked":["Heavy Blade","Entrench"],"picked":"Reaper","floor":31.0},{"not_picked":["Cleave","Warcry"],"picked":"Infernal Blade+1","floor":31.0}],"player_experience":962436,"relics_obtained":[{"floor":6.0,"key":"Pen Nib"},{"floor":9.0,"key":"Regal Pillow"},{"floor":11.0,"key":"MawBank"},{"floor":25.0,"key":"Ornamental Fan"},{"floor":26.0,"key":"Mercury Hourglass"},{"floor":26.0,"key":"Du-Vu Doll"},{"floor":28.0,"key":"Oddly Smooth Stone"},{"floor":30.0,"key":"Orichalcum"}],"event_choices":[{"event_name":"Beggar","player_choice":"Gave Gold","floor":19.0,"damage_taken":0.0},{"event_name":"The Mausoleum","player_choice":"Yes","floor":20.0,"damage_taken":0.0},{"event_name":"Upgrade Shrine","player_choice":"Upgraded","floor":21.0,"damage_taken":0.0}],"is_beta":false,"boss_relics":[{"not_picked":["Tiny House","Empty Cage"],"picked":"Runic Cube"}],"items_purged_floors":[],"is_endless":false,"potions_floor_spawned":[1,2,4,5,11,18,23,30,31],"killed_by":"Automaton","ascension_level":9}