{"gold_per_floor":[110,29,48,198,39,70,89,89,137,137,162,162,162,162,162,238,238,248,173,48,98,110,110,130,130,130,150,179,199,115,129,129,205,205,222,322,340,340,359,359,393,393,416,416,427,101,113,32,32,32],"floor_reached":51,"playtime":3821,"items_purged":["Doubt","Strike_G","Strike_G"],"score":1265,"play_id":"c03046a5-2aac-4884-91f5-20cd0abb600d","local_time":"20190130115508","is_ascension_mode":true,"campfire_choices":[{"data":"Outmaneuver","floor":8.0,"key":"SMITH"},{"data":"Predator","floor":10.0,"key":"SMITH"},{"data":"Well Laid Plans","floor":15.0,"key":"SMITH"},{"data":"Acrobatics","floor":23.0,"key":"SMITH"},{"data":"Grand Finale","floor":25.0,"key":"SMITH"},{"data":"Night Terror","floor":32.0,"key":"SMITH"},{"data":"Tactician","floor":40,"key":"SMITH"},{"data":"Acrobatics","floor":42,"key":"SMITH"},{"data":"Grand Finale","floor":44,"key":"SMITH"},{"floor":49,"key":"DIG"}],"neow_cost":"NONE","seed_source_timestamp":96289026698208,"circlet_count":0,"master_deck":["AscendersBane","Defend_G","Defend_G+1","Defend_G","Defend_G","Defend_G","Strike_G","Strike_G+1","Survivor","Neutralize","Outmaneuver+1","Grand Finale+1","Predator+1","Leg Sweep","Escape Plan","Well Laid Plans+1","Backflip","Acrobatics+1","Night Terror+1","Acrobatics+1","Grand Finale+1","Footwork+1","Burst+1","Dagger Throw+1","Backflip+1","Tactician+1","Footwork+1","Prepared+1","Prepared"],"special_seed":0,"relics":["Ring of the Snake","NeowsBlessing","Strawberry","Happy Flower","Boot","Letter Opener","White Beast Statue","Question Card","Unceasing Top","Eternal Feather","Shovel","Gambling Chip","Centennial Puzzle","Bag of Marbles","Bottled Lightning"],"potions_floor_usage":[33,36,36,45,47,47,50],"damage_taken":[{"damage":0.0,"enemies":"Small Slimes","floor":1.0,"turns":1.0},{"damage":0.0,"enemies":"Jaw Worm","floor":3.0,"turns":1.0},{"damage":0.0,"enemies":"Gremlin Nob","floor":6.0,"turns":1.0},{"damage":3.0,"enemies":"2 Louse","floor":7.0,"turns":3.0},{"damage":11.0,"enemies":"Lagavulin","floor":11.0,"turns":6.0},{"damage":2.0,"enemies":"Slime Boss","floor":16.0,"turns":5.0},{"damage":16.0,"enemies":"3 Byrds","floor":18.0,"turns":5.0},{"damage":0.0,"enemies":"2 Thieves","floor":22.0,"turns":1.0},{"damage":0.0,"enemies":"Centurion and Healer","floor":24.0,"turns":4.0},{"damage":7.0,"enemies":"Snake Plant","floor":27.0,"turns":4.0},{"damage":6.0,"enemies":"Book of Stabbing","floor":28.0,"turns":3.0},{"damage":0.0,"enemies":"Sentry and Sphere","floor":29.0,"turns":3.0},{"damage":3.0,"enemies":"Centurion and Healer","floor":31.0,"turns":3.0},{"damage":29,"enemies":"Collector","floor":33,"turns":5},{"damage":4,"enemies":"Orb Walker","floor":35,"turns":4},{"damage":0,"enemies":"Mind Bloom Boss Battle","floor":36,"turns":5},{"damage":9,"enemies":"3 Shapes","floor":37,"turns":12},{"damage":1,"enemies":"Sphere and 2 Shapes","floor":39,"turns":2},{"damage":0,"enemies":"Nemesis","floor":41,"turns":5},{"damage":0,"enemies":"Writhing Mass","floor":45,"turns":7},{"damage":0,"enemies":"Transient","floor":47,"turns":5},{"damage":29,"enemies":"Donu and Deca","floor":50,"turns":4}],"seed_played":"1420590284043134988","potions_obtained":[{"floor":6.0,"key":"GamblersBrew"},{"floor":16.0,"key":"Energy Potion"},{"floor":18.0,"key":"GamblersBrew"},{"floor":22.0,"key":"GhostInAJar"},{"floor":24.0,"key":"SneckoOil"},{"floor":27.0,"key":"EssenceOfSteel"},{"floor":28.0,"key":"Dexterity Potion"},{"floor":29.0,"key":"LiquidBronze"},{"floor":31.0,"key":"FearPotion"},{"floor":33,"key":"FearPotion"},{"floor":36,"key":"GhostInAJar"},{"floor":37,"key":"Fire Potion"},{"floor":41,"key":"Weak Potion"},{"floor":45,"key":"Strength Potion"},{"floor":47,"key":"Strength Potion"}],"is_trial":false,"path_per_floor":["M","$","M","?","$","E","M","R","T","R","E","?","?","T","R","B",null,"M","?","$","?","M","R","M","R","T","M","E","M","$","M","R","B",null,"M","?","M","?","M","R","E","R","T","R","M","$","M","$","R","B",null],"character_chosen":"THE_SILENT","items_purchased":["Grand Finale","GamblersBrew","Acrobatics","Grand Finale","Prepared","Bag of Marbles","GhostInAJar"],"campfire_rested":0,"item_purchase_floors":[2,5,20,30,46,46,48],"current_hp_per_floor":[59,59,59,59,59,66,63,63,63,63,52,52,30,30,30,28,62,46,46,46,46,46,46,46,46,46,39,33,33,33,30,30,1,55,51,51,42,42,41,56,56,71,71,73,73,73,73,73,73,44],"gold":32,"neow_bonus":"THREE_ENEMY_KILL","is_prod":false,"is_daily":false,"chose_seed":false,"campfire_upgraded":9,"win_rate":0,"timestamp":1548845708,"path_taken":["M","$","M","?","$","E","M","R","T","R","E","?","?","?","R","BOSS","M","?","$","?","M","R","M","R","T","M","E","M","?","M","R","BOSS","M","?","M","?","?","R","E","R","T","R","M","$","M","?","R","BOSS"],"build_version":"2019-01-23","purchased_purges":3,"victory":true,"max_hp_per_floor":[66,66,66,66,66,73,73,73,73,73,73,73,73,73,73,73,73,73,73,73,73,73,73,73,73,73,73,73,73,73,73,73,73,73,73,73,73,73,73,73,73,73,73,73,73,73,73,73,73,73],"card_choices":[{"not_picked":["Prepared","Sucker Punch"],"picked":"Outmaneuver","floor":1.0},{"not_picked":["Poisoned Stab","Prepared"],"picked":"Predator","floor":3.0},{"not_picked":["Masterful Stab","Caltrops"],"picked":"Leg Sweep","floor":6.0},{"not_picked":["Blur","Dodge and Roll"],"picked":"Escape Plan","floor":7.0},{"not_picked":["Choke","Sucker Punch"],"picked":"Well Laid Plans","floor":11.0},{"not_picked":["Bane","Cloak And Dagger"],"picked":"Backflip","floor":18.0},{"not_picked":["Dodge and Roll","All Out Attack","Reflex"],"picked":"SKIP","floor":22.0},{"not_picked":["Dodge and Roll","All Out Attack","Reflex"],"picked":"SKIP","floor":22.0},{"not_picked":["Dagger Throw","Underhanded Strike","Poisoned Stab"],"picked":"SKIP","floor":24.0},{"not_picked":["Expertise","Dagger Spray+1","Backstab"],"picked":"Night Terror","floor":27.0},{"not_picked":["PiercingWail","Poisoned Stab+1","Noxious Fumes+1","Flying Knee"],"picked":"SKIP","floor":28.0},{"not_picked":["Backflip","Dodge and Roll","Distraction"],"picked":"Acrobatics","floor":29.0},{"not_picked":["Bane","Quick Slash+1","Dagger Throw"],"picked":"Footwork+1","floor":31.0},{"not_picked":["Doppelganger","Corpse Explosion","After Image"],"picked":"Burst","floor":33},{"not_picked":["Choke","Bouncing Flask","Catalyst"],"picked":"Dagger Throw+1","floor":35},{"not_picked":["Deflect+1","Flying Knee","Distraction"],"picked":"Backflip+1","floor":36},{"not_picked":["Endless Agony","Bane","Setup","Dash"],"picked":"SKIP","floor":37},{"not_picked":["Prepared","Acrobatics","Cloak And Dagger"],"picked":"Tactician","floor":39},{"not_picked":["Skewer","Tools of the Trade","Escape Plan+1"],"picked":"Footwork+1","floor":41},{"not_picked":["Dagger Spray+1","Backflip+1","Dagger Throw+1"],"picked":"Prepared+1","floor":45},{"not_picked":["Bane","Setup","PiercingWail","Blade Dance+1"],"picked":"SKIP","floor":47}],"player_experience":438898,"relics_obtained":[{"floor":6.0,"key":"Strawberry"},{"floor":9.0,"key":"Happy Flower"},{"floor":11.0,"key":"Boot"},{"floor":14.0,"key":"Letter Opener"},{"floor":26.0,"key":"Question Card"},{"floor":28.0,"key":"Unceasing Top"},{"floor":36,"key":"Shovel"},{"floor":41,"key":"Gambling Chip"},{"floor":43,"key":"Centennial Puzzle"},{"floor":49,"key":"Bottled Lightning"}],"event_choices":[{"damage_healed":0.0,"max_hp_gain":0.0,"max_hp_loss":0.0,"gold_gain":150.0,"event_name":"Liars Game","player_choice":"AGREE","floor":4.0,"gold_loss":0.0,"damage_taken":0.0,"cards_obtained":["Doubt"]},{"damage_healed":0.0,"max_hp_gain":0.0,"max_hp_loss":0.0,"gold_gain":0.0,"event_name":"Dead Adventurer","player_choice":"Searched \u00271\u0027 times","floor":12.0,"gold_loss":0.0,"damage_taken":0.0},{"damage_healed":0.0,"max_hp_gain":0.0,"max_hp_loss":0.0,"gold_gain":0.0,"event_name":"Shining Light","player_choice":"Entered Light","floor":13.0,"gold_loss":0.0,"damage_taken":22.0,"cards_upgraded":["Defend_G","Strike_G"]},{"cards_removed":["Strike_G"],"damage_healed":0.0,"max_hp_gain":0.0,"max_hp_loss":0.0,"gold_gain":0.0,"event_name":"Beggar","player_choice":"Gave Gold","floor":19.0,"gold_loss":75.0,"damage_taken":0.0},{"damage_healed":0.0,"max_hp_gain":0.0,"max_hp_loss":0.0,"gold_gain":50.0,"event_name":"Nest","player_choice":"Stole From Cult","floor":21.0,"gold_loss":0.0,"damage_taken":0.0},{"damage_healed":0,"gold_gain":0,"player_choice":"Fight","damage_taken":0,"max_hp_gain":0,"max_hp_loss":0,"event_name":"MindBloom","floor":36,"gold_loss":0},{"damage_healed":0,"gold_gain":0,"player_choice":"Upgraded","damage_taken":0,"max_hp_gain":0,"max_hp_loss":0,"event_name":"Upgrade Shrine","floor":38,"gold_loss":0,"cards_upgraded":["Burst"]}],"is_beta":false,"boss_relics":[{"not_picked":["Tiny House","Astrolabe"],"picked":"White Beast Statue"},{"not_picked":["Runic Pyramid","Orrery"],"picked":"Eternal Feather"}],"items_purged_floors":[5,20,46],"is_endless":false,"potions_floor_spawned":[6,7,16,18,22,24,27,28,29,31,33,35,36,37,39,41,45,47],"ascension_level":16}