{"path_per_floor":["M","M","M","?","$","E","T","M","T","E","R","?","?","M","R","B",null,"M","?","?","M","?","R","E","M","T","M","M","E","M","M","R","B",null,"M","M","M","M","M","R","E","?","T","$","T","R","$","M","R","B"],"character_chosen":"IRONCLAD","items_purchased":["Pen Nib","Bag of Marbles"],"gold_per_floor":[114,129,144,144,144,174,199,214,264,294,294,294,364,379,379,479,479,494,494,409,424,424,424,454,469,469,484,499,529,544,559,559,659,659,674,689,704,719,734,734,764,764,764,614,614,614,464,479,479,479],"floor_reached":51,"campfire_rested":0,"playtime":1698,"current_hp_per_floor":[80,83,80,80,80,83,83,71,71,56,56,56,56,62,62,68,83,83,83,83,83,83,83,74,80,80,75,81,61,71,77,77,83,87,86,93,93,93,93,93,100,87,87,87,87,87,87,93,93,88],"items_purged":[],"gold":479,"score":1011,"play_id":"a1852f5b-1e9f-4577-80f1-30ab8d9d4723","local_time":"20180326214617","daily_mods":["Time Dilation","Lethality","Hoarder"],"is_prod":false,"is_daily":true,"is_ascension_mode":false,"campfire_upgraded":7,"timestamp":1522093577,"path_taken":["M","?","M","?","$","E","?","M","T","E","R","?","?","M","R","BOSS","M","?","?","M","?","R","E","M","T","?","M","E","M","M","R","BOSS","M","M","M","M","M","R","E","?","T","?","?","R","$","M","R","BOSS"],"build_version":"2018-03-22v2","purchased_purges":0,"victory":true,"master_deck":["Strike_R","Strike_R","Strike_R","Strike_R","Strike_R","Defend_R","Defend_R","Defend_R","Defend_R","Bash","Infernal Blade+1","Infernal Blade+1","Infernal Blade+1","Flex+1","Flex+1","Flex+1","Heavy Blade","Heavy Blade","Heavy Blade","Limit Break","Limit Break","Limit Break","Infernal Blade+1","Infernal Blade+1","Infernal Blade+1","Armaments+1","Armaments+1","Armaments+1","Limit Break","Limit Break","Limit Break","Sword Boomerang+1","Sword Boomerang+1","Sword Boomerang+1","Warcry","Warcry","Warcry","Feed","Feed","Feed","Flex+1","Flex+1","Flex+1","Flex+1","Flex+1","Flex+1","Madness","Madness","Madness","Madness","Madness","Madness","Heavy Blade+1","Heavy Blade+1","Heavy Blade+1","Double Tap","Double Tap+1","Double Tap"],"max_hp_per_floor":[80,83,83,83,83,83,83,83,83,83,83,83,83,83,83,83,83,83,83,83,83,83,83,83,83,83,83,83,83,87,87,87,87,87,90,93,93,93,93,93,100,100,100,100,100,100,100,100,100,100],"relics":["Burning Blood","Matryoshka","Ancient Tea Set","Bag of Preparation","Happy Flower","Prayer Wheel","Darkstone Periapt","Sozu","Ornamental Fan","Vajra","Dream Catcher","Toolbox","Philosopher\u0027s Stone","Pantograph","Ice Cream","Pen Nib","Red Skull","Bag of Marbles"],"card_choices":[{"not_picked":["Reckless Charge","Iron Wave"],"picked":"Infernal Blade","floor":1},{"not_picked":["Seeing Red","Havoc"],"picked":"Flex","floor":8},{"not_picked":["Clothesline","Twin Strike"],"picked":"Heavy Blade","floor":10},{"not_picked":["Reaper","Feed"],"picked":"Limit Break","floor":16},{"not_picked":["Fire Breathing","Thunderclap"],"picked":"Armaments","floor":26},{"not_picked":["Body Slam","Heavy Blade"],"picked":"Limit Break","floor":28},{"not_picked":["Fire Breathing","Burning Pact"],"picked":"Sword Boomerang","floor":29},{"not_picked":["Blood for Blood","Thunderclap"],"picked":"Warcry","floor":31},{"not_picked":["Limit Break","Berserk"],"picked":"Feed","floor":33},{"not_picked":["Wild Strike","Perfected Strike"],"picked":"Flex","floor":37},{"not_picked":["Entrench","Sever Soul"],"picked":"Flex","floor":38},{"not_picked":["Wild Strike","Headbutt"],"picked":"Heavy Blade","floor":45},{"not_picked":["Clash","Shrug It Off"],"picked":"Double Tap","floor":48}],"player_experience":364769,"potions_floor_usage":[16],"damage_taken":[{"damage":0,"enemies":"Cultist","floor":1,"turns":2},{"damage":0,"enemies":"Small Slimes","floor":2,"turns":2},{"damage":9,"enemies":"Jaw Worm","floor":3,"turns":2},{"damage":3,"enemies":"Gremlin Nob","floor":6,"turns":2},{"damage":18,"enemies":"3 Louse","floor":8,"turns":2},{"damage":21,"enemies":"Lagavulin","floor":10,"turns":3},{"damage":0,"enemies":"2 Fungi Beasts","floor":14,"turns":1},{"damage":0,"enemies":"Slime Boss","floor":16,"turns":1},{"damage":0,"enemies":"Shell Parasite","floor":18,"turns":1},{"damage":0,"enemies":"Spheric Guardian","floor":21,"turns":2},{"damage":15,"enemies":"Slavers","floor":24,"turns":3},{"damage":0,"enemies":"Centurion and Healer","floor":25,"turns":2},{"damage":11,"enemies":"3 Cultists","floor":27,"turns":3},{"damage":0,"enemies":"Snake Plant","floor":28,"turns":2},{"damage":26,"enemies":"Book of Stabbing","floor":29,"turns":3},{"damage":0,"enemies":"Snecko","floor":30,"turns":1},{"damage":0,"enemies":"Centurion and Healer","floor":31,"turns":1},{"damage":0,"enemies":"Collector","floor":33,"turns":2},{"damage":10,"enemies":"Orb Walker","floor":35,"turns":2},{"damage":0,"enemies":"3 Shapes","floor":36,"turns":2},{"damage":0,"enemies":"3 Darklings","floor":37,"turns":1},{"damage":0,"enemies":"4 Shapes","floor":38,"turns":1},{"damage":0,"enemies":"Maw","floor":39,"turns":1},{"damage":0,"enemies":"2 Orb Walkers","floor":41,"turns":2},{"damage":0,"enemies":"3 Darklings","floor":48,"turns":1},{"damage":18,"enemies":"Donu and Deca","floor":50,"turns":2}],"event_choices":[{"event_name":"Liars Game","player_choice":"disagreed","floor":4,"damage_taken":0},{"event_name":"The Cleric","player_choice":"Leave","floor":12,"damage_taken":0},{"event_name":"Golden Wing","player_choice":"Gained Gold","floor":13,"damage_taken":0},{"event_name":"Vampires","player_choice":"Ignored","floor":19,"damage_taken":0},{"event_name":"Addict","player_choice":"Obtained Relic","floor":20,"damage_taken":0},{"event_name":"Duplicator","player_choice":"One dupe","floor":22,"damage_taken":0},{"event_name":"Winding Halls","player_choice":"Embrace Madness","floor":42,"damage_taken":0}],"boss_relics":[{"not_picked":["Astrolabe","Question Card"],"picked":"Sozu"},{"not_picked":["Tiny House","Snecko Eye"],"picked":"Philosopher\u0027s Stone"}],"potions_floor_spawned":[1,3,6,24,25,31,33,35,37,39],"seed_played":"5744524933272245147","ascension_level":0,"is_trial":false}