{"gold_per_floor":[118,128,128,141,152,152,168,246,246,262,280,299,299,299,299,398,398,415,415,415,11,23,23,23,53,121,121,137,147,147,164,164,269,269,289,337,84,84],"floor_reached":38,"playtime":2092,"items_purged":["Defend_R"],"score":413,"play_id":"e95a6f3d-b359-45a0-b53b-24c3fd10fe3f","local_time":"20181016180636","is_ascension_mode":false,"campfire_choices":[{"data":"Bash","floor":6,"key":"SMITH"},{"data":"Inflame","floor":13,"key":"SMITH"},{"data":"Flex","floor":15,"key":"SMITH"},{"data":"Clothesline","floor":23,"key":"SMITH"},{"floor":27,"key":"REST"},{"floor":32,"key":"REST"}],"neow_cost":"NONE","seed_source_timestamp":432451989031137,"circlet_count":0,"master_deck":["Strike_R","Strike_R+1","Strike_R","Strike_R+1","Strike_R","Bash+1","Headbutt","Iron Wave","Clash","Anger","Clothesline+1","Inflame+1","Clash","Flex+1","Demon Form+1","Heavy Blade+1","Disarm+1","Shame","Thunderclap+1","Clash+1","Thunderclap+1","Rage+1","Clash","Perfected Strike+1","Double Tap","Perfected Strike+1","Discovery"],"relics":["Black Blood","Champion Belt","Mercury Hourglass","Potion Belt","Mummified Hand","Boot","Dream Catcher","Gambling Chip","Shuriken","Empty Cage","FossilizedHelix"],"potions_floor_usage":[11,16,16,22,22,22,25,25,29,33,38],"damage_taken":[{"damage":10,"enemies":"Cultist","floor":1,"turns":4},{"damage":0,"enemies":"2 Louse","floor":2,"turns":2},{"damage":0,"enemies":"Small Slimes","floor":4,"turns":3},{"damage":4,"enemies":"Red Slaver","floor":5,"turns":2},{"damage":14,"enemies":"Exordium Wildlife","floor":7,"turns":3},{"damage":2,"enemies":"Looter","floor":10,"turns":2},{"damage":0,"enemies":"Large Slime","floor":11,"turns":4},{"damage":0,"enemies":"Exordium Wildlife","floor":12,"turns":2},{"damage":18,"enemies":"Hexaghost","floor":16,"turns":6},{"damage":1,"enemies":"Chosen","floor":18,"turns":3},{"damage":5,"enemies":"Spheric Guardian","floor":22,"turns":3},{"damage":54,"enemies":"Slavers","floor":25,"turns":4},{"damage":10,"enemies":"Chosen and Byrds","floor":28,"turns":4},{"damage":18,"enemies":"Centurion and Healer","floor":29,"turns":3},{"damage":6,"enemies":"Shelled Parasite and Fungi","floor":31,"turns":3},{"damage":59,"enemies":"Automaton","floor":33,"turns":7},{"damage":31,"enemies":"3 Shapes","floor":35,"turns":3},{"damage":45,"enemies":"Mysterious Sphere","floor":36,"turns":5},{"damage":35,"enemies":"3 Darklings","floor":38,"turns":2}],"seed_played":"223916026612806130","potions_obtained":[{"floor":1,"key":"SteroidPotion"},{"floor":2,"key":"GamblersBrew"},{"floor":11,"key":"FearPotion"},{"floor":12,"key":"SneckoOil"},{"floor":16,"key":"BloodPotion"},{"floor":22,"key":"Dexterity Potion"},{"floor":28,"key":"Strength Potion"},{"floor":31,"key":"FearPotion"}],"is_trial":false,"path_per_floor":["M","M","?","M","M","R","M","T","T","M","M","M","R","?","R","B",null,"M","?","?","$","M","R","?","E","T","R","M","M","?","M","R","B",null,"M","?","$"],"character_chosen":"IRONCLAD","items_purchased":["Mummified Hand","Boot","Discovery","Regen Potion"],"campfire_rested":2,"item_purchase_floors":[21,21,37,37],"current_hp_per_floor":[76,80,73,79,80,80,72,72,72,76,80,80,80,64,64,52,80,80,56,47,47,60,60,60,16,16,40,40,32,32,36,60,11,80,59,24,24,0],"gold":84,"neow_bonus":"REMOVE_CARD","is_prod":false,"is_daily":false,"chose_seed":false,"campfire_upgraded":4,"win_rate":0.0,"timestamp":1539666396,"path_taken":["M","?","?","M","M","R","M","?","T","M","M","M","R","?","R","BOSS","M","?","?","$","?","R","?","E","T","R","M","?","?","?","R","BOSS","M","?","$","M"],"build_version":"2018-10-11","purchased_purges":1,"victory":false,"max_hp_per_floor":[80,80,80,80,80,80,80,80,80,80,80,80,80,80,80,80,80,80,80,80,80,80,80,80,80,80,80,80,80,80,80,80,80,80,80,80,80,80],"card_choices":[{"not_picked":["Sever Soul","Fire Breathing"],"picked":"Headbutt","floor":1},{"not_picked":["Body Slam","True Grit"],"picked":"Iron Wave","floor":2},{"not_picked":["Sever Soul","Pommel Strike"],"picked":"Clash","floor":4},{"not_picked":["Ghostly Armor","Berserk"],"picked":"Anger","floor":5},{"not_picked":["Headbutt","Warcry"],"picked":"Clothesline","floor":7},{"not_picked":["Sword Boomerang","Fire Breathing"],"picked":"Inflame","floor":10},{"not_picked":["Battle Trance","Reckless Charge"],"picked":"Clash","floor":11},{"not_picked":["Body Slam","Cleave"],"picked":"Flex","floor":12},{"not_picked":["Bludgeon","Berserk"],"picked":"Demon Form","floor":16},{"not_picked":["Searing Blow","Clothesline+1"],"picked":"Heavy Blade+1","floor":18},{"not_picked":["Corruption","Flex"],"picked":"Disarm+1","floor":22},{"not_picked":["Warcry+1","Sword Boomerang"],"picked":"Thunderclap+1","floor":25},{"not_picked":["Warcry+1","Wild Strike"],"picked":"Clash+1","floor":27},{"not_picked":["Flex","Ghostly Armor"],"picked":"Thunderclap+1","floor":28},{"not_picked":["Rupture+1","Juggernaut"],"picked":"Rage+1","floor":29},{"not_picked":["Combust","Carnage"],"picked":"Clash","floor":31},{"not_picked":["Wild Strike","Body Slam+1"],"picked":"Perfected Strike+1","floor":32},{"not_picked":["Barricade","Immolate"],"picked":"Double Tap","floor":33},{"not_picked":["Rupture","Body Slam","Wild Strike"],"picked":"SKIP","floor":35},{"not_picked":["Pommel Strike","Fiend Fire"],"picked":"Perfected Strike+1","floor":36}],"player_experience":82867,"relics_obtained":[{"floor":8,"key":"Mercury Hourglass"},{"floor":9,"key":"Potion Belt"},{"floor":25,"key":"Gambling Chip"},{"floor":26,"key":"Shuriken"},{"floor":36,"key":"FossilizedHelix"}],"event_choices":[{"event_name":"Scrap Ooze","player_choice":"success","floor":3,"damage_taken":7},{"event_name":"Shining Light","player_choice":"Entered Light","floor":14,"damage_taken":0},{"event_name":"Knowing Skull","player_choice":"POTION POTION ","floor":19,"damage_taken":0},{"event_name":"Cursed Tome","player_choice":"Stopped","floor":20,"damage_taken":0},{"event_name":"Addict","player_choice":"Stole Relic","floor":24,"damage_taken":0},{"event_name":"Accursed Blacksmith","player_choice":"Forge","floor":30,"damage_taken":0},{"event_name":"Mysterious Sphere","player_choice":"Fight","floor":36,"damage_taken":0}],"is_beta":false,"boss_relics":[{"not_picked":["Runic Pyramid","White Beast Statue"],"picked":"Black Blood"},{"not_picked":["Mark of Pain","Orrery"],"picked":"Empty Cage"}],"items_purged_floors":[37],"is_endless":false,"potions_floor_spawned":[1,2,11,12,16,22,28,31],"killed_by":"3 Darklings","ascension_level":0}