{"gold_per_floor":[111,24,24,38,53,85,85,104,131,142,142,142,156,156,156,156],"floor_reached":16,"playtime":994,"items_purged":[],"score":204,"play_id":"d4e1751e-d54b-49e8-8c55-3626faefeb80","local_time":"20190121194627","is_ascension_mode":true,"campfire_choices":[{"data":"Body Slam","floor":7,"key":"SMITH"},{"data":"True Grit","floor":12,"key":"SMITH"},{"data":"Bash","floor":15,"key":"SMITH"}],"neow_cost":"NONE","seed_source_timestamp":795816623573787,"circlet_count":0,"master_deck":["AscendersBane","Strike_R","Strike_R","Strike_R","Strike_R","Defend_R","Defend_R","Defend_R","Defend_R","Bash+1","True Grit+1","Corruption","Feel No Pain","Body Slam+1","Shrug It Off"],"relics":["Burning Blood","Vajra","Art of War","Strawberry","Regal Pillow"],"potions_floor_usage":[6,16,16],"damage_taken":[{"damage":14,"enemies":"Jaw Worm","floor":1,"turns":3},{"damage":6,"enemies":"Cultist","floor":4,"turns":4},{"damage":4,"enemies":"Small Slimes","floor":5,"turns":5},{"damage":12,"enemies":"Lagavulin","floor":6,"turns":7},{"damage":9,"enemies":"3 Louse","floor":8,"turns":5},{"damage":4,"enemies":"Exordium Wildlife","floor":10,"turns":5},{"damage":5,"enemies":"Blue Slaver","floor":13,"turns":5},{"damage":60,"enemies":"Hexaghost","floor":16,"turns":12}],"seed_played":"2028998615982522643","potions_obtained":[{"floor":5,"key":"Block Potion"},{"floor":6,"key":"Block Potion"},{"floor":10,"key":"Block Potion"}],"is_trial":false,"path_per_floor":["M","$","?","M","M","E","R","M","T","M","?","R","M","?","R","B"],"character_chosen":"IRONCLAD","items_purchased":["Corruption"],"campfire_rested":0,"item_purchase_floors":[2],"current_hp_per_floor":[60,60,60,60,62,56,56,53,60,62,57,57,58,58,58,0],"gold":156,"neow_bonus":"RANDOM_COMMON_RELIC","is_prod":false,"is_daily":false,"chose_seed":false,"campfire_upgraded":3,"win_rate":0,"timestamp":1548060387,"path_taken":["M","$","?","M","M","E","R","?","T","M","?","R","M","?","R","BOSS"],"build_version":"2019-01-17v2","purchased_purges":0,"victory":false,"max_hp_per_floor":[75,75,75,75,75,75,75,75,82,82,82,82,82,82,82,82],"card_choices":[{"not_picked":["Clash","Wild Strike"],"picked":"True Grit","floor":1},{"not_picked":["Disarm","Twin Strike"],"picked":"Feel No Pain","floor":4},{"not_picked":["Anger","Havoc"],"picked":"Body Slam","floor":5},{"not_picked":["Twin Strike","Wild Strike","Reckless Charge"],"picked":"SKIP","floor":6},{"not_picked":["Twin Strike","Wild Strike","Reckless Charge"],"picked":"SKIP","floor":6},{"not_picked":["Twin Strike","Heavy Blade","Juggernaut"],"picked":"SKIP","floor":8},{"not_picked":["Sever Soul","Blood for Blood","Headbutt"],"picked":"SKIP","floor":10},{"not_picked":["Heavy Blade","Body Slam"],"picked":"Shrug It Off","floor":13}],"player_experience":648330,"relics_obtained":[{"floor":6,"key":"Art of War"},{"floor":9,"key":"Strawberry"}],"event_choices":[{"cards_removed":["Strike_R"],"damage_healed":0,"gold_gain":0,"player_choice":"Card Removal","damage_taken":0,"max_hp_gain":0,"max_hp_loss":0,"event_name":"Wheel of Change","floor":3,"gold_loss":0},{"damage_healed":0,"gold_gain":0,"player_choice":"Success","damage_taken":5,"relics_obtained":["Regal Pillow"],"max_hp_gain":0,"max_hp_loss":0,"event_name":"Scrap Ooze","floor":11,"gold_loss":0},{"damage_healed":0,"gold_gain":0,"player_choice":"Ignored","damage_taken":0,"max_hp_gain":0,"max_hp_loss":0,"event_name":"Liars Game","floor":14,"gold_loss":0}],"is_beta":false,"boss_relics":[],"items_purged_floors":[],"is_endless":false,"potions_floor_spawned":[5,6,10],"killed_by":"Hexaghost","ascension_level":20}