{"gold_per_floor":[218,298,114,130,147,147,173,192,192,192,227,241,256,256,256,333,333,349,349,349,369,381,381,381,13,13,13,13,40,40,74,74,151,151,164,183,183,201,212,212,223,62,87,87,87,101,201,201,201,201,201],"floor_reached":52,"playtime":2957,"items_purged":["Strike_B"],"score":1750,"play_id":"2f4669da-c32f-4b98-90e5-38232839fefa","local_time":"20181226224639","is_ascension_mode":true,"campfire_choices":[{"data":"Sunder","floor":6.0,"key":"SMITH"},{"data":"Defragment","floor":10.0,"key":"SMITH"},{"data":"Coolheaded","floor":15.0,"key":"SMITH"},{"floor":23.0,"key":"REST"},{"data":"Buffer","floor":30.0,"key":"SMITH"},{"data":"Hologram","floor":32.0,"key":"SMITH"},{"data":"Loop","floor":40,"key":"SMITH"},{"data":"Apotheosis","floor":45,"key":"SMITH"},{"data":"Recycle","floor":49,"key":"SMITH"}],"neow_cost":"NONE","seed_source_timestamp":35398463534155,"circlet_count":0,"master_deck":["AscendersBane","Strike_B+1","Strike_B+1","Defend_B+1","Defend_B+1","Defend_B+1","Zap","Dualcast","FTL","Defragment+1","Cold Snap","Glacier","Sunder+1","Conserve Battery","Coolheaded+1","Compile Driver","Hologram+1","White Noise","Buffer+1","Recycle+1","Echo Form","Self Repair+1","Machine Learning","Electrodynamics","Defragment","Compile Driver","FTL","Undo","Defragment","Loop+1","Capacitor","Apotheosis+1","Heatsinks"],"special_seed":0,"relics":["Cracked Core","Shuriken","Bronze Scales","Symbiotic Virus","Bottled Tornado","Sozu","Lee\u0027s Waffle","DataDisk","The Courier","Bottled Lightning","Orrery","Vajra","Mango"],"potions_floor_usage":[],"damage_taken":[{"damage":1.0,"enemies":"Cultist","floor":1.0,"turns":3.0},{"damage":2.0,"enemies":"Jaw Worm","floor":4.0,"turns":3.0},{"damage":2.0,"enemies":"2 Louse","floor":5.0,"turns":3.0},{"damage":8.0,"enemies":"Gremlin Nob","floor":7.0,"turns":3.0},{"damage":3.0,"enemies":"Large Slime","floor":8.0,"turns":6.0},{"damage":1.0,"enemies":"3 Sentries","floor":11.0,"turns":4.0},{"damage":0.0,"enemies":"Looter","floor":12.0,"turns":2.0},{"damage":1.0,"enemies":"3 Louse","floor":13.0,"turns":3.0},{"damage":21.0,"enemies":"The Guardian","floor":16.0,"turns":10.0},{"damage":0.0,"enemies":"Chosen","floor":18.0,"turns":3.0},{"damage":12.0,"enemies":"Colosseum Slavers","floor":19.0,"turns":4.0},{"damage":17.0,"enemies":"2 Thieves","floor":21.0,"turns":3.0},{"damage":0.0,"enemies":"Snecko","floor":22.0,"turns":4.0},{"damage":1.0,"enemies":"Gremlin Leader","floor":29.0,"turns":8.0},{"damage":29.0,"enemies":"Slavers","floor":31.0,"turns":5.0},{"damage":20.0,"enemies":"Collector","floor":33.0,"turns":12.0},{"damage":0.0,"enemies":"Orb Walker","floor":35.0,"turns":5.0},{"damage":0.0,"enemies":"3 Shapes","floor":36.0,"turns":3.0},{"damage":15,"enemies":"Writhing Mass","floor":38,"turns":8},{"damage":23,"enemies":"Transient","floor":39,"turns":6},{"damage":3,"enemies":"Sphere and 2 Shapes","floor":41,"turns":6},{"damage":27,"enemies":"Writhing Mass","floor":46,"turns":7},{"damage":8,"enemies":"Mind Bloom Boss Battle","floor":47,"turns":8},{"damage":36,"enemies":"Donu and Deca","floor":50,"turns":10},{"damage":23,"enemies":"Time Eater","floor":51,"turns":16}],"seed_played":"4877832655870228733","potions_obtained":[{"floor":5.0,"key":"Poison Potion"},{"floor":11.0,"key":"Poison Potion"},{"floor":12.0,"key":"Fruit Juice"},{"floor":13.0,"key":"SteroidPotion"}],"is_trial":false,"path_per_floor":["M","T","$","M","M","R","E","M","T","R","E","M","M","?","R","B",null,"M","?","?","M","M","R","?","$","T","T","?","E","R","E","R","B",null,"M","M","?","M","M","R","M","$","T","?","R","M","?","?","R","B","B",null],"character_chosen":"DEFECT","items_purchased":["Defragment","Cold Snap","Lee\u0027s Waffle","DataDisk","Apotheosis"],"campfire_rested":1,"item_purchase_floors":[3,3,25,25,42],"current_hp_per_floor":[63,63,63,61,59,59,51,48,48,48,47,52,51,51,51,30,65,65,53,31,14,14,38,38,88,88,88,88,87,87,78,78,68,83,88,88,88,88,75,75,82,82,82,82,82,75,101,101,101,85,62],"gold":201,"neow_bonus":"HUNDRED_GOLD","is_prod":false,"is_daily":false,"chose_seed":false,"campfire_upgraded":8,"win_rate":0,"timestamp":1545831999,"path_taken":["M","?","$","M","M","R","E","M","T","R","E","M","M","?","R","BOSS","M","?","?","M","M","R","?","$","T","?","?","E","R","E","R","BOSS","M","M","?","?","M","R","M","$","T","?","R","M","?","?","R","BOSS","BOSS"],"build_version":"2018-12-20","purchased_purges":1,"victory":true,"max_hp_per_floor":[71,71,71,71,71,71,71,71,71,71,71,76,76,76,76,76,76,76,76,81,81,81,81,81,88,88,88,88,88,88,88,88,88,88,88,88,88,88,88,88,88,88,88,88,88,88,102,102,102,102,102],"card_choices":[{"not_picked":["Rebound","Steam"],"picked":"FTL","floor":1.0},{"not_picked":["Conserve Battery","Recycle"],"picked":"Glacier","floor":4.0},{"not_picked":["White Noise","Go for the Eyes"],"picked":"Sunder","floor":5.0},{"not_picked":["Scrape","Ball Lightning"],"picked":"Conserve Battery","floor":7.0},{"not_picked":["Gash","Sweeping Beam"],"picked":"Coolheaded","floor":8.0},{"not_picked":["Steam","Rainbow"],"picked":"Compile Driver","floor":11.0},{"not_picked":["Redo","Stack"],"picked":"Hologram","floor":12.0},{"not_picked":["Hologram","Cold Snap"],"picked":"White Noise","floor":13.0},{"not_picked":["All For One","Machine Learning"],"picked":"Buffer","floor":16.0},{"not_picked":["Beam Cell","Cold Snap","Rebound"],"picked":"SKIP","floor":18.0},{"not_picked":["Compile Driver","Leap"],"picked":"Recycle","floor":21.0},{"not_picked":["Streamline","Steam","Barrage"],"picked":"SKIP","floor":22.0},{"not_picked":["Hyperbeam","Scrape"],"picked":"Self Repair+1","floor":29.0},{"not_picked":["Hello World+1","Genetic Algorithm"],"picked":"Machine Learning","floor":31.0},{"not_picked":["Amplify","Multi-Cast"],"picked":"Electrodynamics","floor":33.0},{"not_picked":["Barrage","Coolheaded"],"picked":"Defragment","floor":34.0},{"not_picked":["Conserve Battery","Recycle"],"picked":"Compile Driver","floor":34.0},{"not_picked":["Turbo","Rebound"],"picked":"FTL","floor":34.0},{"not_picked":["Genetic Algorithm+1","Hologram","Turbo"],"picked":"SKIP","floor":35.0},{"not_picked":["Barrage+1","Ball Lightning"],"picked":"Undo","floor":36.0},{"not_picked":["Leap","Go for the Eyes+1"],"picked":"Defragment","floor":38},{"not_picked":["Chaos","Sweeping Beam"],"picked":"Loop","floor":39},{"not_picked":["Loop","Beam Cell+1"],"picked":"Capacitor","floor":41},{"not_picked":["Storm","Barrage","Heatsinks"],"picked":"SKIP","floor":46},{"not_picked":["Storm","Barrage"],"picked":"Heatsinks","floor":46}],"player_experience":864766,"relics_obtained":[{"floor":2.0,"key":"Shuriken"},{"floor":7.0,"key":"Bronze Scales"},{"floor":9.0,"key":"Symbiotic Virus"},{"floor":11.0,"key":"Bottled Tornado"},{"floor":27.0,"key":"The Courier"},{"floor":31.0,"key":"Bottled Lightning"},{"floor":43,"key":"Vajra"},{"floor":47,"key":"Mango"}],"event_choices":[{"cards_removed":["Strike_B"],"damage_healed":0.0,"max_hp_gain":0.0,"max_hp_loss":0.0,"gold_gain":0.0,"event_name":"Living Wall","player_choice":"Forget","floor":14.0,"gold_loss":0.0,"damage_taken":0.0},{"damage_healed":0.0,"max_hp_gain":0.0,"max_hp_loss":0.0,"gold_gain":0.0,"event_name":"Colosseum","player_choice":"Fight","floor":19.0,"gold_loss":0.0,"damage_taken":0.0},{"damage_healed":0.0,"max_hp_gain":0.0,"max_hp_loss":0.0,"gold_gain":0.0,"event_name":"Colosseum","player_choice":"Fled From Nobs","floor":19.0,"gold_loss":0.0,"damage_taken":0.0},{"damage_healed":0.0,"max_hp_gain":5.0,"max_hp_loss":0.0,"gold_gain":0.0,"event_name":"Forgotten Altar","player_choice":"Shed Blood","floor":20.0,"gold_loss":0.0,"damage_taken":27.0},{"damage_healed":0.0,"max_hp_gain":0.0,"max_hp_loss":0.0,"gold_gain":0.0,"event_name":"Back to Basics","player_choice":"Simplicity","floor":24.0,"gold_loss":0.0,"damage_taken":0.0,"cards_upgraded":["Strike_B","Strike_B","Defend_B","Defend_B","Defend_B","Defend_B"]},{"damage_healed":0.0,"max_hp_gain":0.0,"max_hp_loss":0.0,"gold_gain":0.0,"event_name":"The Library","player_choice":"Read","floor":28.0,"gold_loss":0.0,"damage_taken":0.0,"cards_obtained":["Echo Form"]},{"damage_healed":0.0,"max_hp_gain":0.0,"max_hp_loss":0.0,"gold_gain":0.0,"event_name":"Lab","player_choice":"Got Potions","floor":37.0,"gold_loss":0.0,"damage_taken":0.0},{"cards_removed":["Defend_B"],"damage_healed":0,"gold_gain":0,"player_choice":"Removed Skill","damage_taken":0,"max_hp_gain":0,"max_hp_loss":0,"event_name":"Falling","floor":44,"gold_loss":0},{"damage_healed":0,"gold_gain":0,"player_choice":"Fight","damage_taken":0,"max_hp_gain":0,"max_hp_loss":0,"event_name":"MindBloom","floor":47,"gold_loss":0},{"damage_healed":0,"gold_gain":0,"player_choice":"Ignored","damage_taken":0,"max_hp_gain":0,"max_hp_loss":0,"event_name":"SecretPortal","floor":48,"gold_loss":0}],"is_beta":false,"boss_relics":[{"not_picked":["Eternal Feather","Snecko Eye"],"picked":"Sozu"},{"not_picked":["FrozenCore","Calling Bell"],"picked":"Orrery"}],"items_purged_floors":[3],"is_endless":false,"potions_floor_spawned":[5,11,12,13,21,29,33,35,39,47],"ascension_level":20}