{"gold_per_floor":[114,126,126,150,120,120,144,69,69,69,94,94,118,137,137,268,268,284,284,90,106,130,130,144,144,189,65,65,65],"floor_reached":29,"playtime":1050,"items_purged":["Defend_R","Decay"],"score":217,"play_id":"c7ba6684-1dfc-4140-83b9-609f964f20b8","local_time":"20181020224910","is_ascension_mode":false,"campfire_choices":[{"data":"Mayhem","floor":6,"key":"SMITH"},{"data":"Spot Weakness","floor":10,"key":"SMITH"},{"data":"Heavy Blade","floor":12,"key":"SMITH"},{"data":"Pummel","floor":15,"key":"SMITH"},{"floor":23,"key":"REST"},{"data":"Feed","floor":25,"key":"SMITH"}],"neow_cost":"CURSE","seed_source_timestamp":796063664282079,"circlet_count":0,"master_deck":["Strike_R","Strike_R","Strike_R","Strike_R","Strike_R","Bash","Mayhem+1","Enlightenment","Pummel","Cleave","Spot Weakness+1","Heavy Blade+1","Pummel+1","Feed+1","Wild Strike+1","Combust+1","Offering+1","Perfected Strike","RitualDagger","Heavy Blade","Anger","Heavy Blade","Pain"],"relics":["Burning Blood","Golden Idol","Du-Vu Doll","Astrolabe","Toolbox","Strawberry","WarpedTongs"],"potions_floor_usage":[7,11,14,16],"damage_taken":[{"damage":3,"enemies":"Cultist","floor":1,"turns":4},{"damage":7,"enemies":"2 Louse","floor":2,"turns":3},{"damage":15,"enemies":"Jaw Worm","floor":4,"turns":3},{"damage":0,"enemies":"Red Slaver","floor":7,"turns":1},{"damage":21,"enemies":"Exordium Thugs","floor":11,"turns":3},{"damage":7,"enemies":"Blue Slaver","floor":13,"turns":2},{"damage":2,"enemies":"Looter","floor":14,"turns":2},{"damage":19,"enemies":"Slime Boss","floor":16,"turns":5},{"damage":7,"enemies":"3 Byrds","floor":18,"turns":3},{"damage":32,"enemies":"2 Thieves","floor":21,"turns":3},{"damage":17,"enemies":"Snecko","floor":22,"turns":3},{"damage":18,"enemies":"Sentry and Sphere","floor":24,"turns":3},{"damage":52,"enemies":"Gremlin Leader","floor":29,"turns":2}],"seed_played":"-2684643014735732149","potions_obtained":[{"floor":4,"key":"LiquidBronze"},{"floor":5,"key":"Dexterity Potion"},{"floor":5,"key":"AttackPotion"},{"floor":7,"key":"SpeedPotion"},{"floor":13,"key":"SpeedPotion"},{"floor":18,"key":"SpeedPotion"},{"floor":24,"key":"SpeedPotion"}],"is_trial":false,"path_per_floor":["M","M","?","M","?","R","M","$","T","R","M","R","M","M","R","B",null,"M","?","$","M","M","R","M","R","T","$","?"],"character_chosen":"IRONCLAD","items_purchased":["Toolbox","Heavy Blade"],"campfire_rested":1,"item_purchase_floors":[20,27],"current_hp_per_floor":[80,79,74,65,65,65,71,71,71,71,56,56,55,59,59,46,74,76,70,70,44,33,56,44,44,51,51,51,0],"gold":65,"neow_bonus":"RANDOM_COLORLESS_2","is_prod":false,"is_daily":false,"chose_seed":false,"campfire_upgraded":5,"win_rate":0.0,"timestamp":1540028950,"path_taken":["M","?","?","M","?","R","M","?","T","R","?","R","M","M","R","BOSS","M","?","$","M","M","R","M","R","T","$","?","E"],"build_version":"2018-10-18","purchased_purges":2,"victory":false,"max_hp_per_floor":[80,80,74,74,74,74,74,74,74,74,74,74,74,74,74,74,74,77,77,77,77,77,77,77,77,84,84,84,84],"card_choices":[{"not_picked":["True Grit","Warcry"],"picked":"Pummel","floor":1},{"not_picked":["Headbutt","Shrug It Off"],"picked":"Cleave","floor":2},{"not_picked":["Entrench","Feel No Pain","True Grit"],"picked":"SKIP","floor":4},{"not_picked":["Pommel Strike","Headbutt"],"picked":"Spot Weakness","floor":7},{"not_picked":["Clash","Clothesline"],"picked":"Heavy Blade","floor":11},{"not_picked":["Barricade","Wild Strike","Body Slam"],"picked":"SKIP","floor":13},{"not_picked":["Wild Strike","Sword Boomerang"],"picked":"Pummel","floor":14},{"not_picked":["Berserk","Barricade"],"picked":"Feed","floor":16},{"not_picked":["Sword Boomerang","Clothesline"],"picked":"Perfected Strike","floor":18},{"not_picked":["Thunderclap","Wild Strike","Sentinel"],"picked":"SKIP","floor":21},{"not_picked":["Twin Strike","Shrug It Off+1"],"picked":"Heavy Blade","floor":22},{"not_picked":["Headbutt","Flex"],"picked":"Anger","floor":24}],"player_experience":142962,"relics_obtained":[{"floor":9,"key":"Du-Vu Doll"},{"floor":26,"key":"Strawberry"}],"event_choices":[{"damage_healed":0,"gold_gain":0,"player_choice":"Lose Max HP","damage_taken":0,"relics_obtained":["Golden Idol"],"max_hp_gain":0,"max_hp_loss":6,"event_name":"Golden Idol","floor":3,"gold_loss":0},{"damage_healed":0,"gold_gain":0,"player_choice":"Bought 2 Potions","damage_taken":0,"max_hp_gain":0,"max_hp_loss":0,"event_name":"The Woman in Blue","floor":5,"gold_loss":0},{"damage_healed":0,"gold_gain":0,"player_choice":"Joined the Cult","damage_taken":6,"max_hp_gain":0,"max_hp_loss":0,"event_name":"Nest","floor":19,"gold_loss":0,"cards_obtained":["RitualDagger"]},{"damage_healed":0,"gold_gain":0,"player_choice":"Rummage","damage_taken":0,"relics_obtained":["WarpedTongs"],"max_hp_gain":0,"max_hp_loss":0,"event_name":"Accursed Blacksmith","floor":28,"gold_loss":0,"cards_obtained":["Pain"]}],"is_beta":false,"boss_relics":[{"not_picked":["Sozu","Calling Bell"],"picked":"Astrolabe"}],"items_purged_floors":[8,27],"is_endless":false,"potions_floor_spawned":[4,7,13,18,24],"killed_by":"Gremlin Leader","ascension_level":0}