{"gold_per_floor":[119,119,132,40,40,40,83,83,83,108,129,129,149,169,169,298,361,375,96,109,109,130,155,155,169,195,216,216],"floor_reached":28,"playtime":2110,"items_purged":[],"score":249,"play_id":"728fb766-26b2-41e8-83e9-222f899bd360","local_time":"20181016150933","is_ascension_mode":false,"campfire_choices":[{"data":"Choke","floor":6.0,"key":"SMITH"},{"data":"Accuracy","floor":8.0,"key":"SMITH"},{"data":"Cloak And Dagger","floor":12.0,"key":"SMITH"},{"floor":15.0,"key":"REST"},{"data":"Phantasmal Killer","floor":24,"key":"SMITH"}],"neow_cost":"TEN_PERCENT_HP_LOSS","seed_source_timestamp":0,"circlet_count":0,"master_deck":["Defend_G","Defend_G","Defend_G","Defend_G+1","Defend_G","Survivor","Neutralize+1","Blade Dance","Accuracy+1","Choke+1","Blade Dance","Injury","Cloak And Dagger+1","Phantasmal Killer+1","Envenom","Slice","Caltrops","Bite","Bite","Bite","Bite","Bite","Quick Slash+1","Predator+1","Distraction"],"special_seed":0,"relics":["Ring of the Snake","Gambling Chip","Golden Idol","Nunchaku","Pear","Tiny House","Lee\u0027s Waffle","Orichalcum"],"potions_floor_usage":[22,25],"damage_taken":[{"damage":0.0,"enemies":"2 Louse","floor":1.0,"turns":3.0},{"damage":0.0,"enemies":"Cultist","floor":3.0,"turns":3.0},{"damage":22.0,"enemies":"Gremlin Nob","floor":7.0,"turns":4.0},{"damage":0.0,"enemies":"Jaw Worm","floor":10.0,"turns":3.0},{"damage":0.0,"enemies":"Blue Slaver","floor":11.0,"turns":3.0},{"damage":6.0,"enemies":"Large Slime","floor":13.0,"turns":3.0},{"damage":1.0,"enemies":"Red Slaver","floor":14.0,"turns":3.0},{"damage":53.0,"enemies":"Hexaghost","floor":16.0,"turns":12.0},{"damage":22.0,"enemies":"Spheric Guardian","floor":18.0,"turns":5.0},{"damage":14.0,"enemies":"Shell Parasite","floor":20.0,"turns":4.0},{"damage":16,"enemies":"Chosen and Byrds","floor":22,"turns":6},{"damage":15,"enemies":"3 Cultists","floor":23,"turns":4},{"damage":10,"enemies":"Centurion and Healer","floor":25,"turns":5},{"damage":11,"enemies":"Snecko","floor":27,"turns":4},{"damage":22,"enemies":"Sentry and Sphere","floor":28,"turns":3}],"seed_played":"2617924898648497814","potions_obtained":[{"floor":3.0,"key":"Ancient Potion"},{"floor":10.0,"key":"GhostInAJar"},{"floor":17.0,"key":"SneckoOil"},{"floor":20,"key":"EssenceOfSteel"},{"floor":22,"key":"SpeedPotion"}],"is_trial":false,"path_per_floor":["M","?","M","$","?","R","E","R","T","M","M","R","M","M","R","B",null,"M","$","M","?","M","M","R","M","T","M"],"character_chosen":"THE_SILENT","items_purchased":["Choke","Blade Dance","Lee\u0027s Waffle","Caltrops"],"campfire_rested":1,"item_purchase_floors":[4,4,19,19],"current_hp_per_floor":[63,63,63,63,63,63,41,41,51,51,51,51,45,44,65,12,78,56,85,71,59,48,39,39,31,31,20,0],"gold":216,"neow_bonus":"ONE_RARE_RELIC","is_prod":false,"is_daily":false,"chose_seed":false,"campfire_upgraded":4,"win_rate":0.0,"timestamp":1539655773,"path_taken":["M","?","M","$","?","R","E","R","T","M","?","R","M","M","R","BOSS","M","$","M","?","M","M","R","?","T","M","M"],"build_version":"2018-10-11","purchased_purges":0,"victory":false,"max_hp_per_floor":[63,63,63,63,63,63,63,63,73,73,73,73,73,73,73,73,78,78,85,85,59,59,59,59,59,59,59,59],"card_choices":[{"not_picked":["Dodge and Roll","Dagger Spray"],"picked":"Blade Dance","floor":1.0},{"not_picked":["Blade Dance","Dagger Throw"],"picked":"Accuracy","floor":3.0},{"not_picked":["Predator","Noxious Fumes","Leg Sweep"],"picked":"SKIP","floor":7.0},{"not_picked":["Flying Knee","Poisoned Stab","Footwork"],"picked":"SKIP","floor":10.0},{"not_picked":["Prepared","Sucker Punch"],"picked":"Cloak And Dagger","floor":11.0},{"not_picked":["Dagger Spray","Sucker Punch","Poisoned Stab"],"picked":"SKIP","floor":13.0},{"not_picked":["Bouncing Flask","Cloak And Dagger"],"picked":"Phantasmal Killer","floor":14.0},{"not_picked":["Wraith Form v2","Malaise"],"picked":"Envenom","floor":16.0},{"not_picked":["PiercingWail","Poisoned Stab"],"picked":"Slice","floor":17.0},{"not_picked":["Deadly Poison","Deflect+1","Poisoned Stab"],"picked":"SKIP","floor":18.0},{"not_picked":["Eviscerate","PiercingWail","Dash"],"picked":"SKIP","floor":20},{"not_picked":["Sucker Punch+1","Cloak And Dagger"],"picked":"Quick Slash+1","floor":22},{"not_picked":["Deflect","Skewer"],"picked":"Predator+1","floor":23},{"not_picked":["Bane","PiercingWail"],"picked":"Distraction","floor":25},{"not_picked":["Venomology","Expertise","Quick Slash"],"picked":"SKIP","floor":27}],"player_experience":72674,"relics_obtained":[{"floor":7.0,"key":"Nunchaku"},{"floor":9.0,"key":"Pear"},{"floor":26,"key":"Orichalcum"}],"event_choices":[{"event_name":"Upgrade Shrine","player_choice":"Upgraded","floor":2.0,"damage_taken":0.0},{"event_name":"Golden Idol","player_choice":"Take Wound","floor":5.0,"damage_taken":0.0},{"event_name":"Vampires","player_choice":"Became a vampire","floor":21,"damage_taken":0}],"is_beta":false,"boss_relics":[{"not_picked":["Cursed Key","Busted Crown"],"picked":"Tiny House"}],"items_purged_floors":[],"is_endless":false,"potions_floor_spawned":[3,10,20,22],"killed_by":"Sentry and Sphere","ascension_level":0}