{"gold_per_floor":[119,119,139,154,170,170,197,147,147,179,64,64,40,40,40,40],"floor_reached":16,"playtime":815,"items_purged":[],"score":108,"play_id":"bff62e9c-d2d4-46ae-a9d5-726a6f5c06a4","local_time":"20190104210507","is_ascension_mode":false,"campfire_choices":[{"data":"Infernal Blade","floor":6,"key":"SMITH"},{"floor":12,"key":"REST"},{"data":"Armaments","floor":15,"key":"SMITH"}],"neow_cost":"NONE","seed_source_timestamp":353002606155444,"circlet_count":0,"master_deck":["Strike_R+1","Strike_R","Strike_R","Strike_R+1","Strike_R","Defend_R","Defend_R","Bash","Impervious","Warcry","Infernal Blade+1","Limit Break","Clash","Seeing Red","Uppercut","Entrench","Feel No Pain","Armaments+1"],"relics":["Burning Blood","Sundial","Kunai"],"potions_floor_usage":[5,7,10,10],"damage_taken":[{"damage":11,"enemies":"Cultist","floor":1,"turns":5},{"damage":1,"enemies":"Jaw Worm","floor":3,"turns":4},{"damage":0,"enemies":"Small Slimes","floor":4,"turns":4},{"damage":7,"enemies":"Blue Slaver","floor":5,"turns":4},{"damage":12,"enemies":"Gremlin Nob","floor":7,"turns":4},{"damage":36,"enemies":"Lagavulin","floor":10,"turns":6},{"damage":50,"enemies":"The Guardian","floor":16,"turns":9}],"seed_played":"6575722116395414785","potions_obtained":[{"floor":1,"key":"Ancient Potion"},{"floor":3,"key":"Explosive Potion"},{"floor":4,"key":"Poison Potion"},{"floor":7,"key":"Swift Potion"}],"is_trial":false,"path_per_floor":["M","?","M","M","M","R","E","?","T","E","$","R","$","?","R","B"],"character_chosen":"IRONCLAD","items_purchased":["Entrench","Feel No Pain","Armaments"],"campfire_rested":1,"item_purchase_floors":[11,11,13],"current_hp_per_floor":[75,68,73,79,78,78,72,72,72,42,42,66,66,50,50,0],"gold":40,"neow_bonus":"ONE_RANDOM_RARE_CARD","is_prod":false,"is_daily":false,"chose_seed":false,"campfire_upgraded":2,"win_rate":0,"timestamp":1546589107,"path_taken":["M","?","M","M","M","R","E","?","T","E","?","R","?","?","R","BOSS"],"build_version":"2019-01-03v3","purchased_purges":0,"victory":false,"max_hp_per_floor":[80,80,80,80,80,80,80,80,80,80,80,80,80,80,80,80],"card_choices":[{"not_picked":["Headbutt","Cleave"],"picked":"Warcry","floor":1},{"not_picked":["Body Slam","Uppercut"],"picked":"Infernal Blade","floor":3},{"not_picked":["Pummel","Rampage"],"picked":"Limit Break","floor":4},{"not_picked":["Perfected Strike","Anger"],"picked":"Clash","floor":5},{"not_picked":["Shrug It Off","Wild Strike"],"picked":"Seeing Red","floor":7},{"not_picked":["Perfected Strike","Sword Boomerang"],"picked":"Uppercut","floor":10}],"player_experience":549077,"relics_obtained":[{"floor":7,"key":"Sundial"},{"floor":10,"key":"Kunai"}],"event_choices":[{"cards_removed":["Defend_R"],"damage_healed":0,"gold_gain":0,"player_choice":"Card Removal","damage_taken":7,"max_hp_gain":0,"max_hp_loss":0,"event_name":"Golden Wing","floor":2,"gold_loss":0},{"cards_removed":["Defend_R"],"damage_healed":0,"gold_gain":0,"player_choice":"Card Removal","damage_taken":0,"max_hp_gain":0,"max_hp_loss":0,"event_name":"The Cleric","floor":8,"gold_loss":50},{"damage_healed":0,"gold_gain":0,"player_choice":"Entered Light","damage_taken":16,"max_hp_gain":0,"max_hp_loss":0,"event_name":"Shining Light","floor":14,"gold_loss":0,"cards_upgraded":["Strike_R","Strike_R"]}],"is_beta":false,"boss_relics":[],"items_purged_floors":[],"is_endless":false,"potions_floor_spawned":[1,3,4,7],"killed_by":"The Guardian","ascension_level":0}