{"gold_per_floor":[118,118,268,66,77,110,110,142,194,214,68,80,0,18,18,18],"floor_reached":16,"playtime":355,"items_purged":["Doubt"],"score":193,"play_id":"e29ee168-87c8-4c83-82b6-9ad6744c4951","local_time":"20180714233215","daily_mods":["Binary"],"is_ascension_mode":true,"campfire_choices":[{"floor":7,"key":"REST"},{"data":"Hologram","floor":15,"key":"SMITH"}],"neow_cost":"","seed_source_timestamp":0,"circlet_count":0,"master_deck":["Strike_B","Strike_B","Strike_B","Defend_B","Defend_B","Defend_B","Defend_B","Zap","Dualcast","AscendersBane","Leap","Static Discharge","Ball Lightning","Hologram+1","Capacitor","Self Repair"],"relics":["Cracked Core","Busted Crown","Regal Pillow","Boot","Art of War"],"potions_floor_usage":[6,16],"damage_taken":[{"damage":0,"enemies":"Small Slimes","floor":1,"turns":3},{"damage":2,"enemies":"2 Louse","floor":5,"turns":3},{"damage":28,"enemies":"Gremlin Nob","floor":6,"turns":4},{"damage":24,"enemies":"Lagavulin","floor":8,"turns":7},{"damage":0,"enemies":"Cultist","floor":10,"turns":3},{"damage":17,"enemies":"Large Slime","floor":12,"turns":5},{"damage":3,"enemies":"Exordium Wildlife","floor":14,"turns":4},{"damage":21,"enemies":"Slime Boss","floor":16,"turns":4}],"seed_played":"5759141834907902324","potions_obtained":[{"floor":5,"key":"SkillPotion"},{"floor":6,"key":"SneckoOil"},{"floor":8,"key":"Block Potion"}],"is_trial":true,"path_per_floor":["M","?","?","$","M","E","R","E","T","M","$","M","$","M","R"],"character_chosen":"DEFECT","items_purchased":["Leap","Static Discharge","Ball Lightning","Hologram","Capacitor","Self Repair"],"campfire_rested":1,"item_purchase_floors":[4,4,11,11,11,13],"current_hp_per_floor":[64,57,57,57,55,27,63,39,39,39,39,22,22,26,26,5],"gold":18,"neow_bonus":"","is_prod":false,"is_daily":false,"chose_seed":false,"campfire_upgraded":1,"win_rate":0,"timestamp":1531636335,"path_taken":["M","?","?","$","M","E","R","E","T","M","$","M","$","?","R","BOSS"],"build_version":"2018-07-13","purchased_purges":1,"victory":false,"max_hp_per_floor":[71,71,71,71,71,71,71,71,71,71,71,71,71,71,71,71],"card_choices":[],"player_experience":651076,"relics_obtained":[{"floor":6,"key":"Regal Pillow"},{"floor":8,"key":"Boot"},{"floor":9,"key":"Art of War"}],"event_choices":[{"event_name":"Golden Wing","player_choice":"Card Removal","floor":2,"damage_taken":0},{"event_name":"Liars Game","player_choice":"agreed","floor":3,"damage_taken":0}],"boss_relics":[],"items_purged_floors":[4],"is_endless":false,"potions_floor_spawned":[5,6,8,14],"killed_by":"Slime Boss","ascension_level":15}