{"path_per_floor":["M","?","M","M","M","R","T","R","T","R","E","?","E","M","R","B",null,"M","$","?","M","M","R","E","M","T","E","M","?","R","M","R","B",null,"M","M","M","M","$"],"character_chosen":"DEFECT","items_purchased":["Art of War","Runic Capacitor","Compile Driver"],"gold_per_floor":[20,20,31,50,69,69,69,69,69,69,98,98,127,139,139,242,242,252,108,108,121,140,140,172,186,209,240,253,353,353,363,363,464,464,478,497,509,523,221,221],"floor_reached":40,"campfire_rested":0,"playtime":1975,"item_purchase_floors":[19,39,39],"current_hp_per_floor":[58,58,57,56,46,46,46,46,46,46,35,35,44,46,46,75,75,66,66,66,70,72,72,75,61,61,69,73,73,73,75,75,56,70,75,75,75,69,69,0],"items_purged":["Writhe"],"gold":221,"score":662,"play_id":"caece7c1-7698-41b6-8216-185dd6abb874","local_time":"20180610223824","is_prod":false,"is_daily":false,"chose_seed":false,"is_ascension_mode":true,"campfire_upgraded":7,"win_rate":0,"timestamp":1528663104,"campfire_choices":[{"data":"Zap","floor":6.0,"key":"SMITH"},{"data":"Electrodynamics","floor":8.0,"key":"SMITH"},{"data":"Double Energy","floor":10.0,"key":"SMITH"},{"data":"Ball Lightning","floor":15.0,"key":"SMITH"},{"data":"Leap","floor":23,"key":"SMITH"},{"data":"Electrodynamics","floor":30,"key":"SMITH"},{"data":"White Noise","floor":32,"key":"SMITH"}],"path_taken":["M","?","M","M","M","R","?","R","T","R","E","?","E","M","R","BOSS","M","$","?","M","?","R","E","M","T","E","?","?","R","M","R","BOSS","M","M","?","?","?","E"],"build_version":"2018-06-07v3","seed_source_timestamp":121657780306288,"purchased_purges":1,"victory":false,"master_deck":["Strike_B","Strike_B","Strike_B","Strike_B","Defend_B","Defend_B","Defend_B","Defend_B","Zap+1","Dualcast","Steam","Double Energy+1","Rebound","Electrodynamics+1","White Noise+1","Ball Lightning+1","Cold Snap","Electrodynamics+1","Leap+1","Leap+1","Glacier","Sweeping Beam+1","Undo","Sweeping Beam+1","White Noise+1","Hologram+1","Redo+1","Hologram","Beam Cell+1","Compile Driver"],"max_hp_per_floor":[75,75,75,75,75,75,75,75,75,75,75,75,75,75,75,75,75,75,75,75,75,75,75,75,75,75,75,75,75,75,75,75,75,75,75,75,75,75,75,75],"relics":["Cracked Core","Bird Faced Urn","Boot","Pantograph","Meat on the Bone","Thread and Needle","Busted Crown","Art of War","Mercury Hourglass","Bottled Tornado","Blood Vial","Bag of Preparation","Cursed Key","Runic Capacitor"],"card_choices":[{"not_picked":["Streamline","Blizzard"],"picked":"Steam","floor":1.0},{"not_picked":["Go for the Eyes","Turbo"],"picked":"Double Energy","floor":3.0},{"not_picked":["Go for the Eyes","Gash"],"picked":"Rebound","floor":4.0},{"not_picked":["FTL","Compile Driver"],"picked":"Electrodynamics","floor":5.0},{"not_picked":["Stack","Double Energy"],"picked":"White Noise","floor":11.0},{"not_picked":["Rip and Tear","Go for the Eyes"],"picked":"Ball Lightning","floor":13.0},{"not_picked":["Gash","Storm"],"picked":"Cold Snap","floor":14.0},{"not_picked":["Amplify","Seek"],"picked":"Electrodynamics","floor":16},{"not_picked":[],"picked":"Leap","floor":18},{"not_picked":[],"picked":"Leap+1","floor":21},{"not_picked":[],"picked":"Glacier","floor":22},{"not_picked":[],"picked":"Sweeping Beam+1","floor":24},{"not_picked":[],"picked":"Undo","floor":25},{"not_picked":[],"picked":"Sweeping Beam+1","floor":27},{"not_picked":["Rebound"],"picked":"SKIP","floor":28},{"not_picked":[],"picked":"White Noise","floor":31},{"not_picked":[],"picked":"Hologram+1","floor":35},{"not_picked":[],"picked":"Redo+1","floor":36},{"not_picked":[],"picked":"Hologram","floor":37},{"not_picked":[],"picked":"Beam Cell+1","floor":38}],"player_experience":746959,"potions_floor_usage":[24,27,37,40,40,40],"damage_taken":[{"damage":10.0,"enemies":"Small Slimes","floor":1.0,"turns":2.0},{"damage":1.0,"enemies":"Cultist","floor":3.0,"turns":4.0},{"damage":1.0,"enemies":"Jaw Worm","floor":4.0,"turns":3.0},{"damage":10.0,"enemies":"Blue Slaver","floor":5.0,"turns":4.0},{"damage":19.0,"enemies":"Lagavulin","floor":11.0,"turns":5.0},{"damage":7.0,"enemies":"Gremlin Nob","floor":13.0,"turns":3.0},{"damage":0.0,"enemies":"2 Fungi Beasts","floor":14.0,"turns":2.0},{"damage":0,"enemies":"Slime Boss","floor":16,"turns":5},{"damage":16,"enemies":"Shell Parasite","floor":18,"turns":4},{"damage":0,"enemies":"Spheric Guardian","floor":21,"turns":2},{"damage":3,"enemies":"Snecko","floor":22,"turns":5},{"damage":1,"enemies":"Gremlin Leader","floor":24,"turns":6},{"damage":16,"enemies":"Snake Plant","floor":25,"turns":3},{"damage":13,"enemies":"Book of Stabbing","floor":27,"turns":6},{"damage":0,"enemies":"Sentry and Sphere","floor":28,"turns":3},{"damage":0,"enemies":"Cultist and Chosen","floor":31,"turns":3},{"damage":19,"enemies":"Collector","floor":33,"turns":9},{"damage":0,"enemies":"3 Shapes","floor":35,"turns":2},{"damage":0,"enemies":"3 Darklings","floor":36,"turns":3},{"damage":5,"enemies":"Maw","floor":37,"turns":9},{"damage":6,"enemies":"4 Shapes","floor":38,"turns":2},{"damage":84,"enemies":"Giant Head","floor":40,"turns":8}],"relics_obtained":[{"floor":7.0,"key":"Boot"},{"floor":9.0,"key":"Pantograph"},{"floor":11.0,"key":"Meat on the Bone"},{"floor":13.0,"key":"Thread and Needle"},{"floor":24,"key":"Bottled Tornado"},{"floor":26,"key":"Blood Vial"},{"floor":27,"key":"Bag of Preparation"}],"event_choices":[{"event_name":"The Cleric","player_choice":"Leave","floor":2.0,"damage_taken":0.0},{"event_name":"Living Wall","player_choice":"Grow","floor":12.0,"damage_taken":0.0},{"event_name":"The Mausoleum","player_choice":"Yes","floor":20,"damage_taken":0},{"event_name":"Golden Shrine","player_choice":"Pray","floor":29,"damage_taken":0}],"boss_relics":[{"not_picked":["Runic Dome","Snecko Eye"],"picked":"Busted Crown"},{"not_picked":["Astrolabe","Velvet Choker"],"picked":"Cursed Key"}],"items_purged_floors":[39],"potions_floor_spawned":[5,13,16,18,21,22,33,35,37,38],"seed_played":"-2631083111909831454","killed_by":"Giant Head","ascension_level":7,"potions_obtained":[{"floor":5.0,"key":"SkillPotion"},{"floor":13.0,"key":"FocusPotion"},{"floor":16,"key":"SpeedPotion"},{"floor":18,"key":"Regen Potion"},{"floor":33,"key":"LiquidBronze"},{"floor":35,"key":"GamblersBrew"},{"floor":37,"key":"Poison Potion"},{"floor":38,"key":"Weak Potion"}],"is_trial":false}