{"gold_per_floor":[117,140,7,19,19,49,66,66,66,66,83,83,110,122,122,196,196,206,216,216,216,84,100,120,130,130,130],"floor_reached":27,"playtime":1701,"items_purged":["Strike_R"],"score":488,"play_id":"dfd81093-1c8c-4f03-8b92-27fee9523691","local_time":"20190117211653","is_ascension_mode":true,"campfire_choices":[{"data":"True Grit","floor":8.0,"key":"SMITH"},{"data":"Bash","floor":10.0,"key":"SMITH"},{"data":"Rampage","floor":12.0,"key":"SMITH"},{"data":"Battle Trance","floor":15.0,"key":"SMITH"}],"neow_cost":"NONE","seed_source_timestamp":454860884527637,"circlet_count":0,"master_deck":["AscendersBane","Strike_R","Strike_R","Strike_R","Defend_R","Defend_R","Defend_R","Defend_R","Bash+1","Battle Trance+1","True Grit+1","Twin Strike","Offering","Anger","Rampage+1","Spot Weakness","Limit Break","Corruption","Shrug It Off","Entrench"],"special_seed":0,"relics":["Burning Blood","NeowsBlessing","Blood Vial","Mercury Hourglass","Dodecahedron","Paper Frog","Philosopher\u0027s Stone","Gremlin Horn"],"potions_floor_usage":[24,25],"damage_taken":[{"damage":0.0,"enemies":"Cultist","floor":1.0,"turns":1.0},{"damage":0.0,"enemies":"Small Slimes","floor":4.0,"turns":1.0},{"damage":0.0,"enemies":"Gremlin Nob","floor":6.0,"turns":1.0},{"damage":8.0,"enemies":"Jaw Worm","floor":7.0,"turns":2.0},{"damage":6.0,"enemies":"Exordium Thugs","floor":11.0,"turns":3.0},{"damage":26.0,"enemies":"Lagavulin","floor":13.0,"turns":3.0},{"damage":9.0,"enemies":"Gremlin Gang","floor":14.0,"turns":4.0},{"damage":21.0,"enemies":"The Guardian","floor":16.0,"turns":8.0},{"damage":8.0,"enemies":"Spheric Guardian","floor":18.0,"turns":3.0},{"damage":20,"enemies":"3 Byrds","floor":19,"turns":4},{"damage":32,"enemies":"Snake Plant","floor":23,"turns":3},{"damage":30,"enemies":"Shelled Parasite and Fungi","floor":24,"turns":3},{"damage":6,"enemies":"Centurion and Healer","floor":25,"turns":4},{"damage":17,"enemies":"Cultist and Chosen","floor":27,"turns":3}],"seed_played":"7504556043954733953","potions_obtained":[{"floor":6.0,"key":"Poison Potion"},{"floor":7.0,"key":"PowerPotion"},{"floor":11.0,"key":"PowerPotion"},{"floor":16.0,"key":"Dexterity Potion"},{"floor":18.0,"key":"Strength Potion"},{"floor":23,"key":"Ancient Potion"},{"floor":25,"key":"LiquidBronze"}],"is_trial":false,"path_per_floor":["M","T","$","M","$","E","M","R","T","R","M","R","E","M","R","B",null,"M","M","$","?","$","M","M","M","T","M"],"character_chosen":"IRONCLAD","items_purchased":["True Grit","Corruption","Shrug It Off"],"campfire_rested":0,"item_purchase_floors":[3,22,22],"current_hp_per_floor":[74,74,74,75,75,75,73,73,73,73,75,75,55,54,54,41,67,67,55,55,55,55,31,9,11,11,0],"gold":130,"neow_bonus":"THREE_ENEMY_KILL","is_prod":false,"is_daily":false,"chose_seed":false,"campfire_upgraded":4,"win_rate":0,"timestamp":1547720213,"path_taken":["M","?","$","M","?","E","M","R","T","R","M","R","E","M","R","BOSS","M","M","$","?","$","M","M","M","T","?"],"build_version":"2019-01-10","purchased_purges":1,"victory":false,"max_hp_per_floor":[75,75,75,75,75,75,75,75,75,75,75,75,75,75,75,75,75,75,75,75,75,75,75,75,75,75,75],"card_choices":[{"not_picked":["Iron Wave","Pommel Strike"],"picked":"Battle Trance","floor":1.0},{"not_picked":["Flex","Fire Breathing"],"picked":"Twin Strike","floor":4.0},{"not_picked":["Immolate","Thunderclap"],"picked":"Offering","floor":6.0},{"not_picked":["Warcry","Rage"],"picked":"Anger","floor":7.0},{"not_picked":["Armaments","Bloodletting"],"picked":"Rampage","floor":11.0},{"not_picked":["Hemokinesis","Battle Trance"],"picked":"Spot Weakness","floor":13.0},{"not_picked":["Clothesline","Intimidate","True Grit"],"picked":"SKIP","floor":14.0},{"not_picked":["Impervious","Demon Form"],"picked":"Limit Break","floor":16.0},{"not_picked":["Sword Boomerang","Blood for Blood","Evolve+1"],"picked":"SKIP","floor":18.0},{"not_picked":["Twin Strike","Flex","Dropkick"],"picked":"SKIP","floor":19},{"not_picked":["Havoc","Blood for Blood"],"picked":"Entrench","floor":23},{"not_picked":["Cleave","Perfected Strike","Clash"],"picked":"SKIP","floor":24},{"not_picked":["True Grit","Pommel Strike","Seeing Red"],"picked":"SKIP","floor":25}],"player_experience":620202,"relics_obtained":[{"floor":2.0,"key":"Blood Vial"},{"floor":6.0,"key":"Mercury Hourglass"},{"floor":9.0,"key":"Dodecahedron"},{"floor":13.0,"key":"Paper Frog"},{"floor":26,"key":"Gremlin Horn"}],"event_choices":[{"cards_removed":["Strike_R"],"damage_healed":0,"gold_gain":0,"player_choice":"Offered Basic","damage_taken":0,"max_hp_gain":0,"max_hp_loss":0,"event_name":"Bonfire Elementals","floor":21,"gold_loss":0}],"is_beta":false,"boss_relics":[{"not_picked":["Astrolabe","Busted Crown"],"picked":"Philosopher\u0027s Stone"}],"items_purged_floors":[3],"is_endless":false,"potions_floor_spawned":[6,7,11,14,16,18,23,25],"killed_by":"Cultist and Chosen","ascension_level":19}