{"gold_per_floor":[110,5,5,20,35,35,54,101,101,101,119,294,314,326,326,423,423,441,441,441,453,145,158,193,208,208,208,228,247,262,85,85,184,184,195,195,195,195],"floor_reached":38,"playtime":2873,"items_purged":["Doubt","Strike_R"],"score":390,"play_id":"2dd2cb85-a6f0-4f07-9275-6f0e08a89da5","local_time":"20181025185942","is_ascension_mode":false,"campfire_choices":[{"data":"Combust","floor":6.0,"key":"SMITH"},{"data":"Uppercut","floor":10.0,"key":"SMITH"},{"data":"Armaments","floor":15.0,"key":"SMITH"},{"floor":32.0,"key":"REST"}],"neow_cost":"NONE","seed_source_timestamp":0,"circlet_count":0,"master_deck":["Strike_R","Strike_R","Strike_R","Strike_R","Bash","Iron Wave","Combust+1","Shockwave","Offering","Metallicize","Pummel","Uppercut+1","Armaments+1","Flame Barrier","Clash","Bludgeon","Second Wind+1","Reaper+1","Flex+1","Combust","Inflame+1","Panache","Fire Breathing","Iron Wave","Burning Pact+1","Clothesline","Perfected Strike+1","Heavy Blade","Spot Weakness","Juggernaut","Entrench"],"special_seed":0,"relics":["Burning Blood","NeowsBlessing","Art of War","Du-Vu Doll","Astrolabe","Orichalcum","Pantograph","Vajra","Strawberry","White Beast Statue"],"potions_floor_usage":[38],"damage_taken":[{"damage":0.0,"enemies":"Cultist","floor":1.0,"turns":1.0},{"damage":0.0,"enemies":"Small Slimes","floor":4.0,"turns":1.0},{"damage":0.0,"enemies":"2 Louse","floor":5.0,"turns":1.0},{"damage":12.0,"enemies":"Blue Slaver","floor":7.0,"turns":4.0},{"damage":18.0,"enemies":"Gremlin Gang","floor":11.0,"turns":4.0},{"damage":11.0,"enemies":"Lots of Slimes","floor":13.0,"turns":2.0},{"damage":12.0,"enemies":"Exordium Thugs","floor":14.0,"turns":4.0},{"damage":48.0,"enemies":"Slime Boss","floor":16.0,"turns":8.0},{"damage":27.0,"enemies":"Shell Parasite","floor":18.0,"turns":4.0},{"damage":26.0,"enemies":"3 Byrds","floor":21.0,"turns":4.0},{"damage":22.0,"enemies":"Shelled Parasite and Fungi","floor":23.0,"turns":4.0},{"damage":45.0,"enemies":"Slavers","floor":24.0,"turns":5.0},{"damage":16.0,"enemies":"3 Cultists","floor":25.0,"turns":4.0},{"damage":12.0,"enemies":"Cultist and Chosen","floor":28.0,"turns":4.0},{"damage":15.0,"enemies":"Chosen and Byrds","floor":29.0,"turns":5.0},{"damage":12.0,"enemies":"3 Cultists","floor":30.0,"turns":4.0},{"damage":100.0,"enemies":"Automaton","floor":33.0,"turns":9.0},{"damage":36,"enemies":"3 Shapes","floor":35,"turns":5},{"damage":105,"enemies":"Awakened One","floor":38,"turns":4}],"seed_played":"1420820647547326392","potions_obtained":[{"floor":11.0,"key":"SkillPotion"},{"floor":14.0,"key":"SkillPotion"},{"floor":16.0,"key":"PowerPotion"},{"floor":21.0,"key":"Ancient Potion"},{"floor":24.0,"key":"Strength Potion"},{"floor":28.0,"key":"FearPotion"},{"floor":29.0,"key":"Fruit Juice"},{"floor":30.0,"key":"SkillPotion"},{"floor":35,"key":"Strength Potion"}],"is_trial":false,"path_per_floor":["M","$","?","M","M","R","M","T","T","R","M","?","M","M","R","B",null,"M","?","T","M","$","M","E","M","T","?","M","M","M","$","R","B",null,"M","?","?"],"character_chosen":"IRONCLAD","items_purchased":["Combust","Shockwave","Panache","Fire Breathing","Spot Weakness"],"campfire_rested":1,"item_purchase_floors":[2,2,22,22,31],"current_hp_per_floor":[80,80,80,80,80,80,74,74,74,74,62,62,57,51,51,9,80,63,63,63,52,52,36,18,32,39,39,43,52,46,46,73,10,92,73,73,73,0],"gold":195,"neow_bonus":"THREE_ENEMY_KILL","is_prod":false,"is_daily":false,"chose_seed":false,"campfire_upgraded":3,"win_rate":0.0,"timestamp":1540447182,"path_taken":["M","?","?","?","?","R","M","?","T","R","M","?","?","M","R","BOSS","M","?","?","M","$","M","E","?","T","?","?","M","M","$","R","BOSS","M","?","?","BOSS"],"build_version":"2018-10-18","purchased_purges":2,"victory":false,"max_hp_per_floor":[80,80,80,80,80,80,80,80,80,80,80,80,80,80,80,80,80,80,80,80,80,80,80,80,80,87,87,87,92,92,92,92,92,92,92,92,92,92],"card_choices":[{"not_picked":["Sentinel","Sword Boomerang"],"picked":"Iron Wave","floor":1.0},{"not_picked":["Anger","Cleave"],"picked":"Metallicize","floor":4.0},{"not_picked":["Cleave","Sever Soul"],"picked":"Pummel","floor":5.0},{"not_picked":["Second Wind","Searing Blow"],"picked":"Uppercut","floor":7.0},{"not_picked":["Perfected Strike","Carnage"],"picked":"Armaments","floor":11.0},{"not_picked":["Disarm","Hemokinesis"],"picked":"Flame Barrier","floor":13.0},{"not_picked":["Sentinel","Evolve"],"picked":"Clash","floor":14.0},{"not_picked":["Limit Break","Berserk"],"picked":"Bludgeon","floor":16.0},{"not_picked":["Evolve","Twin Strike"],"picked":"Combust","floor":18.0},{"not_picked":["Burning Pact","Intimidate"],"picked":"Inflame+1","floor":21.0},{"not_picked":["Anger","Wild Strike"],"picked":"Iron Wave","floor":23.0},{"not_picked":["Entrench","Havoc+1"],"picked":"Burning Pact+1","floor":24.0},{"not_picked":["Carnage","Disarm"],"picked":"Clothesline","floor":25.0},{"not_picked":["Reckless Charge+1","Evolve"],"picked":"Perfected Strike+1","floor":28.0},{"not_picked":["Anger","Fiend Fire"],"picked":"Heavy Blade","floor":29.0},{"not_picked":["Iron Wave","Intimidate+1","Sentinel"],"picked":"SKIP","floor":30.0},{"not_picked":["Barricade","Impervious"],"picked":"Juggernaut","floor":33.0},{"not_picked":["Clash+1","Uppercut"],"picked":"Inflame","floor":35}],"player_experience":219038,"relics_obtained":[{"floor":8.0,"key":"Art of War"},{"floor":9.0,"key":"Du-Vu Doll"},{"floor":20.0,"key":"Pantograph"},{"floor":24.0,"key":"Vajra"},{"floor":26.0,"key":"Strawberry"}],"event_choices":[{"damage_healed":0.0,"max_hp_gain":0.0,"max_hp_loss":0.0,"gold_gain":0.0,"cards_transformed":["Defend_R"],"event_name":"Living Wall","player_choice":"Change","floor":3.0,"gold_loss":0.0,"damage_taken":0.0,"cards_obtained":["Offering"]},{"damage_healed":0.0,"max_hp_gain":0.0,"max_hp_loss":0.0,"gold_gain":175.0,"event_name":"Liars Game","player_choice":"AGREE","floor":12.0,"gold_loss":0.0,"damage_taken":0.0,"cards_obtained":["Doubt"]},{"damage_healed":0.0,"max_hp_gain":0.0,"max_hp_loss":0.0,"gold_gain":0.0,"event_name":"The Mausoleum","player_choice":"Opened","floor":19.0,"gold_loss":0.0,"damage_taken":0.0,"relics_obtained":["Orichalcum"]},{"damage_healed":0.0,"max_hp_gain":0.0,"max_hp_loss":0.0,"gold_gain":0.0,"event_name":"Ghosts","player_choice":"Ignored","floor":27.0,"gold_loss":0.0,"damage_taken":0.0},{"damage_healed":0,"gold_gain":0,"cards_transformed":["Inflame"],"player_choice":"Transformed","damage_taken":0,"max_hp_gain":0,"max_hp_loss":0,"event_name":"Transmorgrifier","floor":36,"gold_loss":0,"cards_obtained":["Entrench"]},{"damage_healed":0,"gold_gain":0,"player_choice":"Took Portal","damage_taken":0,"max_hp_gain":0,"max_hp_loss":0,"event_name":"SecretPortal","floor":37,"gold_loss":0}],"is_beta":false,"boss_relics":[{"not_picked":["Fusion Hammer","Runic Cube"],"picked":"Astrolabe"},{"not_picked":["Tiny House","Pandora\u0027s Box"],"picked":"White Beast Statue"}],"items_purged_floors":[22,31],"is_endless":false,"potions_floor_spawned":[11,14,16,21,24,28,29,30,35],"killed_by":"Awakened One","ascension_level":0}