{"path_per_floor":["M","M","$","M","?","R","E","?","T","M","R","$","R","M","R","B",null,"M","?","$","M","$","R","M","R","T","?","M","?","M","?","R","B",null,"M","$","M","?","M","R","M","?","T","R","M","$","M","M","R"],"character_chosen":"IRONCLAD","items_purchased":["Flex","Shrug It Off","Inflame","Evolve","True Grit","Lantern"],"gold_per_floor":[115,135,37,49,49,49,83,83,110,130,130,31,31,50,50,145,145,155,155,155,172,45,45,57,57,57,57,71,71,90,90,90,189,189,205,48,66,66,78,78,94,0,0,0,10,10,24,36,36],"floor_reached":50,"campfire_rested":0,"playtime":2629,"current_hp_per_floor":[80,80,80,77,70,70,63,63,63,69,69,69,69,73,73,51,80,80,65,65,74,74,74,66,66,66,66,72,72,85,85,85,41,85,85,85,85,85,83,83,61,61,61,61,69,69,80,78,78],"items_purged":["Strike_R"],"gold":36,"score":444,"play_id":"c588d0f5-eed4-4d0d-8bd0-4ae5c080adc9","local_time":"20180318192457","is_prod":false,"is_daily":false,"is_ascension_mode":false,"campfire_upgraded":10,"timestamp":1521397497,"path_taken":["M","M","$","?","?","R","E","?","T","M","R","$","R","M","R","BOSS","M","?","$","M","$","R","M","R","T","?","M","?","?","?","R","BOSS","M","$","M","?","?","R","M","?","T","R","M","?","M","M","R","BOSS"],"build_version":"2018-03-15v3","purchased_purges":1,"victory":false,"master_deck":["Defend_R","Defend_R","Defend_R","Defend_R","Bash+1","Heavy Blade+1","Body Slam+1","Flex","Power Through+1","Rage+1","Shrug It Off+1","Inflame+1","Ghostly Armor+1","Reaper","Wild Strike","Twin Strike","Evolve+1","True Grit+1","Wild Strike","Flex+1","Demon Form+1","Body Slam+1","True Grit+1","True Grit+1"],"max_hp_per_floor":[80,80,80,80,80,80,80,80,80,80,80,80,80,80,80,80,80,80,85,85,85,85,85,85,85,85,85,85,85,85,85,85,85,85,85,85,85,85,85,85,85,85,85,85,85,85,85,85,85],"relics":["Black Blood","Letter Opener","Pen Nib","Mark of Pain","Du-Vu Doll","Lantern","Red Mask","Unceasing Top"],"card_choices":[{"not_picked":["Blood for Blood","Wild Strike"],"picked":"Heavy Blade"},{"not_picked":["Perfected Strike","Pommel Strike"],"picked":"Body Slam"},{"not_picked":["Headbutt","Sword Boomerang"],"picked":"Power Through"},{"not_picked":["Armaments","Twin Strike"],"picked":"Rage"},{"not_picked":["Wild Strike","Havoc"],"picked":"Ghostly Armor"},{"not_picked":["Dark Embrace","Exhume"],"picked":"Reaper"},{"not_picked":["Clothesline","Thunderclap"],"picked":"Wild Strike"},{"not_picked":["Iron Wave","True Grit"],"picked":"Twin Strike"},{"not_picked":["Bludgeon","Heavy Blade"],"picked":"Flex"},{"not_picked":["Offering","Exhume"],"picked":"Demon Form"},{"not_picked":["Wild Strike","Clothesline"],"picked":"Body Slam"},{"not_picked":["Hemokinesis","Offering"],"picked":"True Grit"}],"player_experience":110029,"potions_floor_usage":[4,7,10,18,48,50,50,50],"damage_taken":[{"damage":5.0,"enemies":"Cultist","floor":1.0,"turns":4.0},{"damage":0,"enemies":"Small Slimes","floor":2,"turns":3},{"damage":9,"enemies":"Exordium Thugs","floor":4,"turns":5},{"damage":13,"enemies":"Gremlin Nob","floor":7,"turns":4},{"damage":0,"enemies":"Exordium Wildlife","floor":10,"turns":2},{"damage":2,"enemies":"Blue Slaver","floor":14,"turns":4},{"damage":28,"enemies":"The Guardian","floor":16,"turns":9},{"damage":4,"enemies":"Spheric Guardian","floor":18,"turns":4},{"damage":0,"enemies":"Chosen","floor":21,"turns":6},{"damage":14,"enemies":"Snake Plant","floor":24,"turns":3},{"damage":0,"enemies":"Snecko","floor":28,"turns":5},{"damage":3,"enemies":"Slaver and Parasite","floor":30,"turns":5},{"damage":59,"enemies":"Champ","floor":33,"turns":10},{"damage":7,"enemies":"Orb Walker","floor":35,"turns":4},{"damage":7,"enemies":"3 Darklings","floor":37,"turns":5},{"damage":28,"enemies":"Sphere and 2 Shapes","floor":39,"turns":7},{"damage":32,"enemies":"4 Shapes","floor":41,"turns":6},{"damage":19,"enemies":"3 Darklings","floor":45,"turns":4},{"damage":0,"enemies":"Sphere and 2 Shapes","floor":47,"turns":4},{"damage":24,"enemies":"Maw","floor":48,"turns":7},{"damage":93,"enemies":"Donu and Deca","floor":50,"turns":7}],"event_choices":[{"event_name":"Golden Wing","player_choice":"Card Removal","floor":5,"damage_taken":0},{"event_name":"Wheel of Change","player_choice":"Card Removal","floor":8,"damage_taken":0},{"event_name":"Forgotten Altar","player_choice":"Shed Blood","floor":19,"damage_taken":0},{"event_name":"Transmorgrifier","player_choice":"Transform","floor":27,"damage_taken":0},{"event_name":"Beggar","player_choice":"Ignored","floor":29,"damage_taken":0},{"event_name":"Back to Basics","player_choice":"Elegance","floor":31,"damage_taken":0},{"event_name":"Duplicator","player_choice":"One dupe","floor":38,"damage_taken":0},{"event_name":"Tomb of Lord Red Mask","player_choice":"Paid","floor":42,"damage_taken":0}],"boss_relics":[{"not_picked":["White Beast Statue","Tiny House"],"picked":"Mark of Pain"},{"not_picked":["Cursed Key","Runic Pyramid"],"picked":"Black Blood"}],"potions_floor_spawned":[1,2,4,16,18,24,28,35,39,47,48],"seed_played":"-1796659037541548582","killed_by":"Donu and Deca","ascension_level":0,"is_trial":false}