{"path_per_floor":["M","$","M","M","?","E","M","M","T","R","E","$","E","M","R","B",null,"M","M","M","?","?","E","R","E","T","?","R","E","R"],"character_chosen":"THE_SILENT","items_purchased":["Meat on the Bone","Molten Egg 2"],"gold_per_floor":[368,121,132,142,142,169,179,195,241,241,271,14,40,53,53,153,153,171,186,206,121,221,255,255,286,286,316,316,351,351,351],"floor_reached":31,"campfire_rested":0,"playtime":2542,"current_hp_per_floor":[29,29,39,37,37,36,43,43,43,43,42,42,49,49,49,37,67,54,42,45,45,45,34,34,23,23,23,23,20,20,0],"items_purged":[],"gold":351,"score":438,"play_id":"278e06cb-1f6a-4c09-a115-b75b85a54127","local_time":"20180426221917","is_prod":false,"is_daily":false,"chose_seed":false,"is_ascension_mode":true,"campfire_upgraded":5,"timestamp":1524773957,"path_taken":["M","$","?","M","?","E","M","M","T","R","E","$","E","M","R","BOSS","M","M","M","?","?","E","R","E","T","?","R","E","R","M"],"build_version":"2018-04-19","seed_source_timestamp":12285670738000,"purchased_purges":0,"victory":false,"master_deck":["Defend_G","Defend_G","Defend_G","Defend_G","Defend_G","Strike_G","Strike_G","Strike_G","Strike_G","Survivor","Neutralize","Dash+1","Riddle With Holes","Poisoned Stab","Deadly Poison","Leg Sweep+1","Dagger Spray","Bouncing Flask","Backflip","Caltrops+1","Slice+1","Tools of the Trade+1","Bane+1","Caltrops+1","Caltrops+1","Malaise+1","Deadly Poison","After Image+1"],"max_hp_per_floor":[70,70,70,70,70,77,77,77,77,77,77,77,77,77,77,77,77,77,77,77,77,77,77,77,77,77,77,77,77,77,77],"relics":["Ring of the Snake","Meat on the Bone","Strawberry","Omamori","Blue Candle","Molten Egg 2","Regal Pillow","Sozu","Frozen Egg 2","Dream Catcher","Bag of Marbles","Smiling Mask","Tiny Chest","Blood Vial"],"card_choices":[{"not_picked":["Cloak And Dagger","Sucker Punch"],"picked":"Dash","floor":1.0},{"not_picked":["Prepared","Reflex"],"picked":"Riddle With Holes","floor":3.0},{"not_picked":["Concentrate","Flying Knee"],"picked":"Poisoned Stab","floor":4.0},{"not_picked":["Outmaneuver","Cloak And Dagger"],"picked":"Leg Sweep","floor":6.0},{"not_picked":["Outmaneuver","Deadly Poison"],"picked":"Dagger Spray","floor":7.0},{"not_picked":["Deadly Poison","Tactician"],"picked":"Bouncing Flask","floor":8.0},{"not_picked":["Riddle With Holes","Endless Agony"],"picked":"Backflip","floor":11},{"not_picked":["Bouncing Flask","Heel Hook"],"picked":"Caltrops","floor":13},{"not_picked":["Terror","Calculated Gamble"],"picked":"Slice","floor":14},{"not_picked":["Phantasmal Killer","Doppelganger"],"picked":"Tools of the Trade","floor":16},{"not_picked":["Deflect","PiercingWail"],"picked":"Bane","floor":18},{"not_picked":["Terror","All Out Attack"],"picked":"Caltrops","floor":19},{"not_picked":["Slice","Dagger Spray"],"picked":"Caltrops","floor":20},{"not_picked":["Reflex","Slice"],"picked":"Malaise","floor":23},{"not_picked":["Bane","Reflex"],"picked":"Deadly Poison","floor":25},{"not_picked":["Underhanded Strike","Backflip"],"picked":"After Image","floor":29}],"player_experience":670250,"potions_floor_usage":[11,11,11,25],"damage_taken":[{"damage":3.0,"enemies":"Cultist","floor":1.0,"turns":5.0},{"damage":2.0,"enemies":"2 Louse","floor":3.0,"turns":3.0},{"damage":2.0,"enemies":"Jaw Worm","floor":4.0,"turns":4.0},{"damage":20.0,"enemies":"3 Sentries","floor":6.0,"turns":11.0},{"damage":5.0,"enemies":"Exordium Wildlife","floor":7.0,"turns":5.0},{"damage":0.0,"enemies":"3 Louse","floor":8.0,"turns":3.0},{"damage":13,"enemies":"Gremlin Nob","floor":11,"turns":3},{"damage":5,"enemies":"Lagavulin","floor":13,"turns":6},{"damage":0,"enemies":"Looter","floor":14,"turns":4},{"damage":24,"enemies":"Hexaghost","floor":16,"turns":7},{"damage":13,"enemies":"Spheric Guardian","floor":18,"turns":6},{"damage":24,"enemies":"2 Thieves","floor":19,"turns":5},{"damage":9,"enemies":"Snake Plant","floor":20,"turns":4},{"damage":23,"enemies":"Book of Stabbing","floor":23,"turns":5},{"damage":23,"enemies":"Slavers","floor":25,"turns":5},{"damage":15,"enemies":"Book of Stabbing","floor":29,"turns":5},{"damage":31,"enemies":"3 Cultists","floor":31,"turns":4}],"event_choices":[{"event_name":"Living Wall","player_choice":"Change","floor":5.0,"damage_taken":0.0},{"event_name":"Addict","player_choice":"Obtained Relic","floor":21,"damage_taken":0},{"event_name":"Golden Shrine","player_choice":"Pray","floor":22,"damage_taken":0},{"event_name":"Accursed Blacksmith","player_choice":"Rummage","floor":27,"damage_taken":0}],"boss_relics":[{"not_picked":["Philosopher\u0027s Stone","Pandora\u0027s Box"],"picked":"Sozu"}],"potions_floor_spawned":[3,6,8,13,14,25,29],"seed_played":"-8161813360229950087","killed_by":"3 Cultists","ascension_level":8,"is_trial":false}