{"gold_per_floor":[215,165,165,182,182,182,195,195,195,195,260,260],"floor_reached":12,"playtime":279,"items_purged":[],"score":118,"play_id":"5a48751e-6508-4fef-b1e5-5797d6bc3f69","local_time":"20190201232148","is_ascension_mode":true,"campfire_choices":[{"data":"Skewer","floor":8,"key":"SMITH"},{"data":"Dagger Spray","floor":10,"key":"SMITH"}],"neow_cost":"NONE","seed_source_timestamp":36990498396400,"circlet_count":0,"master_deck":["AscendersBane","Defend_G","Defend_G","Defend_G","Defend_G","Defend_G","Strike_G","Strike_G","Strike_G","Survivor","Neutralize","Dagger Spray+1","Skewer+1"],"relics":["Ring of the Snake","Ancient Tea Set","Golden Idol","Smiling Mask","Tiny Chest"],"potions_floor_usage":[11,11],"damage_taken":[{"damage":4,"enemies":"Small Slimes","floor":1,"turns":3},{"damage":1,"enemies":"Jaw Worm","floor":4,"turns":8},{"damage":0,"enemies":"2 Louse","floor":7,"turns":2},{"damage":38,"enemies":"Lagavulin","floor":11,"turns":10},{"damage":4,"enemies":"Large Slime","floor":12,"turns":2}],"seed_played":"3662617643203299732","potions_obtained":[{"floor":1,"key":"Poison Potion"},{"floor":4,"key":"SpeedPotion"},{"floor":11,"key":"SteroidPotion"}],"is_trial":false,"path_per_floor":["M","?","?","M","?","?","M","R","T","R","E","M"],"character_chosen":"THE_SILENT","items_purchased":[],"campfire_rested":0,"item_purchase_floors":[],"current_hp_per_floor":[59,59,47,46,46,39,39,39,39,39,1,0],"gold":260,"neow_bonus":"HUNDRED_GOLD","is_prod":false,"is_daily":false,"chose_seed":false,"campfire_upgraded":2,"win_rate":0,"timestamp":1549056108,"path_taken":["M","?","?","M","?","?","M","R","T","R","E","?"],"build_version":"2019-01-23","purchased_purges":0,"victory":false,"max_hp_per_floor":[70,70,70,70,65,65,65,65,65,65,65,65],"card_choices":[{"not_picked":["Quick Slash","Backflip"],"picked":"Dagger Spray","floor":1},{"not_picked":["Quick Slash","Slice"],"picked":"Skewer","floor":4},{"not_picked":["Underhanded Strike","Flying Knee","Cloak And Dagger"],"picked":"SKIP","floor":7},{"not_picked":["Expertise","Tactician","Eviscerate"],"picked":"SKIP","floor":11}],"player_experience":554978,"relics_obtained":[{"floor":9,"key":"Smiling Mask"},{"floor":11,"key":"Tiny Chest"}],"event_choices":[{"cards_removed":["Strike_G"],"damage_healed":0,"gold_gain":0,"player_choice":"Card Removal","damage_taken":0,"max_hp_gain":0,"max_hp_loss":0,"event_name":"The Cleric","floor":2,"gold_loss":50},{"damage_healed":0,"gold_gain":0,"player_choice":"Success","damage_taken":12,"relics_obtained":["Ancient Tea Set"],"max_hp_gain":0,"max_hp_loss":0,"event_name":"Scrap Ooze","floor":3,"gold_loss":0},{"damage_healed":0,"gold_gain":0,"player_choice":"Lose Max HP","damage_taken":0,"relics_obtained":["Golden Idol"],"max_hp_gain":0,"max_hp_loss":5,"event_name":"Golden Idol","floor":5,"gold_loss":0},{"cards_removed":["Strike_G"],"damage_healed":0,"gold_gain":0,"player_choice":"Card Removal","damage_taken":7,"max_hp_gain":0,"max_hp_loss":0,"event_name":"Golden Wing","floor":6,"gold_loss":0}],"is_beta":false,"boss_relics":[],"items_purged_floors":[],"is_endless":false,"potions_floor_spawned":[1,4,11],"killed_by":"Large Slime","ascension_level":11}