{"path_per_floor":["M","$","M","M","M","R","?","R","T","M","R","E","?","E","R","B",null,"M","M","?","M","?","R","M","M","T","R","$","M","M","$","R","B",null,"M","M","?","?","M","R","$","$","T","$","M","?","$","M","R","B"],"character_chosen":"IRONCLAD","items_purchased":["Shrug It Off"],"gold_per_floor":[115,40,58,76,90,90,90,90,90,109,109,136,136,169,169,266,266,282,301,226,244,244,244,261,276,276,276,176,189,209,37,37,135,135,145,161,161,161,175,175,25,25,50,50,68,68,68,79,79,79],"floor_reached":51,"campfire_rested":4,"playtime":2156,"current_hp_per_floor":[96,96,96,96,96,96,96,96,96,94,94,78,71,64,92,48,96,92,77,77,50,34,62,58,59,59,59,59,47,53,53,81,21,96,85,82,82,82,88,88,88,88,95,95,91,91,91,63,93,13],"items_purged":["Pain","Strike_R","Strike_R","Corruption"],"gold":79,"score":809,"play_id":"3d60796a-0aff-41f3-99bf-b8745850785f","local_time":"20180329211932","is_prod":false,"is_daily":false,"is_ascension_mode":false,"campfire_upgraded":5,"timestamp":1522351172,"path_taken":["M","$","M","M","M","R","?","R","T","?","R","E","?","E","R","BOSS","M","M","?","M","?","R","M","M","T","R","$","M","M","$","R","BOSS","M","M","?","?","?","R","?","$","T","?","?","?","$","M","R","BOSS"],"build_version":"2018-03-22v2","purchased_purges":4,"victory":true,"master_deck":["Defend_R","Defend_R","Defend_R","Rampage+1","Battle Trance","Demon Form+1","Heavy Blade+1","Limit Break+1","Sword Boomerang+1","Metallicize","Rage","Shrug It Off+1","Impervious","Headbutt+1","Thunderclap+1","Entrench+1","True Grit+1","Twin Strike+1"],"max_hp_per_floor":[96,96,96,96,96,96,96,96,96,96,96,96,96,96,96,96,96,96,96,96,96,96,96,96,96,96,96,96,96,96,96,96,96,96,96,96,96,96,96,96,96,96,103,103,103,103,103,103,103,103],"relics":["Burning Blood","Pen Nib","Bag of Marbles","Lantern","Happy Flower","Lizard Tail","Enchiridion","Shovel","Astrolabe","Strawberry"],"card_choices":[{"not_picked":["Uppercut","Thunderclap"],"picked":"Rampage","floor":1},{"not_picked":["Second Wind","Warcry"],"picked":"Battle Trance","floor":3},{"not_picked":["Warcry","Flame Barrier"],"picked":"Demon Form","floor":5},{"not_picked":["Sword Boomerang","Havoc"],"picked":"Heavy Blade","floor":10},{"not_picked":["Brutality","Juggernaut"],"picked":"Limit Break","floor":16},{"not_picked":["Spot Weakness","Iron Wave"],"picked":"Sword Boomerang","floor":21},{"not_picked":["Anger","Sword Boomerang"],"picked":"Metallicize","floor":24},{"not_picked":["Flex","Havoc"],"picked":"Rage","floor":25},{"not_picked":["Reaper","Exhume"],"picked":"Impervious","floor":33},{"not_picked":["Pommel Strike","Wild Strike"],"picked":"Entrench","floor":35},{"not_picked":["Rage","Sword Boomerang"],"picked":"True Grit","floor":39},{"not_picked":["Heavy Blade","Inflame"],"picked":"Twin Strike","floor":45}],"player_experience":220306,"potions_floor_usage":[10,18,24,25,25,33,35,45,50,50],"damage_taken":[{"damage":1,"enemies":"2 Louse","floor":1,"turns":3},{"damage":0,"enemies":"Small Slimes","floor":3,"turns":3},{"damage":1,"enemies":"Cultist","floor":4,"turns":3},{"damage":0,"enemies":"Large Slime","floor":5,"turns":3},{"damage":8,"enemies":"Exordium Wildlife","floor":10,"turns":4},{"damage":22,"enemies":"3 Sentries","floor":12,"turns":5},{"damage":13,"enemies":"Lagavulin","floor":14,"turns":5},{"damage":50,"enemies":"Hexaghost","floor":16,"turns":6},{"damage":10,"enemies":"Chosen","floor":18,"turns":6},{"damage":21,"enemies":"2 Thieves","floor":19,"turns":4},{"damage":33,"enemies":"Snake Plant","floor":21,"turns":5},{"damage":10,"enemies":"Snecko","floor":24,"turns":4},{"damage":5,"enemies":"Cultist and Chosen","floor":25,"turns":3},{"damage":18,"enemies":"Sentry and Sphere","floor":29,"turns":4},{"damage":0,"enemies":"Centurion and Healer","floor":30,"turns":4},{"damage":66,"enemies":"Champ","floor":33,"turns":7},{"damage":17,"enemies":"3 Shapes","floor":35,"turns":5},{"damage":9,"enemies":"Orb Walker","floor":36,"turns":5},{"damage":0,"enemies":"Maw","floor":39,"turns":6},{"damage":10,"enemies":"Sphere and 2 Shapes","floor":45,"turns":4},{"damage":34,"enemies":"3 Darklings","floor":48,"turns":6},{"damage":140,"enemies":"Awakened One","floor":50,"turns":11}],"event_choices":[{"event_name":"Big Fish","player_choice":"Box","floor":7,"damage_taken":0},{"event_name":"Golden Wing","player_choice":"Card Removal","floor":13,"damage_taken":0},{"event_name":"Beggar","player_choice":"Gave Gold","floor":20,"damage_taken":0},{"event_name":"Cursed Tome","player_choice":"Obtained Book","floor":22,"damage_taken":0},{"event_name":"Tomb of Lord Red Mask","player_choice":"Ignored","floor":37,"damage_taken":0},{"event_name":"Mysterious Sphere","player_choice":"Ignore","floor":38,"damage_taken":0}],"boss_relics":[{"not_picked":["Question Card","Velvet Choker"],"picked":"Lizard Tail"},{"not_picked":["Eternal Feather","Philosopher\u0027s Stone"],"picked":"Astrolabe"}],"potions_floor_spawned":[1,3,14,19,21,29,30,35,36,39],"seed_played":"7573050901793766401","ascension_level":0,"is_trial":false}