{"gold_per_floor":[110,122,98,113,126,126,47,47,71,27,27,53,73,87,87,184,184,194,213,230,247,257,291,291,390,390,32,42,42,62,79,79,181,181,192,192,202,277,288,288,307,307,307,307,322,322],"floor_reached":46,"playtime":4850,"items_purged":["Strike_G"],"score":448,"play_id":"34cac8ea-209a-4c41-abf4-207ace56db80","local_time":"20180714172125","is_ascension_mode":false,"campfire_choices":[{"data":"Bane","floor":6.0,"key":"SMITH"},{"data":"Deadly Poison","floor":8.0,"key":"SMITH"},{"data":"Footwork","floor":11.0,"key":"SMITH"},{"data":"Neutralize","floor":15.0,"key":"SMITH"},{"floor":24,"key":"REST"},{"floor":29,"key":"REST"},{"floor":32,"key":"REST"},{"data":"Catalyst","floor":40,"key":"SMITH"},{"floor":42,"key":"REST"},{"data":"Noxious Fumes","floor":44,"key":"SMITH"}],"neow_cost":"NONE","seed_source_timestamp":0,"circlet_count":0,"master_deck":["Defend_G","Defend_G","Defend_G","Defend_G","Defend_G","Strike_G","Strike_G","Strike_G","Survivor","Neutralize+1","Calculated Gamble","Backflip","Footwork+1","Deadly Poison+1","Bane+1","Blur","Cloak And Dagger","Caltrops","Bane","Adrenaline","Noxious Fumes+1","Leg Sweep+1","Deflect+1","Deflect","Crippling Poison","Malaise","Cloak And Dagger","Dagger Spray","Adrenaline","Dash","Madness","Madness","Catalyst+1","Sucker Punch+1"],"special_seed":0,"relics":["Ring of the Snake","Art of War","Boot","Lizard Tail","Bottled Lightning","Shuriken","Oddly Smooth Stone","Velvet Choker","Gremlin Horn","Sundial"],"potions_floor_usage":[18,20,21,23,33,45],"damage_taken":[{"damage":1.0,"enemies":"Jaw Worm","floor":1.0,"turns":5.0},{"damage":0.0,"enemies":"2 Louse","floor":2.0,"turns":5.0},{"damage":0.0,"enemies":"Cultist","floor":4.0,"turns":4.0},{"damage":3.0,"enemies":"Exordium Wildlife","floor":5.0,"turns":7.0},{"damage":30.0,"enemies":"Gremlin Nob","floor":12.0,"turns":5.0},{"damage":6.0,"enemies":"Gremlin Gang","floor":13.0,"turns":6.0},{"damage":2.0,"enemies":"Red Slaver","floor":14.0,"turns":5.0},{"damage":4.0,"enemies":"Hexaghost","floor":16.0,"turns":9.0},{"damage":8,"enemies":"3 Byrds","floor":18,"turns":6},{"damage":3,"enemies":"Shell Parasite","floor":19,"turns":5},{"damage":4,"enemies":"Cultist and Chosen","floor":20,"turns":6},{"damage":22,"enemies":"3 Cultists","floor":21,"turns":6},{"damage":2,"enemies":"Centurion and Healer","floor":22,"turns":8},{"damage":49,"enemies":"Gremlin Leader","floor":23,"turns":7},{"damage":4,"enemies":"Snake Plant","floor":28,"turns":4},{"damage":11,"enemies":"Cultist and Chosen","floor":30,"turns":10},{"damage":11,"enemies":"Snecko","floor":31,"turns":6},{"damage":13,"enemies":"Collector","floor":33,"turns":11},{"damage":0,"enemies":"Orb Walker","floor":35,"turns":4},{"damage":9,"enemies":"3 Shapes","floor":37,"turns":7},{"damage":15,"enemies":"Maw","floor":39,"turns":10},{"damage":3,"enemies":"3 Darklings","floor":41,"turns":7},{"damage":30,"enemies":"Sphere and 2 Shapes","floor":45,"turns":6},{"damage":26,"enemies":"2 Orb Walkers","floor":46,"turns":3}],"seed_played":"5497812416464517736","potions_obtained":[{"floor":4.0,"key":"Explosive Potion"},{"floor":5.0,"key":"SkillPotion"},{"floor":13.0,"key":"SkillPotion"},{"floor":16.0,"key":"AttackPotion"},{"floor":18,"key":"FearPotion"},{"floor":20,"key":"FearPotion"},{"floor":22,"key":"SkillPotion"},{"floor":28,"key":"Strength Potion"},{"floor":30,"key":"Weak Potion"},{"floor":33,"key":"Energy Potion"}],"is_trial":false,"path_per_floor":["M","M","$","M","M","R","$","R","T","?","R","E","M","M","R","B",null,"M","M","M","M","M","E","R","?","T","$","M","R","M","M","R","B",null,"M","?","M","T","M","R","M","R","T","R","M"],"character_chosen":"THE_SILENT","items_purchased":["Deadly Poison","Blur","Oddly Smooth Stone","Malaise","Cloak And Dagger","Dagger Spray"],"campfire_rested":4,"item_purchase_floors":[3,7,27,27,27,27],"current_hp_per_floor":[69,69,69,69,66,66,66,66,66,66,66,36,30,28,28,24,70,62,59,55,33,31,23,44,44,44,44,40,61,50,39,60,47,70,70,61,52,52,37,37,34,55,55,55,25,0],"gold":322,"neow_bonus":"TRANSFORM_CARD","is_prod":false,"is_daily":false,"chose_seed":false,"campfire_upgraded":6,"win_rate":0,"timestamp":1531581685,"path_taken":["M","M","$","M","M","R","$","R","T","?","R","E","M","M","R","BOSS","M","M","M","M","M","E","R","?","T","?","M","R","M","M","R","BOSS","M","?","?","?","M","R","M","R","T","R","M","E"],"build_version":"2018-07-12","purchased_purges":1,"victory":false,"max_hp_per_floor":[70,70,70,70,70,70,70,70,70,70,70,70,70,70,70,70,70,70,70,70,70,70,70,70,70,70,70,70,70,70,70,70,70,70,70,70,70,70,70,70,70,70,70,70,70,70],"card_choices":[{"not_picked":["Quick Slash","Masterful Stab"],"picked":"Backflip","floor":1.0},{"not_picked":["Blade Dance","Masterful Stab"],"picked":"Footwork","floor":2.0},{"not_picked":["Riddle With Holes","Reflex","Dodge and Roll"],"picked":"SKIP","floor":4.0},{"not_picked":["Dagger Throw","Cloak And Dagger"],"picked":"Bane","floor":5.0},{"not_picked":["Setup","Eviscerate"],"picked":"Cloak And Dagger","floor":12.0},{"not_picked":["Flying Knee","Acrobatics"],"picked":"Caltrops","floor":13.0},{"not_picked":["All Out Attack","Quick Slash"],"picked":"Bane","floor":14.0},{"not_picked":["Die Die Die","Tactician"],"picked":"Adrenaline","floor":16.0},{"not_picked":["Setup","Deadly Poison+1"],"picked":"Noxious Fumes","floor":18},{"not_picked":["Sucker Punch","Slice"],"picked":"Leg Sweep+1","floor":19},{"not_picked":["Choke","Escape Plan"],"picked":"Deflect+1","floor":20},{"not_picked":["Finisher","Bane"],"picked":"Deflect","floor":21},{"not_picked":["Dagger Throw","Skewer"],"picked":"Crippling Poison","floor":22},{"not_picked":["Caltrops","Flying Knee","Storm of Steel"],"picked":"SKIP","floor":23},{"not_picked":["Dagger Spray","Reflex","Dodge and Roll"],"picked":"SKIP","floor":28},{"not_picked":["Underhanded Strike+1","Flying Knee","Footwork"],"picked":"SKIP","floor":30},{"not_picked":["Slice","Calculated Gamble","Outmaneuver"],"picked":"SKIP","floor":31},{"not_picked":["Glass Knife","Wraith Form v2"],"picked":"Adrenaline","floor":33},{"not_picked":["Bane+1","Expertise+1"],"picked":"Dash","floor":35},{"not_picked":["Dagger Spray+1","Caltrops","Flying Knee+1"],"picked":"SKIP","floor":37},{"not_picked":["Sucker Punch+1","Dagger Spray+1"],"picked":"Catalyst","floor":39},{"not_picked":["Crippling Poison+1","Dodge and Roll","All Out Attack"],"picked":"SKIP","floor":41},{"not_picked":["Dagger Throw+1","Dagger Spray+1"],"picked":"Sucker Punch+1","floor":45}],"player_experience":581342,"relics_obtained":[{"floor":9.0,"key":"Art of War"},{"floor":12.0,"key":"Boot"},{"floor":23,"key":"Bottled Lightning"},{"floor":26,"key":"Shuriken"},{"floor":38,"key":"Gremlin Horn"},{"floor":43,"key":"Sundial"}],"event_choices":[{"event_name":"World of Goop","player_choice":"Left","floor":10.0,"damage_taken":0.0},{"event_name":"Nest","player_choice":"Stole From Cult","floor":25,"damage_taken":0},{"event_name":"Winding Halls","player_choice":"Embrace Madness","floor":36,"damage_taken":0}],"boss_relics":[{"not_picked":["Tiny House","Philosopher\u0027s Stone"],"picked":"Lizard Tail"},{"not_picked":["Black Star","Calling Bell"],"picked":"Velvet Choker"}],"items_purged_floors":[27],"is_endless":false,"potions_floor_spawned":[4,5,13,16,18,20,22,28,30,33,35],"killed_by":"2 Orb Walkers","ascension_level":0}