{"gold_per_floor":[119,92,111,122,140,140,173,192,219,219,53,53],"floor_reached":12,"playtime":530,"items_purged":[],"score":136,"play_id":"8f7870a5-e8d8-444b-8bd9-75547ed54879","local_time":"20190129131619","is_ascension_mode":true,"campfire_choices":[{"data":"Dagger Spray","floor":6,"key":"SMITH"},{"floor":10,"key":"REST"}],"neow_cost":"NONE","seed_source_timestamp":18616039257190,"circlet_count":0,"master_deck":["AscendersBane","Defend_G","Defend_G","Defend_G","Defend_G","Defend_G","Strike_G","Strike_G","Strike_G","Strike_G","Survivor","Neutralize","Slice","Dagger Spray+1","Setup","Adrenaline","Backstab","Expertise","Thinking Ahead"],"relics":["Ring of the Snake","Frozen Egg 2","Potion Belt"],"potions_floor_usage":[7,7],"damage_taken":[{"damage":8,"enemies":"Small Slimes","floor":1,"turns":5},{"damage":8,"enemies":"Jaw Worm","floor":3,"turns":6},{"damage":0,"enemies":"Cultist","floor":4,"turns":4},{"damage":8,"enemies":"3 Louse","floor":5,"turns":3},{"damage":13,"enemies":"Gremlin Nob","floor":7,"turns":3},{"damage":0,"enemies":"2 Fungi Beasts","floor":8,"turns":3},{"damage":46,"enemies":"Lagavulin","floor":12,"turns":6}],"seed_played":"7828094023747430746","potions_obtained":[{"floor":1,"key":"SteroidPotion"},{"floor":4,"key":"Poison Potion"}],"is_trial":false,"path_per_floor":["M","?","M","M","M","R","E","M","T","R","$","E"],"character_chosen":"THE_SILENT","items_purchased":["Thinking Ahead"],"campfire_rested":1,"item_purchase_floors":[11],"current_hp_per_floor":[51,51,43,43,35,35,22,22,22,41,41,0],"gold":53,"neow_bonus":"REMOVE_CARD","is_prod":false,"is_daily":false,"chose_seed":false,"campfire_upgraded":1,"win_rate":0,"timestamp":1548764179,"path_taken":["M","?","M","M","M","R","E","M","T","R","$","E"],"build_version":"2019-01-23","purchased_purges":0,"victory":false,"max_hp_per_floor":[66,66,66,66,66,66,66,66,66,66,66,66],"card_choices":[{"not_picked":["Reflex","Infinite Blades"],"picked":"Slice","floor":1},{"not_picked":["Dodge and Roll","Prepared"],"picked":"Dagger Spray","floor":3},{"not_picked":["Dodge and Roll","Sucker Punch"],"picked":"Setup","floor":4},{"not_picked":["Sucker Punch","Dodge and Roll"],"picked":"Adrenaline","floor":5},{"not_picked":["Poisoned Stab","Bane"],"picked":"Backstab","floor":7},{"not_picked":["Blur","Skewer"],"picked":"Expertise","floor":8}],"player_experience":415881,"relics_obtained":[{"floor":7,"key":"Frozen Egg 2"},{"floor":9,"key":"Potion Belt"}],"event_choices":[{"damage_healed":0,"gold_gain":0,"player_choice":"Left Gold","damage_taken":0,"max_hp_gain":0,"max_hp_loss":0,"event_name":"World of Goop","floor":2,"gold_loss":27}],"is_beta":false,"boss_relics":[],"items_purged_floors":[],"is_endless":false,"potions_floor_spawned":[1,4],"killed_by":"Lagavulin","ascension_level":14}