{"gold_per_floor":[114,126,49,63,63,90,90,17,40,51,64,64,39,59,59,158,158,175,195,0,20,20],"floor_reached":22,"playtime":916,"items_purged":[],"score":369,"play_id":"ff72edad-5d8c-43a5-b338-162b47b0dcd2","local_time":"20180928074236","is_ascension_mode":true,"campfire_choices":[{"floor":7,"key":"REST"},{"floor":12,"key":"REST"},{"data":"Glacier","floor":15,"key":"SMITH"}],"neow_cost":"NONE","seed_source_timestamp":114972741886880,"circlet_count":0,"master_deck":["Strike_B","Strike_B","Strike_B","Strike_B","Defend_B","Defend_B","Defend_B","Defend_B","Zap","Dualcast","AscendersBane","Capacitor","Streamline","FTL","Glacier+1","Reboot","Leap","Conserve Battery","Ball Lightning","Cold Snap","Redo","White Noise","Multi-Cast","Loop","Blizzard+1","Rip and Tear+1"],"relics":["Cracked Core","Omamori","Blood Vial","Boot","Lizard Tail"],"potions_floor_usage":[6,6,11,21],"damage_taken":[{"damage":1,"enemies":"Cultist","floor":1,"turns":3},{"damage":1,"enemies":"2 Louse","floor":2,"turns":2},{"damage":7,"enemies":"Jaw Worm","floor":4,"turns":2},{"damage":25,"enemies":"3 Sentries","floor":6,"turns":9},{"damage":19,"enemies":"Gremlin Gang","floor":10,"turns":5},{"damage":18,"enemies":"Exordium Thugs","floor":11,"turns":5},{"damage":0,"enemies":"Exordium Wildlife","floor":14,"turns":4},{"damage":0,"enemies":"Slime Boss","floor":16,"turns":9},{"damage":13,"enemies":"2 Thieves","floor":18,"turns":5},{"damage":43,"enemies":"3 Byrds","floor":19,"turns":6},{"damage":53,"enemies":"Snake Plant","floor":21,"turns":6},{"damage":22,"enemies":"Centurion and Healer","floor":22,"turns":4}],"seed_played":"2767025041161229344","potions_obtained":[{"floor":1,"key":"PowerPotion"},{"floor":4,"key":"Dexterity Potion"},{"floor":5,"key":"Fruit Juice"},{"floor":10,"key":"Strength Potion"},{"floor":14,"key":"EssenceOfSteel"},{"floor":19,"key":"GamblersBrew"}],"is_trial":false,"path_per_floor":["M","M","$","M","?","E","R","$","T","M","M","R","$","M","R","B",null,"M","M","?","M"],"character_chosen":"DEFECT","items_purchased":["FTL","Leap","Conserve Battery","Redo"],"campfire_rested":2,"item_purchase_floors":[3,8,8,13],"current_hp_per_floor":[67,66,66,59,59,39,63,63,63,46,30,54,54,56,56,58,75,64,23,23,12,0],"gold":20,"neow_bonus":"RANDOM_COMMON_RELIC","is_prod":false,"is_daily":false,"chose_seed":false,"campfire_upgraded":1,"win_rate":0,"timestamp":1538113356,"path_taken":["M","?","$","M","?","E","R","?","T","M","?","R","$","M","R","BOSS","M","M","?","?","M"],"build_version":"2018-09-20","purchased_purges":0,"victory":false,"max_hp_per_floor":[75,75,75,75,75,80,80,80,80,80,80,80,80,80,80,80,80,80,80,80,80,80],"card_choices":[{"not_picked":["Auto Shields","Force Field"],"picked":"Capacitor","floor":1},{"not_picked":["Storm","Blizzard"],"picked":"Streamline","floor":2},{"not_picked":["Beam Cell","Static Discharge"],"picked":"Glacier","floor":4},{"not_picked":["Rebound","Skim"],"picked":"Reboot","floor":6},{"not_picked":["Recycle","Rebound"],"picked":"Ball Lightning","floor":10},{"not_picked":["Barrage","Sweeping Beam"],"picked":"Cold Snap","floor":11},{"not_picked":["Reboot","Steam"],"picked":"White Noise","floor":14},{"not_picked":["Meteor Strike","Biased Cognition"],"picked":"Multi-Cast","floor":16},{"not_picked":["Sweeping Beam","Turbo"],"picked":"Loop","floor":18},{"not_picked":["Capacitor","Turbo+1"],"picked":"Blizzard+1","floor":19},{"not_picked":["Redo","Cold Snap"],"picked":"Rip and Tear+1","floor":21}],"player_experience":720929,"relics_obtained":[{"floor":6,"key":"Blood Vial"},{"floor":9,"key":"Boot"}],"event_choices":[{"event_name":"The Lab","player_choice":"Got Potions","floor":5,"damage_taken":0},{"event_name":"Masked Bandits","player_choice":"Paid Fearfully","floor":20,"damage_taken":0}],"is_beta":false,"boss_relics":[{"not_picked":["Runic Pyramid","Coffee Dripper"],"picked":"Lizard Tail"}],"items_purged_floors":[],"is_endless":false,"potions_floor_spawned":[1,4,10,14,19],"killed_by":"Centurion and Healer","ascension_level":11}