{"gold_per_floor":[112,112,30,45,45,45,74,90,158,183,183,183,183,37,37,132,132,152,168,2,21,42,42,42,42,66,66,81,5,5,23,23,114,114,128,147,72,92,152,152,166,166,189,201,238,250,278,311,323,335],"floor_reached":50,"playtime":1375,"items_purged":["Defend_R"],"score":885,"play_id":"adcbcdd0-9231-4fe9-8bda-410ac8b3f57b","local_time":"20180802195830","is_ascension_mode":true,"campfire_choices":[{"data":"Bludgeon","floor":6,"key":"SMITH"},{"data":"Inflame","floor":12,"key":"SMITH"},{"data":"Bash","floor":15,"key":"SMITH"},{"data":"Whirlwind","floor":23,"key":"SMITH"},{"data":"Metallicize","floor":27,"key":"SMITH"},{"data":"Ghostly","floor":32,"key":"SMITH"},{"data":"Ghostly","floor":40,"key":"SMITH"},{"data":"Ghostly","floor":42,"key":"SMITH"},{"data":"Ghostly","floor":44,"key":"SMITH"},{"data":"Demon Form","floor":49,"key":"SMITH"}],"neow_cost":"NONE","seed_source_timestamp":532922099567792,"circlet_count":0,"master_deck":["Strike_R+1","Strike_R+1","Strike_R","Strike_R","Strike_R","Defend_R","Defend_R","Defend_R","Bash+1","AscendersBane","Cleave","Flame Barrier","Shrug It Off","Bludgeon+1","Uppercut+1","Inflame+1","Headbutt","Metallicize+1","Battle Trance","Double Tap","Metallicize","Whirlwind+1","Shrug It Off","Dropkick","Warcry","True Grit","Thunderclap","Immolate","Inflame","Ghostly+1","Ghostly+1","Ghostly","Ghostly+1","Ghostly+1","Immolate","Flame Barrier+1","Inflame","Shockwave+1","Whirlwind","Demon Form+1"],"relics":["Philosopher\u0027s Stone","Happy Flower","Meat on the Bone","Champion Belt","Golden Idol","Coffee Dripper","Pen Nib","Dream Catcher","Sozu","Sundial","MawBank"],"potions_floor_usage":[22],"damage_taken":[{"damage":0,"enemies":"Cultist","floor":1,"turns":3},{"damage":0,"enemies":"Jaw Worm","floor":4,"turns":4},{"damage":17,"enemies":"Lagavulin","floor":7,"turns":4},{"damage":0,"enemies":"2 Louse","floor":8,"turns":2},{"damage":10,"enemies":"Gremlin Nob","floor":10,"turns":3},{"damage":15,"enemies":"The Guardian","floor":16,"turns":8},{"damage":1,"enemies":"Chosen","floor":18,"turns":3},{"damage":17,"enemies":"Spheric Guardian","floor":19,"turns":4},{"damage":10,"enemies":"Snecko","floor":21,"turns":5},{"damage":8,"enemies":"3 Cultists","floor":22,"turns":3},{"damage":16,"enemies":"Snake Plant","floor":28,"turns":2},{"damage":4,"enemies":"Chosen and Byrds","floor":31,"turns":5},{"damage":10,"enemies":"Champ","floor":33,"turns":8},{"damage":0,"enemies":"3 Darklings","floor":35,"turns":3},{"damage":0,"enemies":"Orb Walker","floor":36,"turns":1},{"damage":0,"enemies":"Sphere and 2 Shapes","floor":38,"turns":4},{"damage":6,"floor":39,"turns":3},{"damage":0,"enemies":"Spire Growth","floor":41,"turns":3},{"damage":0,"enemies":"Transient","floor":45,"turns":5},{"damage":8,"enemies":"Flame Bruiser 2 Orb","floor":47,"turns":9},{"damage":2,"enemies":"4 Shapes","floor":48,"turns":6},{"damage":34,"enemies":"Awakened One","floor":50,"turns":5}],"seed_played":"-7636865259398690463","potions_obtained":[{"floor":4,"key":"Explosive Potion"},{"floor":7,"key":"Explosive Potion"}],"is_trial":false,"path_per_floor":["M","?","$","M","?","R","E","M","T","E","?","R","?","$","R","B",null,"M","M","$","M","M","R","$","T","T","R","M","$","?","M","R","B",null,"M","M","$","M","?","R","M","R","T","R","M","?","M","M","R"],"character_chosen":"IRONCLAD","items_purchased":["Flame Barrier","Shrug It Off","Metallicize","Battle Trance","Shrug It Off","Dropkick","Warcry","Inflame"],"campfire_rested":0,"item_purchase_floors":[3,3,14,14,20,20,20,29],"current_hp_per_floor":[68,45,45,45,45,45,28,28,28,30,30,30,30,30,30,27,58,57,40,40,42,46,46,46,46,46,46,42,42,34,30,30,20,31,31,31,31,31,25,25,25,25,25,25,25,25,29,27,27,0],"gold":335,"neow_bonus":"BOSS_RELIC","is_prod":false,"is_daily":false,"chose_seed":false,"campfire_upgraded":10,"win_rate":0,"timestamp":1533265110,"path_taken":["M","?","$","M","?","R","E","?","T","E","?","R","?","?","R","BOSS","M","M","$","?","M","R","?","?","T","R","M","$","?","M","R","BOSS","M","M","$","M","?","R","M","R","T","R","M","?","?","M","R","BOSS"],"build_version":"2018-08-01","purchased_purges":1,"victory":false,"max_hp_per_floor":[75,75,75,75,75,75,75,75,75,75,75,75,68,68,68,68,68,68,68,68,68,68,68,68,68,68,68,68,68,34,34,34,34,34,34,34,34,34,34,34,34,34,34,34,34,34,34,34,34,34],"card_choices":[{"not_picked":["Body Slam","Sword Boomerang"],"picked":"Cleave","floor":1},{"not_picked":["Clothesline","Cleave"],"picked":"Bludgeon","floor":4},{"not_picked":["Cleave","Anger"],"picked":"Uppercut","floor":7},{"not_picked":["Body Slam","Wild Strike"],"picked":"Inflame","floor":8},{"not_picked":["Feel No Pain","Cleave"],"picked":"Headbutt","floor":10},{"not_picked":["Feed","Brutality"],"picked":"Double Tap","floor":16},{"not_picked":["Warcry","Cleave"],"picked":"Metallicize","floor":18},{"not_picked":["Clothesline","Seeing Red"],"picked":"Whirlwind","floor":19},{"not_picked":["Body Slam","Pommel Strike"],"picked":"True Grit","floor":21},{"not_picked":["Sword Boomerang","Anger"],"picked":"Thunderclap","floor":22},{"not_picked":["Warcry","Armaments"],"picked":"Immolate","floor":28},{"not_picked":["Clothesline","Cleave","Havoc"],"picked":"SKIP","floor":31},{"not_picked":["Exhume","Bludgeon"],"picked":"Immolate","floor":33},{"not_picked":["Pummel","Shrug It Off+1"],"picked":"Flame Barrier+1","floor":35},{"not_picked":["Infernal Blade","Pommel Strike"],"picked":"Inflame","floor":36},{"not_picked":["Pommel Strike","Havoc+1"],"picked":"Shockwave+1","floor":39},{"not_picked":["Ghostly Armor","True Grit"],"picked":"Whirlwind","floor":45},{"not_picked":["Clash","Disarm"],"picked":"Demon Form","floor":48}],"player_experience":712904,"relics_obtained":[{"floor":7,"key":"Happy Flower"},{"floor":9,"key":"Meat on the Bone"},{"floor":10,"key":"Champion Belt"},{"floor":25,"key":"Pen Nib"},{"floor":26,"key":"Dream Catcher"},{"floor":39,"key":"Sundial"},{"floor":43,"key":"MawBank"}],"event_choices":[{"event_name":"Shining Light","player_choice":"Entered Light","floor":2,"damage_taken":0},{"event_name":"Liars Game","player_choice":"disagreed","floor":5,"damage_taken":0},{"event_name":"Living Wall","player_choice":"Grow","floor":11,"damage_taken":0},{"event_name":"Golden Idol","player_choice":"Lose Max HP","floor":13,"damage_taken":0},{"event_name":"Ghosts","player_choice":"Became a Ghost","floor":30,"damage_taken":0},{"event_name":"Mysterious Sphere","player_choice":"Fight","floor":39,"damage_taken":0},{"event_name":"SecretPortal","player_choice":"Rejected Portal.","floor":46,"damage_taken":0}],"is_beta":true,"boss_relics":[{"not_picked":["Runic Cube","Tiny House"],"picked":"Coffee Dripper"},{"not_picked":["Orrery","Runic Pyramid"],"picked":"Sozu"}],"items_purged_floors":[37],"is_endless":false,"potions_floor_spawned":[4,7,18,19,36,47],"killed_by":"Awakened One","ascension_level":15}