{"gold_per_floor":[147,97,121,134,152,152,165,181,204,479,479,549,559,573,573,573],"floor_reached":16,"playtime":678,"items_purged":[],"score":94,"play_id":"63ac67f9-7ff5-45ed-bfaf-e2ea22f6ba39","local_time":"20181021193430","is_ascension_mode":false,"campfire_choices":[{"data":"Pummel","floor":6,"key":"SMITH"},{"data":"Perfected Strike","floor":11,"key":"SMITH"},{"floor":15,"key":"REST"}],"neow_cost":"NONE","seed_source_timestamp":871159266098332,"circlet_count":0,"master_deck":["Strike_R","Strike_R","Strike_R","Strike_R","Strike_R","Defend_R","Defend_R","Defend_R","Bash","Pummel+1","Rage","Perfected Strike+1","Headbutt","Dual Wield","Regret","Battle Trance"],"relics":["Burning Blood","Tiny Chest","Oddly Smooth Stone","Art of War","Shuriken"],"potions_floor_usage":[5,7,13,16],"damage_taken":[{"damage":11,"enemies":"Jaw Worm","floor":1,"turns":3},{"damage":7,"enemies":"2 Louse","floor":4,"turns":3},{"damage":0,"enemies":"Cultist","floor":5,"turns":3},{"damage":33,"enemies":"Exordium Thugs","floor":7,"turns":4},{"damage":11,"enemies":"Large Slime","floor":8,"turns":5},{"damage":13,"enemies":"Looter","floor":13,"turns":2},{"damage":7,"enemies":"3 Louse","floor":14,"turns":3},{"damage":63,"enemies":"Slime Boss","floor":16,"turns":10}],"seed_played":"3807567820756512187","potions_obtained":[{"floor":1,"key":"Swift Potion"},{"floor":5,"key":"Swift Potion"},{"floor":8,"key":"SteroidPotion"},{"floor":14,"key":"Fire Potion"}],"is_trial":false,"path_per_floor":["M","?","T","M","M","R","M","M","T","?","R","T","M","M","R"],"character_chosen":"IRONCLAD","items_purchased":[],"campfire_rested":1,"item_purchase_floors":[],"current_hp_per_floor":[75,75,75,74,80,80,53,48,48,48,48,48,41,40,64,1],"gold":573,"neow_bonus":"RANDOM_COMMON_RELIC","is_prod":false,"is_daily":false,"chose_seed":false,"campfire_upgraded":2,"win_rate":0.0,"timestamp":1540103670,"path_taken":["M","?","?","M","M","R","M","M","T","?","R","?","M","M","R","BOSS"],"build_version":"2018-10-18","purchased_purges":0,"victory":false,"max_hp_per_floor":[80,80,80,80,80,80,80,80,80,80,80,80,80,80,80,80],"card_choices":[{"not_picked":["Heavy Blade","Battle Trance"],"picked":"Pummel","floor":1},{"not_picked":["Seeing Red","Warcry"],"picked":"Rage","floor":4},{"not_picked":["Rage","Shrug It Off"],"picked":"Perfected Strike","floor":5},{"not_picked":["Thunderclap","Burning Pact"],"picked":"Headbutt","floor":7},{"not_picked":["Cleave","Clash"],"picked":"Dual Wield","floor":8},{"not_picked":["Havoc","Entrench","Offering"],"picked":"SKIP","floor":13},{"not_picked":["Heavy Blade","Body Slam"],"picked":"Battle Trance","floor":14}],"player_experience":179752,"relics_obtained":[{"floor":3,"key":"Oddly Smooth Stone"},{"floor":9,"key":"Art of War"},{"floor":12,"key":"Shuriken"}],"event_choices":[{"cards_removed":["Defend_R"],"damage_healed":0,"gold_gain":0,"player_choice":"Card Removal","damage_taken":0,"max_hp_gain":0,"max_hp_loss":0,"event_name":"The Cleric","floor":2,"gold_loss":50},{"damage_healed":0,"gold_gain":275,"player_choice":"Desecrate","damage_taken":0,"max_hp_gain":0,"max_hp_loss":0,"event_name":"Golden Shrine","floor":10,"gold_loss":0,"cards_obtained":["Regret"]}],"is_beta":false,"boss_relics":[],"items_purged_floors":[],"is_endless":false,"potions_floor_spawned":[1,5,8,14],"killed_by":"Slime Boss","ascension_level":0}