{"path_per_floor":["M","M","M","$","?","E","M","R","T","M","?","R","M","M","R","B",null,"M","M","$","M","?","R","E","R","T","R","M","M","M","$","R","B",null,"M","M","?","M","M","M","R","M","T","$","?","R","$","M","R"],"character_chosen":"THE_SILENT","items_purchased":["Sucker Punch","Heel Hook","Caltrops","Letter Opener","Deadly Poison"],"gold_per_floor":[115,128,139,13,13,47,58,58,58,78,78,78,91,108,108,204,204,186,204,35,50,50,50,85,85,109,109,126,138,153,118,118,214,214,226,238,238,250,263,277,277,295,295,47,47,47,1,20,20,20],"floor_reached":50,"campfire_rested":4,"playtime":2604,"current_hp_per_floor":[70,70,70,70,70,48,43,43,43,43,36,36,32,18,39,54,70,70,59,59,58,58,58,24,45,45,66,66,54,53,53,53,49,70,56,46,46,46,36,25,58,28,28,28,46,58,58,58,70,0],"items_purged":["Strike_G","Strike_G"],"gold":20,"score":470,"play_id":"907f6e1c-667a-47bb-8325-de9be89d2c90","local_time":"20180409183444","is_prod":false,"is_daily":false,"is_ascension_mode":false,"campfire_upgraded":6,"timestamp":1523291684,"path_taken":["M","M","M","$","?","E","M","R","T","M","?","R","M","M","R","BOSS","M","M","$","M","?","R","E","R","T","R","M","M","M","?","R","BOSS","M","M","?","M","M","M","R","M","T","$","?","R","?","M","R","BOSS"],"build_version":"2018-04-05v2","purchased_purges":2,"victory":false,"master_deck":["Defend_G","Defend_G","Defend_G","Defend_G","Strike_G","Strike_G","Survivor+1","Neutralize+1","Doppelganger","Noxious Fumes+1","Bane+1","Deadly Poison+1","Sucker Punch","Well Laid Plans","Backflip+1","Footwork+1","Malaise+1","PiercingWail+1","Poisoned Stab+1","Backflip+1","Heel Hook","Slice","Predator","Deadly Poison+1","Deflect+1","Bane+1","Caltrops","Adrenaline+1","Catalyst+1","Backflip+1","Dodge and Roll+1","Writhe","Deadly Poison+1"],"max_hp_per_floor":[70,70,70,70,70,70,70,70,70,70,70,70,70,70,70,70,70,70,70,70,70,70,70,70,70,70,70,70,70,70,70,70,70,70,70,70,70,70,70,70,70,70,70,70,70,70,70,70,70,70],"relics":["Ring of the Snake","Toxic Egg 2","Pantograph","Sozu","The Specimen","Orichalcum","Eternal Feather","Oddly Smooth Stone","Letter Opener"],"card_choices":[{"not_picked":["Dodge and Roll","Doppelganger"],"picked":"Noxious Fumes","floor":1.0},{"not_picked":["Poisoned Stab","Prepared"],"picked":"Bane","floor":2.0},{"not_picked":["Dagger Spray","Dagger Throw"],"picked":"Deadly Poison","floor":3.0},{"not_picked":["Outmaneuver","Poisoned Stab"],"picked":"Well Laid Plans","floor":6.0},{"not_picked":["Grand Finale","Finisher"],"picked":"Backflip","floor":7.0},{"not_picked":["Slice","Choke"],"picked":"Footwork","floor":10.0},{"not_picked":["Bane","Backstab"],"picked":"Malaise","floor":13.0},{"not_picked":["Well Laid Plans","Sucker Punch"],"picked":"PiercingWail","floor":14.0},{"not_picked":["Deadly Poison","Expertise"],"picked":"Poisoned Stab","floor":18.0},{"not_picked":["PiercingWail","Dagger Throw"],"picked":"Backflip","floor":19.0},{"not_picked":["Dodge and Roll","Acrobatics"],"picked":"Slice","floor":21},{"not_picked":["Accuracy","Reflex"],"picked":"Predator","floor":24},{"not_picked":["Bane","Finisher"],"picked":"Deadly Poison","floor":28},{"not_picked":["Deadly Poison","Acrobatics"],"picked":"Deflect","floor":29},{"not_picked":["Dagger Throw","Slice"],"picked":"Bane","floor":30},{"not_picked":["Venomology","Unload"],"picked":"Adrenaline","floor":33},{"not_picked":["Skewer","Noxious Fumes"],"picked":"Catalyst","floor":35},{"not_picked":["Dagger Spray","Quick Slash"],"picked":"Backflip","floor":36},{"not_picked":["Riddle With Holes","Backflip"],"picked":"Dodge and Roll","floor":40}],"player_experience":365370,"potions_floor_usage":[24],"damage_taken":[{"damage":0.0,"enemies":"2 Louse","floor":1.0,"turns":4.0},{"damage":0.0,"enemies":"Jaw Worm","floor":2.0,"turns":4.0},{"damage":0.0,"enemies":"Cultist","floor":3.0,"turns":3.0},{"damage":22.0,"enemies":"Lagavulin","floor":6.0,"turns":6.0},{"damage":5.0,"enemies":"2 Fungi Beasts","floor":7.0,"turns":4.0},{"damage":0.0,"enemies":"3 Louse","floor":10.0,"turns":3.0},{"damage":4.0,"enemies":"Large Slime","floor":13.0,"turns":5.0},{"damage":14.0,"enemies":"Exordium Wildlife","floor":14.0,"turns":5.0},{"damage":10.0,"enemies":"Slime Boss","floor":16.0,"turns":9.0},{"damage":0.0,"enemies":"2 Thieves","floor":18.0,"turns":4.0},{"damage":11.0,"enemies":"Chosen","floor":19.0,"turns":5.0},{"damage":1,"enemies":"Snake Plant","floor":21,"turns":5},{"damage":34,"enemies":"Slavers","floor":24,"turns":6},{"damage":0,"enemies":"3 Cultists","floor":28,"turns":4},{"damage":12,"enemies":"Centurion and Healer","floor":29,"turns":5},{"damage":1,"enemies":"Snake Plant","floor":30,"turns":5},{"damage":21,"enemies":"Collector","floor":33,"turns":8},{"damage":14,"enemies":"3 Darklings","floor":35,"turns":5},{"damage":10,"enemies":"Orb Walker","floor":36,"turns":3},{"damage":0,"enemies":"Maw","floor":38,"turns":7},{"damage":10,"enemies":"Sphere and 2 Shapes","floor":39,"turns":5},{"damage":11,"enemies":"4 Shapes","floor":40,"turns":5},{"damage":30,"enemies":"3 Darklings","floor":42,"turns":5},{"damage":0,"enemies":"Maw","floor":48,"turns":6},{"damage":72,"enemies":"Awakened One","floor":50,"turns":11}],"event_choices":[{"event_name":"Liars Game","player_choice":"disagreed","floor":5.0,"damage_taken":0.0},{"event_name":"Golden Wing","player_choice":"Card Removal","floor":11.0,"damage_taken":0.0},{"event_name":"Purifier","player_choice":"One Purge","floor":22,"damage_taken":0},{"event_name":"The Lab","player_choice":"Got Potions","floor":37,"damage_taken":0},{"event_name":"Winding Halls","player_choice":"Writhe","floor":45,"damage_taken":0}],"boss_relics":[{"not_picked":["Pandora\u0027s Box","Philosopher\u0027s Stone"],"picked":"Eternal Feather"}],"potions_floor_spawned":[2,3,7,14,18,28,33,38,39],"seed_played":"4714647040162270321","killed_by":"Awakened One","ascension_level":0,"is_trial":false}