{"gold_per_floor":[147,161,161,161,178,203,215,215,215,215,3,3,32,46,46,117,117,129,139,50,50,102,102,102,121,146,69,86,86,86,99,99,172,172,186,7,62,81,81],"floor_reached":39,"playtime":2396,"items_purged":["Regret","Storm of Steel"],"score":720,"play_id":"ef1a1a24-a04c-4822-84b9-8c08d0aa0976","local_time":"20190131100621","is_ascension_mode":true,"campfire_choices":[{"floor":8.0,"key":"REST"},{"data":"All Out Attack","floor":10.0,"key":"SMITH"},{"data":"Calculated Gamble","floor":12.0,"key":"SMITH"},{"data":"Dagger Spray","floor":15.0,"key":"SMITH"},{"data":"Envenom","floor":23.0,"key":"SMITH"},{"floor":30.0,"key":"REST"},{"data":"Noxious Fumes","floor":32.0,"key":"SMITH"}],"neow_cost":"NONE","seed_source_timestamp":178035826862632,"circlet_count":0,"master_deck":["AscendersBane","Survivor","Neutralize","Dash","Endless Agony","All Out Attack+1","Dagger Spray+1","Deflect","Calculated Gamble+1","Eviscerate","Dagger Throw","Underhanded Strike","Envenom+1","Poisoned Stab+1","Calculated Gamble","Noxious Fumes+1","Skewer+1","Corpse Explosion","Wraith Form v2","Grand Finale","Venomology","Prepared","Eviscerate","Predator","Underhanded Strike","Dagger Spray","Finisher"],"special_seed":0,"relics":["Ring of the Snake","Tiny Chest","Regal Pillow","Gremlin Horn","Dream Catcher","Oddly Smooth Stone","Centennial Puzzle","Busted Crown","Vajra","Art of War","Pantograph","Pandora\u0027s Box","Turnip"],"potions_floor_usage":[35,38,38,39,39,39],"damage_taken":[{"damage":2.0,"enemies":"Jaw Worm","floor":1.0,"turns":7.0},{"damage":0.0,"enemies":"2 Louse","floor":2.0,"turns":3.0},{"damage":5.0,"enemies":"Small Slimes","floor":5.0,"turns":4.0},{"damage":9.0,"enemies":"3 Sentries","floor":6.0,"turns":7.0},{"damage":0.0,"enemies":"Exordium Wildlife","floor":7.0,"turns":3.0},{"damage":18.0,"enemies":"Lagavulin","floor":13.0,"turns":5.0},{"damage":0.0,"enemies":"Exordium Thugs","floor":14.0,"turns":3.0},{"damage":31.0,"enemies":"Slime Boss","floor":16.0,"turns":8.0},{"damage":6.0,"enemies":"2 Thieves","floor":18.0,"turns":3.0},{"damage":5.0,"enemies":"Shell Parasite","floor":19.0,"turns":4.0},{"damage":12.0,"enemies":"Centurion and Healer","floor":25.0,"turns":5.0},{"damage":11.0,"enemies":"Snecko","floor":28.0,"turns":5.0},{"damage":0.0,"enemies":"Cultist and Chosen","floor":31.0,"turns":3.0},{"damage":57.0,"enemies":"Champ","floor":33.0,"turns":12.0},{"damage":7,"enemies":"3 Shapes","floor":35,"turns":3},{"damage":38,"enemies":"2 Orb Walkers","floor":37,"turns":3},{"damage":0,"enemies":"3 Darklings","floor":38,"turns":2},{"damage":28,"enemies":"Transient","floor":39,"turns":6}],"seed_played":"-6359116801445875371","potions_obtained":[{"floor":2.0,"key":"FearPotion"},{"floor":5.0,"key":"Fire Potion"},{"floor":6.0,"key":"Strength Potion"},{"floor":16.0,"key":"Fire Potion"},{"floor":19.0,"key":"Ancient Potion"},{"floor":31.0,"key":"Energy Potion"},{"floor":38,"key":"EssenceOfSteel"}],"is_trial":false,"path_per_floor":["M","M","?","?","M","E","M","R","T","R","$","R","E","M","R","B",null,"M","M","$","?","T","R","?","M","T","$","M","T","R","M","R","B",null,"M","$","?","M","M"],"character_chosen":"THE_SILENT","items_purchased":["Eviscerate","Fire Potion","Calculated Gamble","Noxious Fumes","GhostInAJar"],"campfire_rested":2,"item_purchase_floors":[11,11,20,27,36],"current_hp_per_floor":[57,57,31,31,26,17,17,51,51,51,51,51,33,33,33,2,50,44,39,39,52,52,52,52,40,40,40,29,29,63,63,63,9,52,45,45,7,7,0],"gold":81,"neow_bonus":"RANDOM_COMMON_RELIC","is_prod":false,"is_daily":false,"chose_seed":false,"campfire_upgraded":5,"win_rate":0,"timestamp":1548925581,"path_taken":["M","M","?","?","M","E","M","R","T","R","$","R","E","M","R","BOSS","M","M","$","?","?","R","?","?","T","$","M","?","R","M","R","BOSS","M","$","?","M","M"],"build_version":"2019-01-23","purchased_purges":2,"victory":false,"max_hp_per_floor":[66,66,66,66,66,66,66,66,66,66,66,66,66,66,66,66,66,66,66,66,66,66,66,66,66,66,66,66,66,66,66,66,66,66,66,66,66,66,66],"card_choices":[{"not_picked":["Blade Dance","All Out Attack"],"picked":"Dash","floor":1.0},{"not_picked":["Sucker Punch","Bane"],"picked":"Endless Agony","floor":2.0},{"not_picked":["Dagger Throw","Deflect"],"picked":"All Out Attack","floor":5.0},{"not_picked":["Blade Dance","Dodge and Roll"],"picked":"Dagger Spray","floor":6.0},{"not_picked":["Poisoned Stab","Prepared"],"picked":"Deflect","floor":7.0},{"not_picked":["Outmaneuver","Dagger Spray"],"picked":"Calculated Gamble","floor":8.0},{"not_picked":["Distraction","PiercingWail"],"picked":"Dagger Throw","floor":13.0},{"not_picked":["Sucker Punch","Catalyst"],"picked":"Underhanded Strike","floor":14.0},{"not_picked":["Night Terror","Storm of Steel"],"picked":"Envenom","floor":16.0},{"not_picked":["Cloak And Dagger"],"picked":"SKIP","floor":18.0},{"not_picked":[],"picked":"Poisoned Stab+1","floor":19.0},{"not_picked":["Prepared"],"picked":"SKIP","floor":25.0},{"not_picked":["Dagger Throw"],"picked":"SKIP","floor":28.0},{"not_picked":[],"picked":"Skewer+1","floor":30.0},{"not_picked":["Outmaneuver"],"picked":"SKIP","floor":31.0},{"not_picked":[],"picked":"Corpse Explosion","floor":33.0},{"not_picked":["Dagger Spray"],"picked":"SKIP","floor":35},{"not_picked":["Prepared"],"picked":"SKIP","floor":38}],"player_experience":464371,"relics_obtained":[{"floor":6.0,"key":"Dream Catcher"},{"floor":9.0,"key":"Oddly Smooth Stone"},{"floor":13.0,"key":"Centennial Puzzle"},{"floor":22.0,"key":"Vajra"},{"floor":26.0,"key":"Art of War"},{"floor":29.0,"key":"Pantograph"},{"floor":37,"key":"Turnip"}],"event_choices":[{"damage_healed":0.0,"max_hp_gain":0.0,"max_hp_loss":0.0,"gold_gain":0.0,"event_name":"Scrap Ooze","player_choice":"Success","floor":3.0,"gold_loss":0.0,"damage_taken":26.0,"relics_obtained":["Regal Pillow"]},{"damage_healed":0.0,"max_hp_gain":0.0,"max_hp_loss":0.0,"gold_gain":0.0,"event_name":"Big Fish","player_choice":"Box","floor":4.0,"gold_loss":0.0,"damage_taken":0.0,"relics_obtained":["Gremlin Horn"],"cards_obtained":["Regret"]},{"damage_healed":13.0,"max_hp_gain":0.0,"max_hp_loss":0.0,"gold_gain":0.0,"event_name":"The Library","player_choice":"Heal","floor":21.0,"gold_loss":0.0,"damage_taken":0.0},{"damage_healed":0.0,"max_hp_gain":0.0,"max_hp_loss":0.0,"gold_gain":0.0,"event_name":"Ghosts","player_choice":"Ignored","floor":24.0,"gold_loss":0.0,"damage_taken":0.0},{"damage_healed":0,"gold_gain":0,"player_choice":"Fight","damage_taken":0,"max_hp_gain":0,"max_hp_loss":0,"event_name":"Mysterious Sphere","floor":37,"gold_loss":0}],"is_beta":false,"boss_relics":[{"not_picked":["Cursed Key","Orrery"],"picked":"Busted Crown"},{"not_picked":["Runic Pyramid","Sozu"],"picked":"Pandora\u0027s Box"}],"items_purged_floors":[11,36],"is_endless":false,"potions_floor_spawned":[2,5,6,16,19,31,38],"killed_by":"Transient","ascension_level":17}