{"gold_per_floor":[110,260,95,20,31,58,114,114,114,141,141,60,85,119,119,192,192,211,211],"floor_reached":19,"playtime":367,"items_purged":["Doubt"],"score":361,"play_id":"e0ee19d3-b300-4b68-8681-476cbae6c52e","local_time":"20180715211952","is_ascension_mode":true,"campfire_choices":[{"data":"Inflame","floor":8.0,"key":"SMITH"},{"data":"Inflame","floor":11.0,"key":"SMITH"},{"data":"Heavy Blade","floor":15,"key":"SMITH"}],"neow_cost":"NONE","seed_source_timestamp":330696931064945,"circlet_count":0,"master_deck":["Strike_R","Strike_R","Strike_R","Strike_R","Strike_R","Defend_R","Defend_R","Defend_R","Bash","AscendersBane","Flame Barrier","Inflame+1","Cleave","Heavy Blade+1","Inflame+1","Iron Wave","Dual Wield","Clothesline","Barricade"],"special_seed":0,"relics":["Burning Blood","NeowsBlessing","Blood Vial","Tiny Chest","Darkstone Periapt","Matryoshka","Bag of Preparation","Lantern","Incense Burner","Coffee Dripper"],"potions_floor_usage":[],"damage_taken":[{"damage":0.0,"enemies":"Jaw Worm","floor":1.0,"turns":1.0},{"damage":0.0,"enemies":"2 Louse","floor":5.0,"turns":2.0},{"damage":0.0,"enemies":"3 Sentries","floor":6.0,"turns":2.0},{"damage":16.0,"enemies":"Gremlin Nob","floor":10.0,"turns":4.0},{"damage":23,"enemies":"Lagavulin","floor":14,"turns":6},{"damage":28,"enemies":"Slime Boss","floor":16,"turns":7},{"damage":13,"enemies":"Spheric Guardian","floor":18,"turns":4},{"damage":1,"enemies":"3 Byrds","floor":19,"turns":2}],"seed_played":"-8133370097234463866","potions_obtained":[{"floor":5.0,"key":"Energy Potion"},{"floor":6.0,"key":"EssenceOfSteel"}],"is_trial":false,"path_per_floor":["M","?","$","?","M","E","T","R","T","E","R","$","T","E","R","B",null,"M"],"character_chosen":"IRONCLAD","items_purchased":["Inflame","Cleave","Dual Wield"],"campfire_rested":0,"item_purchase_floors":[3,3,12],"current_hp_per_floor":[74,74,74,74,75,75,75,75,75,65,65,65,65,50,50,30,64,59,60],"gold":211,"neow_bonus":"THREE_ENEMY_KILL","is_prod":false,"is_daily":false,"chose_seed":false,"campfire_upgraded":3,"win_rate":0,"timestamp":1531714792,"path_taken":["M","?","$","?","M","E","?","R","T","E","R","?","?","E","R","BOSS","M","M"],"build_version":"2018-07-13","purchased_purges":1,"victory":false,"max_hp_per_floor":[75,75,75,75,75,75,75,75,75,75,75,75,75,75,75,75,75,75,75],"card_choices":[{"not_picked":["Flex","Sword Boomerang"],"picked":"Flame Barrier","floor":1.0},{"not_picked":["Seeing Red","Pommel Strike"],"picked":"Heavy Blade","floor":5.0},{"not_picked":["Rampage","True Grit"],"picked":"Inflame","floor":6.0},{"not_picked":["Body Slam","Rage"],"picked":"Iron Wave","floor":10.0},{"not_picked":["Armaments","Headbutt"],"picked":"Clothesline","floor":14},{"not_picked":["Exhume","Juggernaut"],"picked":"Barricade","floor":16}],"player_experience":650174,"relics_obtained":[{"floor":6.0,"key":"Blood Vial"},{"floor":7.0,"key":"Tiny Chest"},{"floor":9.0,"key":"Darkstone Periapt"},{"floor":10.0,"key":"Matryoshka"},{"floor":13,"key":"Bag of Preparation"},{"floor":13,"key":"Lantern"},{"floor":14,"key":"Incense Burner"}],"event_choices":[{"event_name":"Liars Game","player_choice":"agreed","floor":2.0,"damage_taken":0.0},{"event_name":"The Cleric","player_choice":"Card Removal","floor":4.0,"damage_taken":0.0}],"boss_relics":[{"not_picked":["Empty Cage","Lizard Tail"],"picked":"Coffee Dripper"}],"items_purged_floors":[3],"is_endless":false,"potions_floor_spawned":[5,6,14,18],"killed_by":"3 Byrds","ascension_level":15}