{"path_per_floor":["M","?","?","?","$","E","R","E","T","R","M","M","M","M","R","B",null,"M","M","M","M","M","R","M","R","T","R","M","M","?","M","R","B",null,"M","M","M","M","M","R","E","R","T","M","M","?","R","E","R","B"],"character_chosen":"IRONCLAD","items_purchased":["Spot Weakness"],"gold_per_floor":[114,64,64,64,26,56,56,86,86,86,101,116,131,146,146,246,246,261,276,291,306,321,321,336,336,336,336,351,366,366,381,381,481,481,496,511,526,541,556,556,586,586,586,601,616,616,616,646,646,646],"floor_reached":51,"campfire_rested":1,"playtime":2966,"current_hp_per_floor":[80,80,86,69,69,55,80,74,80,80,79,79,76,75,75,76,98,95,98,106,103,96,96,95,95,95,95,94,108,108,107,107,93,108,108,107,108,90,93,93,107,107,113,109,117,117,117,113,113,126],"items_purged":[],"gold":646,"score":953,"play_id":"1232891b-eb07-495f-8529-fc63c192129f","local_time":"20180314140858","daily_mods":["Diverse","Cursed Run","Vintage"],"is_prod":false,"is_daily":true,"is_ascension_mode":false,"campfire_upgraded":0,"timestamp":1521032938,"path_taken":["M","?","?","?","?","E","R","E","T","R","M","M","?","M","R","BOSS","M","M","M","M","M","R","M","R","T","R","M","M","?","M","R","BOSS","M","M","M","M","M","R","E","R","T","M","M","?","R","E","R","BOSS"],"build_version":"2018-03-09","purchased_purges":0,"victory":true,"master_deck":["Strike_R","Strike_R+1","Strike_R","Strike_R","Strike_R","Defend_R+1","Defend_R","Defend_R+1","Bash+1","Poisoned Stab","Blur+1","Regret","Spot Weakness+1","Heavy Blade","Infernal Blade+1","Regret","Regret","Reaper+1","Sword Boomerang","Feed","Flex+1","Regret","Havoc+1","Perfected Strike+1","Writhe"],"max_hp_per_floor":[80,80,86,86,86,86,86,86,92,92,92,92,92,92,92,98,98,98,98,108,108,108,108,108,108,108,108,108,108,108,108,108,108,108,108,108,108,108,108,108,108,108,114,114,117,117,117,120,120,126],"relics":["Cursed Key","Darkstone Periapt","Du-Vu Doll","Toxic Egg 2","Oddly Smooth Stone","Champion Belt","Shovel","Anchor","Blue Candle","Prayer Wheel","Toolbox","Kunai","Mercury Hourglass","Girya","Pen Nib","Sozu","Omamori","Meat on the Bone","Pear","War Paint","Charon\u0027s Ashes","Thread and Needle","Matryoshka","Vajra","Shuriken","Sundial","Mummified Hand","Whetstone","Black Star","Ice Cream","The Courier","Bottled Flame","Gambling Chip","Frozen Egg 2","Pantograph","Singing Bowl","Juzu Bracelet","Self Forming Clay","Dream Catcher","Dead Branch","Centennial Puzzle","Letter Opener","Molten Egg 2","Gremlin Horn","Smiling Mask","Bag of Marbles"],"card_choices":[{"not_picked":["Pommel Strike","Barricade"],"picked":"Heavy Blade"},{"not_picked":["Pommel Strike","Clothesline"],"picked":"Infernal Blade"},{"not_picked":["Offering","Double Tap"],"picked":"Reaper"},{"not_picked":["Shrug It Off","Pommel Strike"],"picked":"Sword Boomerang"},{"not_picked":["Fiend Fire","Impervious"],"picked":"Feed"},{"not_picked":["Anger","Body Slam"],"picked":"Flex"},{"not_picked":["Clothesline","Anger"],"picked":"Havoc"},{"not_picked":["Armaments","Searing Blow"],"picked":"Perfected Strike"}],"player_experience":22325,"potions_floor_usage":[],"damage_taken":[{"damage":0,"enemies":"2 Louse","floor":1,"turns":3},{"damage":14,"enemies":"3 Sentries","floor":6,"turns":6},{"damage":6,"enemies":"Gremlin Nob","floor":8,"turns":4},{"damage":1,"enemies":"Small Slimes","floor":11,"turns":2},{"damage":0,"enemies":"Jaw Worm","floor":12,"turns":1},{"damage":3,"enemies":"Looter","floor":13,"turns":2},{"damage":1,"enemies":"Large Slime","floor":14,"turns":3},{"damage":5,"enemies":"Slime Boss","floor":16,"turns":9},{"damage":3,"enemies":"3 Byrds","floor":18,"turns":4},{"damage":1,"enemies":"Spheric Guardian","floor":19,"turns":2},{"damage":2,"enemies":"Centurion and Healer","floor":20,"turns":3},{"damage":3,"enemies":"Sentry and Sphere","floor":21,"turns":3},{"damage":12,"enemies":"Snecko","floor":22,"turns":3},{"damage":1,"enemies":"Snake Plant","floor":24,"turns":2},{"damage":1,"enemies":"Slaver and Parasite","floor":28,"turns":3},{"damage":0,"enemies":"Cultist and Chosen","floor":29,"turns":2},{"damage":1,"enemies":"Centurion and Healer","floor":31,"turns":3},{"damage":17,"enemies":"Automaton","floor":33,"turns":5},{"damage":0,"enemies":"Orb Walker","floor":35,"turns":1},{"damage":1,"enemies":"3 Shapes","floor":36,"turns":2},{"damage":1,"enemies":"3 Darklings","floor":37,"turns":3},{"damage":27,"enemies":"Maw","floor":38,"turns":5},{"damage":15,"enemies":"4 Shapes","floor":39,"turns":2},{"damage":2,"enemies":"Giant Head","floor":41,"turns":5},{"damage":4,"enemies":"3 Darklings","floor":44,"turns":2},{"damage":1,"enemies":"Sphere and 2 Shapes","floor":45,"turns":2},{"damage":7,"enemies":"2 Orb Walkers","floor":48,"turns":2},{"damage":33,"enemies":"Awakened One","floor":50,"turns":5}],"event_choices":[{"event_name":"The Cleric","player_choice":"Card Removal","floor":2,"damage_taken":0},{"event_name":"Big Fish","player_choice":"Box","floor":3,"damage_taken":0},{"event_name":"Shining Light","player_choice":"Entered Light","floor":4,"damage_taken":0},{"event_name":"The Lab","player_choice":"Got Potions","floor":30,"damage_taken":0},{"event_name":"Tomb of Lord Red Mask","player_choice":"Ignored","floor":46,"damage_taken":0}],"boss_relics":[{"not_picked":["Runic Dome","Astrolabe"],"picked":"Sozu"},{"not_picked":["Tiny House","Orrery"],"picked":"Black Star"}],"potions_floor_spawned":[1,8,13,19,22,28,31,37,44,45,48],"seed_played":"2308081983426786839","ascension_level":0,"is_trial":false}