{"gold_per_floor":[361,361,31,31,47,47,78,89,116,127,147,178,178,178,178,178],"floor_reached":16,"playtime":627,"items_purged":["Regret"],"score":220,"play_id":"91b89123-0ada-4deb-b9ab-35ec16b6cc99","local_time":"20181218205242","is_ascension_mode":true,"campfire_choices":[{"data":"Bouncing Flask","floor":6.0,"key":"SMITH"},{"floor":15.0,"key":"REST"}],"neow_cost":"PERCENT_DAMAGE","seed_source_timestamp":19831337599004,"circlet_count":0,"master_deck":["AscendersBane","Defend_G","Defend_G","Defend_G","Defend_G","Defend_G","Strike_G+1","Strike_G+1","Strike_G","Strike_G","Strike_G","Survivor","Neutralize","Deadly Poison","Bouncing Flask+1","Deadly Poison","Well Laid Plans","Deflect"],"special_seed":0,"relics":["Ring of the Snake","Art of War","Snake Skull","Whetstone","Boot","Happy Flower"],"potions_floor_usage":[],"damage_taken":[{"damage":0.0,"enemies":"Jaw Worm","floor":1.0,"turns":5.0},{"damage":10.0,"enemies":"Small Slimes","floor":5.0,"turns":4.0},{"damage":8.0,"enemies":"Gremlin Nob","floor":7.0,"turns":3.0},{"damage":1.0,"enemies":"2 Louse","floor":8.0,"turns":3.0},{"damage":6.0,"enemies":"Looter","floor":10.0,"turns":3.0},{"damage":9.0,"enemies":"Exordium Thugs","floor":11.0,"turns":4.0},{"damage":5.0,"enemies":"Lagavulin","floor":12.0,"turns":5.0},{"damage":31,"enemies":"The Guardian","floor":16,"turns":2}],"seed_played":"-4374686263756273322","potions_obtained":[{"floor":7.0,"key":"Weak Potion"},{"floor":8.0,"key":"PowerPotion"}],"is_trial":false,"path_per_floor":["M","?","$","?","M","R","E","M","T","M","M","E","?","?","R","B"],"character_chosen":"THE_SILENT","items_purchased":["Snake Skull","Bouncing Flask"],"campfire_rested":1,"item_purchase_floors":[3,3],"current_hp_per_floor":[44,44,44,44,34,34,26,25,25,19,10,5,5,5,24,0],"gold":178,"neow_bonus":"TWO_FIFTY_GOLD","is_prod":false,"is_daily":false,"chose_seed":false,"campfire_upgraded":1,"win_rate":0,"timestamp":1545162762,"path_taken":["M","?","$","?","M","R","E","M","T","M","M","E","?","?","R","BOSS"],"build_version":"2018-12-13","purchased_purges":1,"victory":false,"max_hp_per_floor":[66,66,66,66,66,66,66,66,66,66,66,66,66,66,66,66],"card_choices":[{"not_picked":["Sucker Punch","Escape Plan"],"picked":"Deadly Poison","floor":1.0},{"not_picked":["Eviscerate","Flying Knee"],"picked":"Dagger Spray","floor":5.0},{"not_picked":["Bane","Sucker Punch","Accuracy"],"picked":"SKIP","floor":7.0},{"not_picked":["Heel Hook","Choke"],"picked":"Deadly Poison","floor":8.0},{"not_picked":["Cloak And Dagger","Quick Slash"],"picked":"Well Laid Plans","floor":10.0},{"not_picked":["Underhanded Strike","Setup","Distraction"],"picked":"SKIP","floor":11.0},{"not_picked":["Underhanded Strike","Setup","Distraction"],"picked":"SKIP","floor":11.0},{"not_picked":["Deadly Poison","Cloak And Dagger"],"picked":"Deflect","floor":12.0}],"player_experience":1886202,"relics_obtained":[{"floor":7.0,"key":"Whetstone"},{"floor":12.0,"key":"Boot"}],"event_choices":[{"damage_healed":0.0,"max_hp_gain":0.0,"max_hp_loss":0.0,"gold_gain":0.0,"event_name":"Big Fish","player_choice":"Box","floor":2.0,"gold_loss":0.0,"damage_taken":0.0,"relics_obtained":["Art of War"],"cards_obtained":["Regret"]},{"damage_healed":0.0,"max_hp_gain":0.0,"max_hp_loss":0.0,"gold_gain":0.0,"event_name":"Liars Game","player_choice":"Ignored","floor":4.0,"gold_loss":0.0,"damage_taken":0.0},{"damage_healed":0.0,"max_hp_gain":0.0,"max_hp_loss":0.0,"gold_gain":0.0,"event_name":"Golden Wing","player_choice":"Ignored","floor":13.0,"gold_loss":0.0,"damage_taken":0.0},{"cards_removed":["Dagger Spray"],"damage_healed":0.0,"max_hp_gain":0.0,"max_hp_loss":0.0,"gold_gain":0.0,"event_name":"WeMeetAgain","player_choice":"Gave Card","floor":14.0,"gold_loss":0.0,"damage_taken":0.0,"relics_obtained":["Happy Flower"]}],"is_beta":false,"boss_relics":[],"items_purged_floors":[3],"is_endless":false,"potions_floor_spawned":[7,8],"killed_by":"The Guardian","ascension_level":20}