{"gold_per_floor":[115,128,403,418,418,418,429,447,471,102,115,133,108,124,124,124],"floor_reached":16,"playtime":1640,"items_purged":["Regret"],"score":134,"play_id":"bdf56ec3-a267-4c95-b3b7-4a05e527c850","local_time":"20190130112236","is_ascension_mode":true,"campfire_choices":[{"data":"Double Tap","floor":6,"key":"SMITH"},{"data":"Barricade","floor":15,"key":"SMITH"}],"neow_cost":"NONE","seed_source_timestamp":572777962743047,"circlet_count":0,"master_deck":["Strike_R","Strike_R","Strike_R","Strike_R","Strike_R","Defend_R","Defend_R","Defend_R","Defend_R","Bash","Double Tap+1","Spot Weakness","Flex","Perfected Strike","Rage","Burning Pact","Barricade+1","Pommel Strike","Shockwave","Armaments","Shrug It Off","Metallicize","Body Slam"],"relics":["Burning Blood","Bronze Scales","Prayer Wheel"],"potions_floor_usage":[14],"damage_taken":[{"damage":10,"enemies":"2 Louse","floor":1,"turns":3},{"damage":6,"enemies":"Cultist","floor":2,"turns":3},{"damage":5,"enemies":"Jaw Worm","floor":4,"turns":3},{"damage":12,"enemies":"2 Fungi Beasts","floor":7,"turns":4},{"damage":19,"enemies":"Exordium Thugs","floor":8,"turns":4},{"damage":13,"enemies":"Lots of Slimes","floor":11,"turns":4},{"damage":10,"enemies":"Blue Slaver","floor":12,"turns":3},{"damage":7,"enemies":"2 Fungi Beasts","floor":14,"turns":3},{"damage":46,"enemies":"Slime Boss","floor":16,"turns":5}],"seed_played":"8914890358982050356","potions_obtained":[{"floor":1,"key":"BloodPotion"},{"floor":2,"key":"Strength Potion"},{"floor":11,"key":"Poison Potion"}],"is_trial":false,"path_per_floor":["M","M","?","M","?","R","M","M","T","$","M","M","$","M","R","B"],"character_chosen":"IRONCLAD","items_purchased":["Prayer Wheel","Shrug It Off"],"campfire_rested":0,"item_purchase_floors":[10,13],"current_hp_per_floor":[68,68,68,69,69,69,63,50,50,50,43,39,39,46,46,0],"gold":124,"neow_bonus":"ONE_RANDOM_RARE_CARD","is_prod":false,"is_daily":false,"chose_seed":false,"campfire_upgraded":2,"win_rate":0,"timestamp":1548829356,"path_taken":["M","M","?","?","?","R","?","M","T","?","M","M","$","M","R","BOSS"],"build_version":"2019-01-23","purchased_purges":1,"victory":false,"max_hp_per_floor":[80,80,80,80,80,80,80,80,80,80,80,80,80,80,80,80],"card_choices":[{"not_picked":["Clothesline","Burning Pact"],"picked":"Spot Weakness","floor":1},{"not_picked":["Sword Boomerang","Warcry"],"picked":"Flex","floor":2},{"not_picked":["Hemokinesis","Twin Strike"],"picked":"Perfected Strike","floor":4},{"not_picked":["Thunderclap","Flex"],"picked":"Rage","floor":7},{"not_picked":["Headbutt","Havoc"],"picked":"Burning Pact","floor":8},{"not_picked":["Havoc","Cleave"],"picked":"Barricade","floor":11},{"not_picked":["Wild Strike","Searing Blow"],"picked":"Pommel Strike","floor":11},{"not_picked":["Clothesline","Flex"],"picked":"Shockwave","floor":12},{"not_picked":["Rampage","Twin Strike"],"picked":"Armaments","floor":12},{"not_picked":["Armaments","Headbutt"],"picked":"Metallicize","floor":14},{"not_picked":["Anger","Heavy Blade"],"picked":"Body Slam","floor":14}],"player_experience":286985,"relics_obtained":[{"floor":9,"key":"Bronze Scales"}],"event_choices":[{"damage_healed":0,"gold_gain":275,"player_choice":"Desecrate","damage_taken":0,"max_hp_gain":0,"max_hp_loss":0,"event_name":"Golden Shrine","floor":3,"gold_loss":0,"cards_obtained":["Regret"]},{"damage_healed":0,"gold_gain":0,"player_choice":"Bought 0 Potions","damage_taken":0,"max_hp_gain":0,"max_hp_loss":0,"event_name":"The Woman in Blue","floor":5,"gold_loss":0}],"is_beta":false,"boss_relics":[],"items_purged_floors":[10],"is_endless":false,"potions_floor_spawned":[1,2,11],"killed_by":"Slime Boss","ascension_level":8}