{"gold_per_floor":[116,135,62,62,62,62,79,79,129,129,54,80,80,90,90,193,193,211,228,253,2,14,26,66,78,90,121,133,158,170,107,119,226,288,314,326,39,54,103,138,138,158,181,206,223,223,223,235,235,235],"floor_reached":51,"playtime":2473,"items_purged":["Strike_R","Strike_R","Strike_R"],"score":716,"play_id":"4cc0ec10-0488-4994-a8d1-7752a36ea328","local_time":"20181022222450","is_ascension_mode":false,"campfire_choices":[{"data":"Inflame","floor":6.0,"key":"SMITH"},{"data":"Flame Barrier","floor":10.0,"key":"SMITH"},{"data":"Bash","floor":13.0,"key":"SMITH"},{"data":"Cleave","floor":15.0,"key":"SMITH"},{"data":"Double Tap","floor":23.0,"key":"SMITH"},{"data":"True Grit","floor":25.0,"key":"SMITH"},{"data":"Defend_R","floor":30.0,"key":"SMITH"},{"floor":32.0,"key":"REST"},{"data":"Sword Boomerang","floor":41.0,"key":"SMITH"},{"floor":47,"key":"REST"},{"floor":49,"key":"REST"}],"neow_cost":"NONE","seed_source_timestamp":93584139409953,"circlet_count":0,"master_deck":["Strike_R+1","Defend_R+1","Defend_R+1","Defend_R+1","Bash+1","Flame Barrier+1","True Grit+1","Inflame+1","Cleave+1","Metallicize+1","Double Tap+1","True Grit+1","Shockwave+1","Demon Form+1","Battle Trance+1","Sword Boomerang+1","Thunderclap+1","Immolate+1","Inflame+1","Body Slam+1","Rampage+1","Barricade+1"],"special_seed":0,"relics":["Runic Pyramid","Gremlin Horn","Juzu Bracelet","Frozen Egg 2","Mark of Pain","Blood Vial","MawBank","Gambling Chip","War Paint","Bottled Tornado","Tiny House","Incense Burner","FossilizedHelix","Ice Cream","Ancient Tea Set","Lantern"],"potions_floor_usage":[50,50,50],"damage_taken":[{"damage":3.0,"enemies":"Jaw Worm","floor":1.0,"turns":6.0},{"damage":2.0,"enemies":"Small Slimes","floor":2.0,"turns":4.0},{"damage":0.0,"enemies":"Cultist","floor":7.0,"turns":4.0},{"damage":11.0,"enemies":"Lagavulin","floor":12.0,"turns":6.0},{"damage":1.0,"enemies":"Exordium Thugs","floor":14.0,"turns":4.0},{"damage":7.0,"enemies":"The Guardian","floor":16.0,"turns":12.0},{"damage":5.0,"enemies":"3 Byrds","floor":18.0,"turns":5.0},{"damage":6.0,"enemies":"Spheric Guardian","floor":19.0,"turns":6.0},{"damage":18.0,"enemies":"Book of Stabbing","floor":24.0,"turns":7.0},{"damage":0.0,"enemies":"3 Cultists","floor":27.0,"turns":3.0},{"damage":0.0,"enemies":"Snake Plant","floor":29.0,"turns":6.0},{"damage":4.0,"enemies":"Collector","floor":33.0,"turns":6.0},{"damage":1.0,"enemies":"Orb Walker","floor":35.0,"turns":4.0},{"damage":0.0,"enemies":"Mind Bloom Boss Battle","floor":36.0,"turns":5.0},{"damage":8.0,"enemies":"3 Darklings","floor":38.0,"turns":5.0},{"damage":29.0,"enemies":"2 Orb Walkers","floor":39.0,"turns":4.0},{"damage":0.0,"enemies":"Nemesis","floor":40.0,"turns":5.0},{"damage":3.0,"enemies":"Writhing Mass","floor":42.0,"turns":4.0},{"damage":7.0,"enemies":"4 Shapes","floor":45.0,"turns":4.0},{"damage":0,"enemies":"3 Darklings","floor":48,"turns":2},{"damage":22,"enemies":"Donu and Deca","floor":50,"turns":5}],"seed_played":"-1184443953536502627","potions_obtained":[{"floor":1.0,"key":"Regen Potion"},{"floor":2.0,"key":"FearPotion"},{"floor":12.0,"key":"Weak Potion"},{"floor":24.0,"key":"SteroidPotion"},{"floor":33.0,"key":"AttackPotion"},{"floor":35.0,"key":"SkillPotion"},{"floor":42.0,"key":"Ancient Potion"},{"floor":45.0,"key":"Explosive Potion"},{"floor":48,"key":"Dexterity Potion"}],"is_trial":false,"path_per_floor":["M","M","$","?","T","R","M","?","T","R","$","E","R","M","R","B",null,"M","M","T","$","T","R","E","R","T","M","?","M","R","?","R","B",null,"M","?","$","M","?","E","R","M","T","T","M","?","R","M","R","B"],"character_chosen":"IRONCLAD","items_purchased":["Inflame","MawBank","Immolate","Inflame+1"],"campfire_rested":3,"item_purchase_floors":[3,21,37,37],"current_hp_per_floor":[77,75,75,75,75,75,75,80,80,80,80,69,69,68,68,61,85,80,74,74,74,74,74,58,58,58,60,60,62,62,62,85,81,90,89,90,90,82,55,57,57,56,56,56,60,60,87,89,90,68],"gold":235,"neow_bonus":"BOSS_RELIC","is_prod":false,"is_daily":false,"chose_seed":false,"campfire_upgraded":8,"win_rate":0,"timestamp":1540239890,"path_taken":["M","M","$","?","?","R","M","?","T","R","?","E","R","M","R","BOSS","M","M","?","$","?","R","E","R","T","M","?","M","R","?","R","BOSS","M","?","$","M","?","E","R","M","T","?","M","?","R","M","R","BOSS"],"build_version":"2018-10-18","purchased_purges":3,"victory":true,"max_hp_per_floor":[80,80,80,80,80,80,80,85,85,85,85,85,85,85,85,85,85,85,85,85,85,85,85,85,85,85,85,85,85,85,85,85,85,90,90,90,90,90,90,90,90,90,90,90,90,90,90,90,90,90],"card_choices":[{"not_picked":["Metallicize","Burning Pact"],"picked":"Flame Barrier","floor":1.0},{"not_picked":["Shrug It Off","Burning Pact"],"picked":"True Grit","floor":2.0},{"not_picked":["Power Through","Second Wind"],"picked":"Cleave","floor":7.0},{"not_picked":["Wild Strike","Intimidate"],"picked":"Metallicize","floor":12.0},{"not_picked":["Dropkick","Armaments","Clash"],"picked":"SKIP","floor":14.0},{"not_picked":["Impervious","Feed"],"picked":"Double Tap","floor":16.0},{"not_picked":["Iron Wave+1","Pummel"],"picked":"True Grit","floor":18.0},{"not_picked":["Heavy Blade","Seeing Red"],"picked":"Shockwave+1","floor":19.0},{"not_picked":["Clothesline+1","Shockwave+1"],"picked":"Demon Form+1","floor":24.0},{"not_picked":["Corruption+1","Spot Weakness+1"],"picked":"Battle Trance+1","floor":27.0},{"not_picked":["Cleave+1","Wild Strike","Pommel Strike+1"],"picked":"SKIP","floor":29.0},{"not_picked":["Power Through+1","Iron Wave"],"picked":"Sword Boomerang","floor":34.0},{"not_picked":["Ghostly Armor","Armaments+1"],"picked":"Thunderclap+1","floor":35.0},{"not_picked":["Pommel Strike+1","Warcry"],"picked":"Body Slam+1","floor":38.0},{"not_picked":["Disarm+1","Fire Breathing+1"],"picked":"Rampage+1","floor":39.0},{"not_picked":["Reckless Charge","Uppercut+1","Blood for Blood"],"picked":"SKIP","floor":40.0},{"not_picked":["Bloodletting+1","Wild Strike+1","Carnage+1"],"picked":"SKIP","floor":42.0},{"not_picked":["Warcry+1","Flex+1","Seeing Red"],"picked":"SKIP","floor":45.0},{"not_picked":["Blood for Blood","Pommel Strike+1"],"picked":"Barricade+1","floor":48}],"player_experience":1020820,"relics_obtained":[{"floor":5.0,"key":"Gremlin Horn"},{"floor":9.0,"key":"Juzu Bracelet"},{"floor":12.0,"key":"Frozen Egg 2"},{"floor":20.0,"key":"Blood Vial"},{"floor":22.0,"key":"Gambling Chip"},{"floor":24.0,"key":"War Paint"},{"floor":26.0,"key":"Bottled Tornado"},{"floor":36.0,"key":"Incense Burner"},{"floor":39.0,"key":"FossilizedHelix"},{"floor":40.0,"key":"Ice Cream"},{"floor":43.0,"key":"Ancient Tea Set"},{"floor":44.0,"key":"Lantern"}],"event_choices":[{"damage_healed":0.0,"max_hp_gain":0.0,"max_hp_loss":0.0,"gold_gain":0.0,"event_name":"Living Wall","player_choice":"Grow","floor":4.0,"gold_loss":0.0,"damage_taken":0.0,"cards_upgraded":["True Grit"]},{"damage_healed":0.0,"max_hp_gain":5.0,"max_hp_loss":0.0,"gold_gain":0.0,"event_name":"Big Fish","player_choice":"Donut","floor":8.0,"gold_loss":0.0,"damage_taken":0.0},{"cards_removed":["Defend_R"],"damage_healed":0.0,"max_hp_gain":0.0,"max_hp_loss":0.0,"gold_gain":0.0,"event_name":"Bonfire Elementals","player_choice":"Offered Basic","floor":28.0,"gold_loss":0.0,"damage_taken":0.0},{"cards_removed":["Strike_R"],"damage_healed":0.0,"max_hp_gain":0.0,"max_hp_loss":0.0,"gold_gain":0.0,"event_name":"Beggar","player_choice":"Gave Gold","floor":31.0,"gold_loss":75.0,"damage_taken":0.0},{"damage_healed":0.0,"max_hp_gain":0.0,"max_hp_loss":0.0,"gold_gain":0.0,"event_name":"MindBloom","player_choice":"Fight","floor":36.0,"gold_loss":0.0,"damage_taken":0.0},{"damage_healed":0.0,"max_hp_gain":0.0,"max_hp_loss":0.0,"gold_gain":0.0,"event_name":"Mysterious Sphere","player_choice":"Fight","floor":39.0,"gold_loss":0.0,"damage_taken":0.0},{"damage_healed":0,"gold_gain":0,"player_choice":"Forge","damage_taken":0,"max_hp_gain":0,"max_hp_loss":0,"event_name":"Accursed Blacksmith","floor":46,"gold_loss":0,"cards_upgraded":["Immolate"]}],"is_beta":false,"boss_relics":[{"not_picked":["Runic Dome","Pandora\u0027s Box"],"picked":"Mark of Pain"},{"not_picked":["Velvet Choker","Empty Cage"],"picked":"Tiny House"}],"items_purged_floors":[11,21,37],"is_endless":false,"potions_floor_spawned":[1,2,12,19,24,29,33,35,36,42,45,48],"ascension_level":0}