{"path_per_floor":["M","M","$","M","M","E","R","M","T","$","M","?","R","?","R","B",null,"M","M","?","$","?","R","E","R","T","$","M","R","M","M","R","B",null,"M","M","?","M","M","R","E","M","T","?","M","?","R","?","R"],"character_chosen":"IRONCLAD","items_purchased":["Flame Barrier","Flex","Shrug It Off"],"gold_per_floor":[110,129,54,74,90,118,118,138,163,42,61,61,61,61,61,163,163,163,163,163,63,63,63,63,63,63,14,14,14,14,14,14,14,14,14,14,14,14,14,14,14,14,14,14,14,0,0,0,0],"floor_reached":50,"campfire_rested":2,"playtime":2309,"current_hp_per_floor":[80,80,80,80,80,70,70,73,80,80,82,82,82,70,70,54,87,81,72,72,72,72,72,53,53,53,53,41,67,73,77,77,74,92,88,92,80,74,63,90,92,88,88,88,76,76,76,76,76],"items_purged":["Strike_R","Regret"],"gold":0,"score":544,"play_id":"69466de3-d8df-4b2c-b60f-2001b39b1ad7","local_time":"20180316213144","is_prod":false,"is_daily":false,"is_ascension_mode":false,"campfire_upgraded":8,"timestamp":1521232304,"path_taken":["M","M","$","M","M","E","R","M","T","$","?","?","R","?","R","BOSS","M","?","?","$","?","R","E","R","T","$","M","R","M","M","R","BOSS","M","M","?","M","?","R","E","?","T","?","M","?","R","?","R","BOSS"],"build_version":"2018-03-15v2","purchased_purges":2,"victory":false,"master_deck":["Strike_R+1","Strike_R+1","Strike_R+1","Strike_R+1","Defend_R+1","Defend_R+1","Defend_R+1","Defend_R+1","Bash+1","True Grit+1","Body Slam+1","Flame Barrier+1","Clothesline","Twin Strike","Sword Boomerang+1","Flex","Spot Weakness+1","Limit Break+1","Heavy Blade+1","Shrug It Off+1","Inflame+1","Shrug It Off","Body Slam+1","Madness","Madness+1","Ghostly Armor+1","Normality"],"max_hp_per_floor":[80,80,80,80,80,80,80,80,87,87,87,87,87,87,87,87,87,87,87,87,87,87,87,87,87,87,87,87,87,87,87,87,87,92,92,92,92,92,92,92,92,92,92,92,92,92,92,92,92],"relics":["Burning Blood","War Paint","Strawberry","Vajra","Bronze Scales","Ectoplasm","Gremlin Horn","Ancient Tea Set","Tiny House","Prayer Wheel","Dream Catcher","Regal Pillow","Red Mask"],"card_choices":[{"not_picked":["Bloodletting","Heavy Blade"],"picked":"True Grit"},{"not_picked":["Iron Wave","Armaments"],"picked":"Body Slam"},{"not_picked":["Heavy Blade","Clash"],"picked":"Clothesline"},{"not_picked":["Evolve","Dropkick"],"picked":"Twin Strike"},{"not_picked":["Pummel","Armaments"],"picked":"Sword Boomerang"},{"not_picked":["True Grit","Limit Break"],"picked":"Spot Weakness"},{"not_picked":["Impervious","Dark Embrace"],"picked":"Limit Break"},{"not_picked":["Burning Pact","Iron Wave"],"picked":"Heavy Blade"},{"not_picked":["Clothesline","Warcry"],"picked":"Spot Weakness"},{"not_picked":["Battle Trance","Burning Pact"],"picked":"Inflame"},{"not_picked":["Iron Wave","Heavy Blade"],"picked":"Shrug It Off"},{"not_picked":["Disarm","Corruption"],"picked":"Body Slam"},{"not_picked":["Iron Wave","Dual Wield"],"picked":"Ghostly Armor"}],"player_experience":103488,"potions_floor_usage":[6,6,11,24,24,31,33,38,39,42,50],"damage_taken":[{"damage":6,"enemies":"Cultist","floor":1,"turns":3},{"damage":1,"enemies":"Jaw Worm","floor":2,"turns":3},{"damage":0,"enemies":"2 Louse","floor":4,"turns":3},{"damage":4,"enemies":"Blue Slaver","floor":5,"turns":4},{"damage":16,"enemies":"Lagavulin","floor":6,"turns":6},{"damage":3,"enemies":"Large Slime","floor":8,"turns":8},{"damage":4,"enemies":"Lots of Slimes","floor":11,"turns":3},{"damage":22,"enemies":"Slime Boss","floor":16,"turns":10},{"damage":12,"enemies":"Spheric Guardian","floor":18,"turns":4},{"damage":15,"enemies":"3 Byrds","floor":19,"turns":3},{"damage":25,"enemies":"Slavers","floor":24,"turns":4},{"damage":18,"enemies":"Snake Plant","floor":28,"turns":3},{"damage":0,"enemies":"Cultist and Chosen","floor":30,"turns":5},{"damage":2,"enemies":"3 Cultists","floor":31,"turns":4},{"damage":9,"enemies":"Champ","floor":33,"turns":6},{"damage":10,"enemies":"3 Darklings","floor":35,"turns":4},{"damage":0,"enemies":"3 Shapes","floor":36,"turns":4},{"damage":12,"enemies":"3 Darklings","floor":38,"turns":3},{"damage":17,"enemies":"Maw","floor":39,"turns":7},{"damage":0,"enemies":"2 Orb Walkers","floor":41,"turns":4},{"damage":10,"enemies":"4 Shapes","floor":42,"turns":4},{"damage":18,"enemies":"3 Darklings","floor":45,"turns":4},{"damage":91,"enemies":"Time Eater","floor":50,"turns":7}],"event_choices":[{"event_name":"Big Fish","player_choice":"Box","floor":12,"damage_taken":0},{"event_name":"Scrap Ooze","player_choice":"success","floor":14,"damage_taken":12},{"event_name":"Back to Basics","player_choice":"Simplicity","floor":20,"damage_taken":0},{"event_name":"Vampires","player_choice":"Ignored","floor":22,"damage_taken":0},{"event_name":"Winding Halls","player_choice":"Embrace Madness","floor":37,"damage_taken":0},{"event_name":"Accursed Blacksmith","player_choice":"Rummage","floor":44,"damage_taken":0},{"event_name":"Tomb of Lord Red Mask","player_choice":"Paid","floor":46,"damage_taken":0}],"boss_relics":[{"not_picked":["White Beast Statue","Calling Bell"],"picked":"Ectoplasm"},{"not_picked":["Runic Dome","Orrery"],"picked":"Tiny House"}],"potions_floor_spawned":[1,5,8,11,18,19,28,36,39,41,42],"seed_played":"-5011486945521264239","killed_by":"Time Eater","ascension_level":0,"is_trial":false}