{"gold_per_floor":[110,285,299,299,299,320,338,356,380,47,70,83,83,103,103,231,231,254,269,22,22,46,46,67,67,67,91,114,130,130],"floor_reached":30,"playtime":2077,"items_purged":["Doubt","Injury"],"score":230,"play_id":"09d28f4b-36b0-4b0a-8621-f98fe06c4d21","local_time":"20181123031412","is_ascension_mode":false,"campfire_choices":[{"floor":15,"key":"REST"},{"floor":23,"key":"REST"},{"floor":25,"key":"REST"}],"neow_cost":"NONE","seed_source_timestamp":642097125337975,"circlet_count":0,"master_deck":["Defend_G","Defend_G","Defend_G","Defend_G","Strike_G","Strike_G","Strike_G","Strike_G","Survivor","Neutralize","Glass Knife","Catalyst","Bouncing Flask","Poisoned Stab","Poisoned Stab","Slice","Crippling Poison","Bane","Parasite","Leg Sweep","Burst","Deadly Poison","Dagger Spray","Strike_R","Infinite Blades","Bouncing Flask+1","Slice","Riddle With Holes+1","Backflip"],"relics":["Ring of the Snake","Golden Idol","PreservedInsect","Pantograph","Busted Crown","Dream Catcher","Mercury Hourglass"],"potions_floor_usage":[7,8,14,16,18,22,27,29],"damage_taken":[{"damage":0,"enemies":"2 Louse","floor":1,"turns":1},{"damage":0,"enemies":"Jaw Worm","floor":3,"turns":5},{"damage":0,"enemies":"Cultist","floor":6,"turns":4},{"damage":27,"enemies":"Exordium Wildlife","floor":7,"turns":4},{"damage":10,"enemies":"Lots of Slimes","floor":8,"turns":4},{"damage":3,"enemies":"3 Louse","floor":11,"turns":4},{"damage":2,"enemies":"Looter","floor":12,"turns":2},{"damage":11,"enemies":"Gremlin Gang","floor":14,"turns":4},{"damage":30,"enemies":"The Guardian","floor":16,"turns":9},{"damage":17,"enemies":"2 Thieves","floor":18,"turns":4},{"damage":0,"enemies":"Chosen","floor":19,"turns":4},{"damage":35,"enemies":"Shelled Parasite and Fungi","floor":22,"turns":4},{"damage":14,"enemies":"Snake Plant","floor":24,"turns":4},{"damage":8,"enemies":"Cultist and Chosen","floor":27,"turns":4},{"damage":30,"enemies":"Snecko","floor":28,"turns":5},{"damage":5,"enemies":"Snake Plant","floor":29,"turns":3},{"damage":4,"enemies":"Centurion and Healer","floor":30,"turns":2}],"seed_played":"1556407048834203653","potions_obtained":[{"floor":3,"key":"Dexterity Potion"},{"floor":6,"key":"Swift Potion"},{"floor":12,"key":"Block Potion"},{"floor":14,"key":"Dexterity Potion"},{"floor":16,"key":"Fire Potion"},{"floor":18,"key":"EssenceOfSteel"},{"floor":24,"key":"Fire Potion"},{"floor":28,"key":"SkillPotion"}],"is_trial":false,"path_per_floor":["M","?","M","?","?","M","M","M","T","$","M","M","?","M","R","B",null,"M","M","$","?","M","R","M","R","T","M","M","M","M"],"character_chosen":"THE_SILENT","items_purchased":["Pantograph","Dream Catcher"],"campfire_rested":3,"item_purchase_floors":[10,20],"current_hp_per_floor":[70,70,70,70,75,75,48,38,38,38,35,33,51,40,62,45,75,58,58,58,58,23,45,31,53,53,45,15,10,6],"gold":130,"neow_bonus":"TRANSFORM_CARD","is_prod":false,"is_daily":false,"chose_seed":false,"campfire_upgraded":0,"win_rate":0.0,"timestamp":1542896052,"path_taken":["M","?","M","?","?","M","M","M","T","?","M","M","?","M","R","BOSS","M","M","$","?","M","R","M","R","T","M","M","?","M"],"build_version":"2018-11-15","purchased_purges":2,"victory":false,"max_hp_per_floor":[70,70,70,70,75,75,75,75,75,75,75,75,75,75,75,75,75,75,75,75,75,75,75,75,75,75,75,75,75,75],"card_choices":[{"not_picked":["Prepared","PiercingWail"],"picked":"Catalyst","floor":1},{"not_picked":["PiercingWail","Dagger Spray"],"picked":"Bouncing Flask","floor":3},{"not_picked":["Dodge and Roll","Infinite Blades"],"picked":"Poisoned Stab","floor":6},{"not_picked":["Storm of Steel","Backflip"],"picked":"Poisoned Stab","floor":7},{"not_picked":["Underhanded Strike","Riddle With Holes"],"picked":"Slice","floor":8},{"not_picked":["Bane","Dagger Spray"],"picked":"Crippling Poison","floor":11},{"not_picked":["Poisoned Stab","Dodge and Roll"],"picked":"Bane","floor":12},{"not_picked":["Endless Agony","Prepared"],"picked":"Leg Sweep","floor":14},{"not_picked":["A Thousand Cuts","Wraith Form v2"],"picked":"Burst","floor":16},{"not_picked":[],"picked":"Deadly Poison","floor":18},{"not_picked":[],"picked":"Dagger Spray","floor":19},{"not_picked":["Dodge and Roll"],"picked":"SKIP","floor":22},{"not_picked":[],"picked":"Infinite Blades","floor":23},{"not_picked":[],"picked":"Bouncing Flask+1","floor":24},{"not_picked":[],"picked":"Slice","floor":25},{"not_picked":["Dodge and Roll"],"picked":"SKIP","floor":27},{"not_picked":[],"picked":"Riddle With Holes+1","floor":28},{"not_picked":[],"picked":"Backflip","floor":29}],"player_experience":337401,"relics_obtained":[{"floor":9,"key":"PreservedInsect"},{"floor":26,"key":"Mercury Hourglass"}],"event_choices":[{"damage_healed":0,"gold_gain":175,"player_choice":"AGREE","damage_taken":0,"max_hp_gain":0,"max_hp_loss":0,"event_name":"Liars Game","floor":2,"gold_loss":0,"cards_obtained":["Doubt"]},{"damage_healed":0,"gold_gain":0,"player_choice":"Take Wound","damage_taken":0,"relics_obtained":["Golden Idol"],"max_hp_gain":0,"max_hp_loss":0,"event_name":"Golden Idol","floor":4,"gold_loss":0,"cards_obtained":["Injury"]},{"damage_healed":0,"gold_gain":0,"player_choice":"Donut","damage_taken":0,"max_hp_gain":5,"max_hp_loss":0,"event_name":"Big Fish","floor":5,"gold_loss":0},{"damage_healed":18,"gold_gain":0,"player_choice":"Healed and dodged fight","damage_taken":0,"max_hp_gain":0,"max_hp_loss":0,"event_name":"Mushrooms","floor":13,"gold_loss":0,"cards_obtained":["Parasite"]},{"cards_removed":["Strike_G"],"damage_healed":0,"gold_gain":0,"player_choice":"Took Card","damage_taken":0,"max_hp_gain":0,"max_hp_loss":0,"event_name":"NoteForYourself","floor":21,"gold_loss":0,"cards_obtained":["Strike_R"]}],"is_beta":false,"boss_relics":[{"not_picked":["HoveringKite","White Beast Statue"],"picked":"Busted Crown"}],"items_purged_floors":[10,20],"is_endless":false,"potions_floor_spawned":[3,6,12,14,16,18,24,28],"killed_by":"Centurion and Healer","ascension_level":0}