{"gold_per_floor":[119,133,133,208,208,208,224,224,224,224,245,26,51,75,75,196,196,229,69,87,87,87,125,125,72,99,99,99,122,122,142,142,261,261,276,296,421,421],"floor_reached":38,"playtime":3910,"items_purged":["Injury"],"score":384,"play_id":"6d2b42f9-67da-4b77-97d6-6780c478e55b","local_time":"20181216020738","is_ascension_mode":false,"campfire_choices":[{"floor":6,"key":"REST"},{"floor":8,"key":"REST"},{"data":"Distraction","floor":10,"key":"SMITH"},{"floor":15,"key":"REST"},{"floor":24,"key":"REST"},{"data":"Acrobatics","floor":27,"key":"SMITH"},{"data":"Catalyst","floor":30,"key":"SMITH"},{"floor":32,"key":"REST"}],"neow_cost":"NONE","seed_source_timestamp":631570461863476,"circlet_count":0,"master_deck":["Defend_G","Defend_G","Defend_G","Defend_G","Strike_G","Strike_G","Strike_G","Strike_G","Survivor","Neutralize","Deadly Poison","Crippling Poison","Distraction+1","Deadly Poison","Acrobatics","Outmaneuver+1","Transmutation+1","Escape Plan","Bouncing Flask","Wraith Form v2","Cloak And Dagger+1","Dagger Throw+1","Glass Knife+1","Bouncing Flask","Impatience","Poisoned Stab+1","Catalyst+1","Acrobatics+1","Reflex+1","Backflip+1","Doppelganger","Underhanded Strike","Reflex+1","Masterful Stab+1"],"relics":["HoveringKite","Golden Idol","Gremlin Horn","Astrolabe","War Paint","Centennial Puzzle","Enchiridion","Runic Pyramid","The Specimen"],"potions_floor_usage":[11,16,29,33,36],"damage_taken":[{"damage":24,"enemies":"Jaw Worm","floor":1,"turns":7},{"damage":12,"enemies":"2 Louse","floor":2,"turns":4},{"damage":0,"enemies":"Cultist","floor":7,"turns":4},{"damage":14,"enemies":"2 Fungi Beasts","floor":11,"turns":4},{"damage":39,"enemies":"Large Slime","floor":13,"turns":9},{"damage":0,"enemies":"Exordium Wildlife","floor":14,"turns":3},{"damage":18,"enemies":"Slime Boss","floor":16,"turns":10},{"damage":10,"enemies":"2 Thieves","floor":18,"turns":3},{"damage":1,"enemies":"3 Byrds","floor":20,"turns":4},{"damage":17,"enemies":"Gremlin Leader","floor":23,"turns":5},{"damage":5,"enemies":"Centurion and Healer","floor":29,"turns":4},{"damage":30,"enemies":"Chosen and Byrds","floor":31,"turns":6},{"damage":22,"enemies":"Automaton","floor":33,"turns":6},{"damage":2,"enemies":"Orb Walker","floor":35,"turns":3},{"damage":47,"enemies":"3 Darklings","floor":36,"turns":7},{"damage":4,"enemies":"Mind Bloom Boss Battle","floor":37,"turns":5},{"damage":25,"enemies":"Sphere and 2 Shapes","floor":38,"turns":3}],"seed_played":"-5979561483802412259","potions_obtained":[{"floor":2,"key":"SkillPotion"},{"floor":11,"key":"EssenceOfSteel"},{"floor":13,"key":"PowerPotion"},{"floor":23,"key":"Poison Potion"},{"floor":33,"key":"Dexterity Potion"},{"floor":35,"key":"Fire Potion"}],"is_trial":false,"path_per_floor":["M","M","?","?","?","R","M","R","T","R","M","$","M","M","R","B",null,"M","$","M","?","?","E","R","$","T","R","?","M","R","M","R","B",null,"M","M","?","M"],"character_chosen":"THE_SILENT","items_purchased":["Outmaneuver","Transmutation","Impatience","Acrobatics"],"campfire_rested":5,"item_purchase_floors":[12,12,19,25],"current_hp_per_floor":[46,34,34,23,23,44,44,65,65,65,51,51,12,12,33,15,70,60,60,59,59,59,42,63,63,63,63,47,42,42,12,33,11,70,68,21,17,0],"gold":421,"neow_bonus":"BOSS_RELIC","is_prod":false,"is_daily":false,"chose_seed":false,"campfire_upgraded":3,"win_rate":0.0,"timestamp":1544879258,"path_taken":["M","M","?","?","?","R","M","R","T","R","?","$","M","M","R","BOSS","M","$","M","?","?","E","R","?","T","R","?","M","R","M","R","BOSS","M","M","?","M"],"build_version":"2018-12-13","purchased_purges":1,"victory":false,"max_hp_per_floor":[70,70,70,70,70,70,70,70,70,70,70,70,70,70,70,70,70,70,70,70,70,70,70,70,70,70,70,70,70,70,70,70,70,70,70,70,70,70],"card_choices":[{"not_picked":["Prepared","Flying Knee"],"picked":"Deadly Poison","floor":1},{"not_picked":["Prepared","Dodge and Roll"],"picked":"Crippling Poison","floor":2},{"not_picked":["Flying Knee","Slice"],"picked":"Deadly Poison","floor":7},{"not_picked":["Blade Dance","Catalyst"],"picked":"Acrobatics","floor":11},{"not_picked":["Flying Knee","Poisoned Stab"],"picked":"Escape Plan","floor":13},{"not_picked":["Prepared","Deflect"],"picked":"Bouncing Flask","floor":14},{"not_picked":["Tools of the Trade","Venomology"],"picked":"Wraith Form v2","floor":16},{"not_picked":["Bane","Calculated Gamble"],"picked":"Bouncing Flask","floor":18},{"not_picked":["Footwork","Dagger Spray"],"picked":"Poisoned Stab+1","floor":20},{"not_picked":["Backstab","Sucker Punch"],"picked":"Catalyst","floor":23},{"not_picked":["Blade Dance","Underhanded Strike"],"picked":"Reflex+1","floor":29},{"not_picked":["PiercingWail","Cloak And Dagger"],"picked":"Backflip+1","floor":31},{"not_picked":["Malaise","Phantasmal Killer"],"picked":"Doppelganger","floor":33},{"not_picked":["Dagger Spray+1","Acrobatics+1"],"picked":"Underhanded Strike","floor":35},{"not_picked":["Bullet Time","PiercingWail+1"],"picked":"Reflex+1","floor":36},{"not_picked":["Acrobatics+1","Poisoned Stab+1"],"picked":"Masterful Stab+1","floor":37}],"player_experience":467972,"relics_obtained":[{"floor":9,"key":"Gremlin Horn"},{"floor":23,"key":"War Paint"},{"floor":26,"key":"Centennial Puzzle"},{"floor":28,"key":"Enchiridion"},{"floor":37,"key":"The Specimen"}],"event_choices":[{"damage_healed":0,"gold_gain":0,"player_choice":"Take Wound","damage_taken":0,"relics_obtained":["Golden Idol"],"max_hp_gain":0,"max_hp_loss":0,"event_name":"Golden Idol","floor":3,"gold_loss":0,"cards_obtained":["Injury"]},{"damage_healed":0,"gold_gain":75,"player_choice":"Gather Gold","damage_taken":11,"max_hp_gain":0,"max_hp_loss":0,"event_name":"World of Goop","floor":4,"gold_loss":0},{"damage_healed":0,"gold_gain":0,"player_choice":"2 cards matched","damage_taken":0,"max_hp_gain":0,"max_hp_loss":0,"event_name":"Match and Keep!","floor":5,"gold_loss":0,"cards_obtained":["Grand Finale","Distraction"]},{"damage_healed":0,"gold_gain":0,"player_choice":"Ignored","damage_taken":0,"max_hp_gain":0,"max_hp_loss":0,"event_name":"Ghosts","floor":21,"gold_loss":0},{"damage_healed":0,"gold_gain":0,"player_choice":"Ignored","damage_taken":0,"max_hp_gain":0,"max_hp_loss":0,"event_name":"Vampires","floor":22,"gold_loss":0},{"damage_healed":0,"gold_gain":0,"player_choice":"Obtained Book","damage_taken":16,"max_hp_gain":0,"max_hp_loss":0,"event_name":"Cursed Tome","floor":28,"gold_loss":0},{"damage_healed":0,"gold_gain":0,"player_choice":"Fight","damage_taken":0,"max_hp_gain":0,"max_hp_loss":0,"event_name":"MindBloom","floor":37,"gold_loss":0}],"is_beta":false,"boss_relics":[{"not_picked":["Sozu","Black Star"],"picked":"Astrolabe"},{"not_picked":["Calling Bell","Philosopher\u0027s Stone"],"picked":"Runic Pyramid"}],"items_purged_floors":[19],"is_endless":false,"potions_floor_spawned":[2,11,13,23,33,35],"killed_by":"Sphere and 2 Shapes","ascension_level":0}