{"path_per_floor":["M","T","M","M","M","R","E","?","T","?","R","$","M","M","R","B",null,"M","?","?","$","M","R","M","R","T","M","E","R","M","M","R","B",null,"M","?","?","M","M","$","E","R","T","R","M","M","R","M","R"],"character_chosen":"THE_SILENT","items_purchased":["Bronze Scales","Infinite Blades","Terror","Leg Sweep"],"gold_per_floor":[109,109,122,134,149,149,176,232,232,232,232,7,18,28,28,129,129,144,69,69,34,46,46,64,64,64,75,102,102,114,126,126,222,252,269,269,269,282,297,36,70,70,115,115,132,148,148,167,167,167],"floor_reached":50,"campfire_rested":5,"playtime":2331,"current_hp_per_floor":[69,69,69,69,61,61,57,48,48,36,36,36,36,36,57,57,70,59,59,43,43,43,43,34,34,34,26,26,26,26,24,45,15,75,66,66,66,62,59,59,13,13,20,44,32,11,35,35,59,0],"items_purged":["Strike_G","Strike_G"],"gold":167,"score":571,"play_id":"50712907-6c7f-429b-a984-db87d183256d","local_time":"20180425114644","is_prod":false,"is_daily":false,"chose_seed":false,"is_ascension_mode":false,"campfire_upgraded":6,"timestamp":1524649604,"path_taken":["M","?","M","M","?","R","E","?","T","?","R","?","M","?","R","BOSS","M","?","?","$","M","R","M","R","T","M","E","R","M","?","R","BOSS","M","?","?","M","M","$","E","R","T","R","M","M","R","M","R","BOSS"],"build_version":"2018-04-19","seed_source_timestamp":39530351926692,"purchased_purges":2,"victory":false,"master_deck":["Defend_G","Defend_G+1","Defend_G","Defend_G","Defend_G","Strike_G","Strike_G","Survivor","Neutralize","Doppelganger","Deadly Poison","Well Laid Plans","Cloak And Dagger+1","Backstab","Malaise+1","Slice","Blade Dance+1","Bane+1","Riddle With Holes","Sucker Punch","Infinite Blades","Bouncing Flask+1","Accuracy+1","Dagger Spray+1","Predator","Glass Knife+1","Burst","Backflip","Terror","Leg Sweep","Cloak And Dagger+1","Deadly Poison+1","Backflip+1","Cloak And Dagger+1"],"max_hp_per_floor":[70,70,70,70,70,70,70,70,70,70,70,70,70,70,70,70,70,70,70,70,70,70,70,70,70,70,70,70,70,70,70,70,70,75,75,75,75,75,75,75,75,75,82,82,82,82,82,82,82,82],"relics":["Ring of the Snake","Ginger","Ninja Scroll","Prayer Wheel","Dodecahedron","Centennial Puzzle","Bronze Scales","Sozu","Nilry\u0027s Codex","Ornamental Fan","Bottled Lightning","Tiny House","Pantograph","Strawberry"],"card_choices":[{"not_picked":["Outmaneuver","Concentrate"],"picked":"Deadly Poison","floor":1},{"not_picked":["Acrobatics","Eviscerate"],"picked":"Well Laid Plans","floor":3},{"not_picked":["Prepared","Blade Dance"],"picked":"Cloak And Dagger","floor":4},{"not_picked":["Bane","Choke"],"picked":"Backstab","floor":5},{"not_picked":["Blur","Quick Slash"],"picked":"Malaise","floor":7},{"not_picked":["Backflip","PiercingWail"],"picked":"Slice","floor":8},{"not_picked":["Dagger Throw","Crippling Poison"],"picked":"Blade Dance","floor":9},{"not_picked":["Riddle With Holes","Backflip"],"picked":"Bane","floor":13},{"not_picked":["Calculated Gamble","Reflex"],"picked":"Riddle With Holes","floor":14},{"not_picked":["Wraith Form v2","Night Terror"],"picked":"Venomology","floor":16},{"not_picked":["Bane","Masterful Stab"],"picked":"Sucker Punch","floor":18},{"not_picked":["Deadly Poison","Dodge and Roll"],"picked":"Bouncing Flask","floor":22},{"not_picked":["Choke","Predator"],"picked":"Accuracy","floor":24},{"not_picked":["Prepared","Deadly Poison"],"picked":"Dagger Spray","floor":26},{"not_picked":["Dagger Spray","Deadly Poison"],"picked":"Predator","floor":28},{"not_picked":["Catalyst","Predator"],"picked":"Glass Knife","floor":31},{"not_picked":["Wraith Form v2","Venomology"],"picked":"Burst","floor":33},{"not_picked":["Slice","Distraction"],"picked":"Backflip","floor":34},{"not_picked":["Escape Plan","Skewer"],"picked":"Cloak And Dagger","floor":41},{"not_picked":["Backflip","Slice"],"picked":"Deadly Poison","floor":43},{"not_picked":["Dagger Spray","Prepared"],"picked":"Backflip","floor":45},{"not_picked":["Underhanded Strike","Sucker Punch"],"picked":"Cloak And Dagger","floor":46}],"player_experience":557154,"potions_floor_usage":[7,8,28,28],"damage_taken":[{"damage":1,"enemies":"Cultist","floor":1,"turns":5},{"damage":0,"enemies":"Small Slimes","floor":3,"turns":3},{"damage":0,"enemies":"2 Louse","floor":4,"turns":2},{"damage":8,"enemies":"2 Fungi Beasts","floor":5,"turns":4},{"damage":4,"enemies":"Gremlin Nob","floor":7,"turns":3},{"damage":9,"enemies":"Gremlin Nob","floor":8,"turns":4},{"damage":0,"enemies":"Looter","floor":13,"turns":2},{"damage":0,"enemies":"Blue Slaver","floor":14,"turns":2},{"damage":0,"enemies":"Hexaghost","floor":16,"turns":10},{"damage":11,"enemies":"Spheric Guardian","floor":18,"turns":4},{"damage":0,"enemies":"3 Byrds","floor":22,"turns":3},{"damage":9,"enemies":"Centurion and Healer","floor":24,"turns":5},{"damage":8,"enemies":"3 Cultists","floor":27,"turns":5},{"damage":0,"enemies":"Book of Stabbing","floor":28,"turns":3},{"damage":0,"enemies":"Snake Plant","floor":30,"turns":3},{"damage":2,"enemies":"Slaver and Parasite","floor":31,"turns":5},{"damage":30,"enemies":"Collector","floor":33,"turns":11},{"damage":9,"enemies":"3 Darklings","floor":35,"turns":4},{"damage":4,"enemies":"Orb Walker","floor":38,"turns":4},{"damage":3,"enemies":"4 Shapes","floor":39,"turns":6},{"damage":46,"enemies":"Giant Head","floor":41,"turns":8},{"damage":12,"enemies":"Maw","floor":45,"turns":6},{"damage":21,"enemies":"3 Darklings","floor":46,"turns":5},{"damage":0,"enemies":"Sphere and 2 Shapes","floor":48,"turns":4},{"damage":84,"enemies":"Donu and Deca","floor":50,"turns":6}],"event_choices":[{"event_name":"Dead Adventurer","player_choice":"Searched \u00273\u0027 times","floor":8,"damage_taken":0},{"event_name":"Scrap Ooze","player_choice":"success","floor":10,"damage_taken":12},{"event_name":"Beggar","player_choice":"Gave Gold","floor":19,"damage_taken":0},{"event_name":"Cursed Tome","player_choice":"Obtained Book","floor":20,"damage_taken":0},{"event_name":"Tomb of Lord Red Mask","player_choice":"Ignored","floor":36,"damage_taken":0},{"event_name":"Upgrade Shrine","player_choice":"Upgraded","floor":37,"damage_taken":0}],"boss_relics":[{"not_picked":["Velvet Choker","Pandora\u0027s Box"],"picked":"Sozu"},{"not_picked":["Calling Bell","Philosopher\u0027s Stone"],"picked":"Tiny House"}],"potions_floor_spawned":[1,5,7,14,22,24,27,31,33,39,46],"seed_played":"-1712165848234806729","killed_by":"Donu and Deca","ascension_level":0,"is_trial":false}