{"gold_per_floor":[111,111,26,45,16,49,62,62,89,89,89,89,119,138,138,209,209,222,147,147,195,212,212,49,49],"floor_reached":25,"playtime":496,"items_purged":["Strike_B+1"],"score":514,"play_id":"afbbfc47-e681-49d9-bd77-03ae90d00617","local_time":"20190128110103","is_ascension_mode":true,"campfire_choices":[{"data":"Defragment","floor":8.0,"key":"SMITH"},{"data":"Go for the Eyes","floor":10.0,"key":"SMITH"},{"data":"Zap","floor":15.0,"key":"SMITH"},{"data":"Consume","floor":23,"key":"SMITH"}],"neow_cost":"NONE","seed_source_timestamp":3030803691259,"circlet_count":0,"master_deck":["AscendersBane","Defend_B+1","Defend_B+1","Defend_B+1","Defend_B+1","Zap+1","Dualcast","Rebound+1","Defragment+1","Conserve Battery","Go for the Eyes+1","Auto Shields","Cold Snap","Capacitor","Rainbow","Darkness","Consume+1","Loop"],"special_seed":0,"relics":["Cracked Core","NeowsBlessing","Strawberry","Juzu Bracelet","Bottled Tornado","Bag of Marbles","Empty Cage","Oddly Smooth Stone"],"potions_floor_usage":[16],"damage_taken":[{"damage":0.0,"enemies":"Small Slimes","floor":1.0,"turns":1.0},{"damage":0.0,"enemies":"Jaw Worm","floor":4.0,"turns":1.0},{"damage":0.0,"enemies":"Lagavulin","floor":6.0,"turns":1.0},{"damage":8.0,"enemies":"2 Louse","floor":7.0,"turns":2.0},{"damage":0.0,"enemies":"3 Sentries","floor":13.0,"turns":6.0},{"damage":8.0,"enemies":"Blue Slaver","floor":14.0,"turns":3.0},{"damage":5,"enemies":"Hexaghost","floor":16,"turns":9},{"damage":28,"enemies":"3 Byrds","floor":18,"turns":6},{"damage":23,"enemies":"Shell Parasite","floor":22,"turns":5},{"damage":33,"enemies":"Snecko","floor":25,"turns":6}],"seed_played":"-2915266151849492473","potions_obtained":[{"floor":1.0,"key":"Dexterity Potion"},{"floor":6.0,"key":"SkillPotion"},{"floor":13.0,"key":"LiquidBronze"},{"floor":16,"key":"Dexterity Potion"}],"is_trial":false,"path_per_floor":["M","?","$","M","$","E","M","R","T","R","?","T","E","M","R","B",null,"M","?","?","T","M","R","$","M"],"character_chosen":"DEFECT","items_purchased":["Defragment","Go for the Eyes","Loop"],"campfire_rested":0,"item_purchase_floors":[3,5,24],"current_hp_per_floor":[64,43,43,43,43,50,42,42,42,42,42,42,42,34,34,29,66,38,38,38,38,15,15,15,0],"gold":49,"neow_bonus":"THREE_ENEMY_KILL","is_prod":false,"is_daily":false,"chose_seed":false,"campfire_upgraded":4,"win_rate":0,"timestamp":1548640863,"path_taken":["M","?","$","M","$","E","M","R","T","R","?","?","E","M","R","BOSS","M","?","?","?","M","R","$","M"],"build_version":"2019-01-23","purchased_purges":1,"victory":false,"max_hp_per_floor":[71,71,71,71,71,78,78,78,78,78,78,78,78,78,78,78,78,78,78,78,78,78,78,78,78],"card_choices":[{"not_picked":["Storm","Gash"],"picked":"Rebound","floor":1.0},{"not_picked":["Force Field","Loop"],"picked":"Conserve Battery","floor":4.0},{"not_picked":["Sweeping Beam","Scrape"],"picked":"Auto Shields","floor":6.0},{"not_picked":["Tempest","Leap"],"picked":"Cold Snap","floor":7.0},{"not_picked":["Beam Cell","Gash"],"picked":"Capacitor","floor":13.0},{"not_picked":["Rebound","Hello World","All For One"],"picked":"SKIP","floor":14.0},{"not_picked":["Reboot","Thunder Strike"],"picked":"Rainbow","floor":16},{"not_picked":["Beam Cell","Static Discharge"],"picked":"Darkness","floor":18},{"not_picked":["Beam Cell","Hologram"],"picked":"Consume","floor":22}],"player_experience":997727,"relics_obtained":[{"floor":6.0,"key":"Strawberry"},{"floor":9.0,"key":"Juzu Bracelet"},{"floor":12.0,"key":"Bottled Tornado"},{"floor":13.0,"key":"Bag of Marbles"},{"floor":21,"key":"Oddly Smooth Stone"}],"event_choices":[{"damage_healed":0.0,"max_hp_gain":0.0,"max_hp_loss":0.0,"gold_gain":0.0,"event_name":"Shining Light","player_choice":"Entered Light","floor":2.0,"gold_loss":0.0,"damage_taken":21.0,"cards_upgraded":["Strike_B","Rebound"]},{"damage_healed":0.0,"max_hp_gain":0.0,"max_hp_loss":0.0,"gold_gain":0.0,"event_name":"Liars Game","player_choice":"Ignored","floor":11.0,"gold_loss":0.0,"damage_taken":0.0},{"cards_removed":["Strike_B"],"damage_healed":0,"gold_gain":0,"player_choice":"Gave Gold","damage_taken":0,"max_hp_gain":0,"max_hp_loss":0,"event_name":"Beggar","floor":19,"gold_loss":75},{"damage_healed":0,"gold_gain":0,"player_choice":"Simplicity","damage_taken":0,"max_hp_gain":0,"max_hp_loss":0,"event_name":"Back to Basics","floor":20,"gold_loss":0,"cards_upgraded":["Defend_B","Defend_B","Defend_B","Defend_B"]}],"is_beta":false,"boss_relics":[{"not_picked":["Black Star","Runic Dome"],"picked":"Empty Cage"}],"items_purged_floors":[24],"is_endless":false,"potions_floor_spawned":[1,6,13,16,22],"killed_by":"Snecko","ascension_level":20}