{"gold_per_floor":[115,190,207,31,46,46,78,78,130,143,174,191,206,225,225,225],"floor_reached":16,"playtime":1943,"items_purged":[],"score":228,"play_id":"b593fb40-a9c7-435e-8c53-84c49a64faac","local_time":"20181001204727","is_ascension_mode":true,"campfire_choices":[{"data":"Die Die Die","floor":6.0,"key":"SMITH"},{"floor":15.0,"key":"REST"}],"neow_cost":"TEN_PERCENT_HP_LOSS","seed_source_timestamp":8626878313190,"circlet_count":0,"master_deck":["Defend_G+1","Defend_G","Defend_G","Defend_G","Defend_G","Strike_G","Strike_G","Strike_G","Strike_G","Strike_G","Survivor","Neutralize","AscendersBane","Cloak And Dagger","Skewer","Footwork","Die Die Die+1","Blade Dance","Terror+1","Slice","PiercingWail+1","After Image","Crippling Poison","Choke"],"special_seed":0,"relics":["Ring of the Snake","Gambling Chip","Oddly Smooth Stone","Ancient Tea Set","War Paint"],"potions_floor_usage":[],"damage_taken":[{"damage":3.0,"enemies":"Small Slimes","floor":1.0,"turns":6.0},{"damage":3.0,"enemies":"Cultist","floor":3.0,"turns":5.0},{"damage":0.0,"enemies":"Jaw Worm","floor":5.0,"turns":4.0},{"damage":17.0,"enemies":"3 Sentries","floor":7.0,"turns":10.0},{"damage":1.0,"enemies":"Blue Slaver","floor":10.0,"turns":3.0},{"damage":8.0,"enemies":"Gremlin Nob","floor":11.0,"turns":3.0},{"damage":1.0,"enemies":"Large Slime","floor":12.0,"turns":5.0},{"damage":1.0,"enemies":"Gremlin Gang","floor":13.0,"turns":4.0},{"damage":0.0,"enemies":"3 Louse","floor":14.0,"turns":1.0},{"damage":37,"enemies":"Slime Boss","floor":16,"turns":9}],"seed_played":"-8039187984398577585","potions_obtained":[{"floor":1.0,"key":"Ancient Potion"},{"floor":5.0,"key":"SpeedPotion"},{"floor":13.0,"key":"Strength Potion"},{"floor":14.0,"key":"SpeedPotion"}],"is_trial":false,"path_per_floor":["M","?","M","$","M","R","E","?","T","M","E","M","M","M","R"],"character_chosen":"THE_SILENT","items_purchased":["Footwork","Die Die Die"],"campfire_rested":1,"item_purchase_floors":[4,4],"current_hp_per_floor":[56,45,42,42,42,42,25,25,25,24,16,15,14,14,32,0],"gold":225,"neow_bonus":"ONE_RARE_RELIC","is_prod":false,"is_daily":false,"chose_seed":false,"campfire_upgraded":1,"win_rate":0,"timestamp":1538419647,"path_taken":["M","?","?","$","M","R","E","?","T","M","E","M","M","M","R","BOSS"],"build_version":"2018-09-27","purchased_purges":0,"victory":false,"max_hp_per_floor":[60,60,60,60,60,60,60,60,60,60,60,60,60,60,60,60],"card_choices":[{"not_picked":["Blur","Prepared"],"picked":"Cloak And Dagger","floor":1.0},{"not_picked":["Reflex","Bane"],"picked":"Skewer","floor":3.0},{"not_picked":["Dagger Spray","Backflip"],"picked":"Blade Dance","floor":5.0},{"not_picked":["Poisoned Stab","Underhanded Strike"],"picked":"Terror","floor":7.0},{"not_picked":["Dagger Spray","All Out Attack"],"picked":"Slice","floor":10.0},{"not_picked":["Deflect","Slice"],"picked":"PiercingWail","floor":11.0},{"not_picked":["Bane","Masterful Stab"],"picked":"After Image","floor":12.0},{"not_picked":["Backflip","Underhanded Strike"],"picked":"Crippling Poison","floor":13.0},{"not_picked":["Concentrate","Slice"],"picked":"Choke","floor":14.0}],"player_experience":1280821,"relics_obtained":[{"floor":7.0,"key":"Oddly Smooth Stone"},{"floor":9.0,"key":"Ancient Tea Set"},{"floor":11.0,"key":"War Paint"}],"event_choices":[{"event_name":"World of Goop","player_choice":"Gather Gold","floor":2.0,"damage_taken":0.0},{"event_name":"Living Wall","player_choice":"Grow","floor":8.0,"damage_taken":0.0}],"is_beta":false,"boss_relics":[],"items_purged_floors":[],"is_endless":false,"potions_floor_spawned":[1,5,10,13,14],"killed_by":"Slime Boss","ascension_level":20}