{"gold_per_floor":[117,136,18,18,29,29,43,101,124,134,134,154,180,130,130,225,225,242,258,39,39,39,39,39,39,39,56,56,87,107,124,124,229,229,246,146,246,262,262,291,302,302,302,331,345,361,392,402,402,402],"floor_reached":51,"playtime":2042,"items_purged":["Strike_R","Strike_R"],"score":969,"play_id":"ea09383b-ee1a-4269-846f-b8f4ccb7be7d","local_time":"20190128231538","is_ascension_mode":false,"campfire_choices":[{"data":"Body Slam","floor":6,"key":"SMITH"},{"data":"Armaments","floor":15,"key":"SMITH"},{"data":"Battle Trance","floor":23,"key":"SMITH"},{"data":"Evolve","floor":25,"key":"SMITH"},{"data":"Feel No Pain","floor":28,"key":"SMITH"},{"data":"Feel No Pain","floor":32,"key":"SMITH"},{"data":"Feel No Pain","floor":49,"key":"SMITH"}],"neow_cost":"NONE","seed_source_timestamp":7601374542529,"circlet_count":0,"master_deck":["Strike_R","Strike_R","Defend_R","Defend_R","Defend_R","Defend_R","Bash","Shrug It Off","Body Slam+1","Flame Barrier","Feel No Pain+1","Ghostly Armor","Armaments+1","Disarm","Metallicize","Feel No Pain+1","Second Wind","Impervious","Body Slam+1","Battle Trance+1","Offering","Evolve+1","Warcry+1","Burning Pact+1","Offering","Warcry+1","Feel No Pain+1","Entrench+1"],"relics":["Burning Blood","Tiny Chest","Pen Nib","Kunai","Centennial Puzzle","Runic Pyramid","Orichalcum","Ornamental Fan","Dodecahedron","Coffee Dripper","Pocketwatch","Self Forming Clay","Du-Vu Doll","Molten Egg 2","Bottled Tornado","Blood Vial"],"potions_floor_usage":[8,50,50,50],"damage_taken":[{"damage":6,"enemies":"Cultist","floor":1,"turns":3},{"damage":0,"enemies":"Small Slimes","floor":2,"turns":5},{"damage":0,"enemies":"Jaw Worm","floor":5,"turns":5},{"damage":1,"enemies":"Large Slime","floor":7,"turns":8},{"damage":15,"enemies":"Gremlin Nob","floor":8,"turns":4},{"damage":0,"enemies":"2 Fungi Beasts","floor":10,"turns":5},{"damage":0,"enemies":"3 Louse","floor":12,"turns":5},{"damage":15,"enemies":"3 Sentries","floor":13,"turns":13},{"damage":18,"enemies":"The Guardian","floor":16,"turns":15},{"damage":0,"enemies":"Shell Parasite","floor":18,"turns":6},{"damage":13,"enemies":"Spheric Guardian","floor":19,"turns":6},{"damage":6,"enemies":"Centurion and Healer","floor":27,"turns":5},{"damage":6,"enemies":"Book of Stabbing","floor":29,"turns":4},{"damage":6,"enemies":"Snake Plant","floor":30,"turns":3},{"damage":0,"enemies":"Shelled Parasite and Fungi","floor":31,"turns":5},{"damage":6,"enemies":"Automaton","floor":33,"turns":6},{"damage":12,"enemies":"3 Darklings","floor":35,"turns":4},{"damage":12,"enemies":"Mind Bloom Boss Battle","floor":37,"turns":2},{"damage":6,"enemies":"3 Shapes","floor":38,"turns":6},{"damage":6,"enemies":"Nemesis","floor":40,"turns":7},{"damage":0,"enemies":"Writhing Mass","floor":41,"turns":5},{"damage":0,"enemies":"Giant Head","floor":44,"turns":4},{"damage":6,"enemies":"Spire Growth","floor":45,"turns":2},{"damage":6,"enemies":"Sphere and 2 Shapes","floor":46,"turns":5},{"damage":16,"enemies":"Reptomancer","floor":47,"turns":3},{"damage":12,"enemies":"Writhing Mass","floor":48,"turns":4},{"damage":12,"enemies":"Awakened One","floor":50,"turns":4}],"seed_played":"7171237773549348956","potions_obtained":[{"floor":1,"key":"Swift Potion"},{"floor":2,"key":"SteroidPotion"},{"floor":5,"key":"PowerPotion"},{"floor":16,"key":"LiquidBronze"},{"floor":37,"key":"Dexterity Potion"},{"floor":48,"key":"GamblersBrew"}],"is_trial":false,"path_per_floor":["M","M","$","?","M","R","M","E","T","M","T","M","E","?","R","B",null,"M","M","$","?","?","R","T","R","T","M","R","E","M","M","R","B",null,"M","$","?","M","T","E","M","?","T","E","M","M","E","M","R","B",null],"character_chosen":"IRONCLAD","items_purchased":["Feel No Pain","Ghostly Armor","Offering"],"campfire_rested":0,"item_purchase_floors":[3,3,20],"current_hp_per_floor":[80,80,80,85,85,85,85,76,76,82,82,85,76,76,76,64,85,85,78,78,62,62,62,62,62,62,62,62,62,62,68,68,68,90,84,84,78,78,78,78,84,84,84,90,90,90,80,76,76,72],"gold":402,"neow_bonus":"THREE_CARDS","is_prod":false,"is_daily":false,"chose_seed":false,"campfire_upgraded":7,"win_rate":0,"timestamp":1548684938,"path_taken":["M","?","$","?","M","R","M","E","T","M","?","M","E","?","R","BOSS","M","M","$","?","?","R","?","R","T","?","R","E","M","M","R","BOSS","M","$","?","M","?","E","?","?","T","E","M","M","E","M","R","BOSS"],"build_version":"2019-01-23","purchased_purges":2,"victory":true,"max_hp_per_floor":[80,80,80,85,85,85,85,85,85,85,85,85,85,85,85,85,85,85,85,85,90,90,90,90,90,90,90,90,90,90,90,90,90,90,90,90,90,90,90,90,90,90,90,90,90,90,90,90,90,90],"card_choices":[{"not_picked":["Anger","Shockwave"],"picked":"Shrug It Off","floor":0},{"not_picked":["Evolve","Pommel Strike"],"picked":"Body Slam","floor":1},{"not_picked":["Shrug It Off","Dropkick"],"picked":"Flame Barrier","floor":2},{"not_picked":["Havoc","Headbutt"],"picked":"Armaments","floor":5},{"not_picked":["Armaments","Clash"],"picked":"Disarm","floor":7},{"not_picked":["Searing Blow","Dark Embrace"],"picked":"Metallicize","floor":8},{"not_picked":["Flex","Ghostly Armor","Searing Blow"],"picked":"SKIP","floor":10},{"not_picked":["Wild Strike","Infernal Blade"],"picked":"Feel No Pain","floor":12},{"not_picked":["Wild Strike","Sword Boomerang"],"picked":"Second Wind","floor":13},{"not_picked":["Immolate","Bludgeon"],"picked":"Impervious","floor":16},{"not_picked":["Headbutt+1","Combust"],"picked":"Body Slam+1","floor":18},{"not_picked":["Heavy Blade+1","Anger"],"picked":"Battle Trance","floor":19},{"not_picked":["Intimidate","Headbutt+1"],"picked":"Warcry+1","floor":27},{"not_picked":["Combust","Anger","Dark Embrace"],"picked":"SKIP","floor":29},{"not_picked":["Armaments","Flex","Sword Boomerang+1"],"picked":"SKIP","floor":30},{"not_picked":["Armaments","Perfected Strike"],"picked":"Burning Pact+1","floor":31},{"not_picked":["Demon Form","Immolate"],"picked":"Offering","floor":33},{"not_picked":["Anger+1","Headbutt","Warcry"],"picked":"SKIP","floor":35},{"not_picked":["Reckless Charge","Perfected Strike+1"],"picked":"Warcry+1","floor":38},{"not_picked":["Dropkick","Cleave"],"picked":"Feel No Pain","floor":40},{"not_picked":["Warcry","Exhume","Searing Blow"],"picked":"SKIP","floor":41},{"not_picked":["Perfected Strike+1","Sever Soul+1","Anger+1"],"picked":"SKIP","floor":44},{"not_picked":["Reckless Charge+1","Bloodletting","Shockwave+1"],"picked":"SKIP","floor":45},{"not_picked":["Wild Strike+1","Thunderclap+1","Clothesline+1"],"picked":"SKIP","floor":46},{"not_picked":["Body Slam+1","Dual Wield+1","Rupture+1"],"picked":"SKIP","floor":47},{"not_picked":["Armaments+1","Perfected Strike+1"],"picked":"Entrench+1","floor":48}],"player_experience":1007540,"relics_obtained":[{"floor":8,"key":"Tiny Chest"},{"floor":9,"key":"Pen Nib"},{"floor":11,"key":"Kunai"},{"floor":13,"key":"Centennial Puzzle"},{"floor":24,"key":"Orichalcum"},{"floor":26,"key":"Ornamental Fan"},{"floor":29,"key":"Dodecahedron"},{"floor":37,"key":"Pocketwatch"},{"floor":39,"key":"Self Forming Clay"},{"floor":40,"key":"Du-Vu Doll"},{"floor":43,"key":"Molten Egg 2"},{"floor":44,"key":"Bottled Tornado"},{"floor":47,"key":"Blood Vial"}],"event_choices":[{"damage_healed":0,"gold_gain":0,"player_choice":"Donut","damage_taken":0,"max_hp_gain":5,"max_hp_loss":0,"event_name":"Big Fish","floor":4,"gold_loss":0},{"cards_removed":["Strike_R"],"damage_healed":0,"gold_gain":0,"player_choice":"Card Removal","damage_taken":0,"max_hp_gain":0,"max_hp_loss":0,"event_name":"The Cleric","floor":14,"gold_loss":50},{"damage_healed":0,"gold_gain":0,"player_choice":"Shed Blood","damage_taken":21,"max_hp_gain":5,"max_hp_loss":0,"event_name":"Forgotten Altar","floor":21,"gold_loss":0},{"damage_healed":0,"gold_gain":0,"player_choice":"Read","damage_taken":0,"max_hp_gain":0,"max_hp_loss":0,"event_name":"The Library","floor":22,"gold_loss":0,"cards_obtained":["Evolve"]},{"damage_healed":0,"gold_gain":0,"player_choice":"Fight","damage_taken":0,"max_hp_gain":0,"max_hp_loss":0,"event_name":"MindBloom","floor":37,"gold_loss":0},{"damage_healed":0,"gold_gain":0,"player_choice":"Ignored","damage_taken":0,"max_hp_gain":0,"max_hp_loss":0,"event_name":"NoteForYourself","floor":42,"gold_loss":0}],"is_beta":false,"boss_relics":[{"not_picked":["White Beast Statue","Lizard Tail"],"picked":"Runic Pyramid"},{"not_picked":["Velvet Choker","Pandora\u0027s Box"],"picked":"Coffee Dripper"}],"items_purged_floors":[20,36],"is_endless":false,"potions_floor_spawned":[1,2,5,16,27,29,31,33,37,38,46,48],"ascension_level":0}