{"gold_per_floor":[114,130,147,160,85,85,104,133,145,157,182,194,206,53,53,124,124,138,152,152,38,88,88,104,104,155,155,155,155,168,183,183,183],"floor_reached":33,"playtime":1772,"items_purged":["Decay"],"score":494,"play_id":"7f1fd23e-702d-4c7e-be6c-0f9bff5078aa","local_time":"20190119202954","is_ascension_mode":true,"campfire_choices":[{"data":"Uppercut","floor":6,"key":"SMITH"},{"floor":10,"key":"REST"},{"floor":15,"key":"REST"},{"floor":23,"key":"REST"},{"floor":25,"key":"REST"},{"floor":27,"key":"REST"},{"data":"Inflame","floor":29,"key":"SMITH"},{"floor":32,"key":"REST"}],"neow_cost":"NONE","seed_source_timestamp":624823162567977,"circlet_count":0,"master_deck":["AscendersBane","Strike_R","Strike_R","Strike_R","Strike_R","Defend_R","Defend_R","Defend_R","Defend_R","Bash","Rampage","Twin Strike","Uppercut+1","Corruption","Iron Wave","Anger","Inflame+1","Limit Break","Fiend Fire","Ghostly Armor","Feel No Pain","Flame Barrier","Demon Form","Shrug It Off"],"relics":["Burning Blood","PreservedInsect","MawBank","Strawberry","Mark of Pain","Smiling Mask","Shovel"],"potions_floor_usage":[11,16,24,24],"damage_taken":[{"damage":11,"enemies":"Jaw Worm","floor":1,"turns":4},{"damage":14,"enemies":"Small Slimes","floor":2,"turns":3},{"damage":1,"enemies":"Cultist","floor":3,"turns":3},{"damage":14,"enemies":"Looter","floor":4,"turns":3},{"damage":18,"enemies":"Exordium Thugs","floor":7,"turns":6},{"damage":25,"enemies":"3 Sentries","floor":8,"turns":8},{"damage":21,"enemies":"Exordium Wildlife","floor":11,"turns":4},{"damage":57,"enemies":"The Guardian","floor":16,"turns":10},{"damage":20,"enemies":"2 Thieves","floor":18,"turns":4},{"damage":38,"enemies":"3 Byrds","floor":19,"turns":6},{"damage":33,"enemies":"Shelled Parasite and Fungi","floor":24,"turns":5},{"damage":25,"enemies":"Cultist and Chosen","floor":30,"turns":7},{"damage":26,"enemies":"Chosen and Byrds","floor":31,"turns":7},{"damage":75,"enemies":"Automaton","floor":33,"turns":6}],"seed_played":"2009049463629003462","potions_obtained":[{"floor":2,"key":"Strength Potion"},{"floor":3,"key":"Ancient Potion"},{"floor":8,"key":"SkillPotion"},{"floor":13,"key":"Strength Potion"},{"floor":16,"key":"Explosive Potion"},{"floor":19,"key":"EssenceOfSteel"}],"is_trial":false,"path_per_floor":["M","M","M","M","?","R","M","E","T","R","M","$","?","$","R","B",null,"M","M","?","$","?","R","M","R","T","R","T","R","M","M","R","B"],"character_chosen":"IRONCLAD","items_purchased":["Limit Break","Flame Barrier"],"campfire_rested":6,"item_purchase_floors":[14,21],"current_hp_per_floor":[63,55,60,52,52,52,40,21,28,52,37,37,37,37,61,10,64,50,18,18,18,18,42,15,39,39,63,63,63,44,24,48,0],"gold":183,"neow_bonus":"RANDOM_COMMON_RELIC","is_prod":false,"is_daily":false,"chose_seed":false,"campfire_upgraded":2,"win_rate":0,"timestamp":1547890194,"path_taken":["M","M","M","M","?","R","M","E","T","R","M","$","?","$","R","BOSS","M","?","?","$","?","R","?","R","T","R","?","R","M","M","R","BOSS"],"build_version":"2019-01-17v2","purchased_purges":1,"victory":false,"max_hp_per_floor":[75,75,75,75,75,75,75,75,82,82,82,82,82,82,82,82,82,82,82,82,82,82,82,82,82,82,82,82,82,82,82,82,82],"card_choices":[{"not_picked":["Cleave","Ghostly Armor"],"picked":"Rampage","floor":1},{"not_picked":["Sword Boomerang","Carnage"],"picked":"Twin Strike","floor":2},{"not_picked":["Rage","Body Slam"],"picked":"Uppercut","floor":3},{"not_picked":["Evolve","Second Wind"],"picked":"Corruption","floor":4},{"not_picked":["Wild Strike","Body Slam"],"picked":"Iron Wave","floor":7},{"not_picked":["Sword Boomerang","Second Wind"],"picked":"Anger","floor":8},{"not_picked":["Fire Breathing","Shrug It Off"],"picked":"Inflame","floor":11},{"not_picked":["Bludgeon","Berserk"],"picked":"Fiend Fire","floor":16},{"not_picked":["Searing Blow","Flex"],"picked":"Ghostly Armor","floor":18},{"not_picked":["Body Slam","Evolve"],"picked":"Feel No Pain","floor":19},{"not_picked":["Second Wind","Headbutt","Havoc"],"picked":"SKIP","floor":24},{"not_picked":["Iron Wave","Uppercut"],"picked":"Demon Form","floor":30},{"not_picked":["Body Slam","Flex"],"picked":"Shrug It Off","floor":31}],"player_experience":627377,"relics_obtained":[{"floor":8,"key":"MawBank"},{"floor":9,"key":"Strawberry"},{"floor":26,"key":"Smiling Mask"},{"floor":28,"key":"Shovel"}],"event_choices":[{"cards_removed":["Strike_R"],"damage_healed":0,"gold_gain":0,"player_choice":"Card Removal","damage_taken":0,"max_hp_gain":0,"max_hp_loss":0,"event_name":"The Cleric","floor":5,"gold_loss":75},{"damage_healed":0,"gold_gain":0,"player_choice":"Got Potions","damage_taken":0,"max_hp_gain":0,"max_hp_loss":0,"event_name":"Lab","floor":13,"gold_loss":0},{"damage_healed":0,"gold_gain":0,"player_choice":"Smashed Altar","damage_taken":0,"max_hp_gain":0,"max_hp_loss":0,"event_name":"Forgotten Altar","floor":20,"gold_loss":0,"cards_obtained":["Decay"]},{"damage_healed":0,"gold_gain":50,"player_choice":"Stole From Cult","damage_taken":0,"max_hp_gain":0,"max_hp_loss":0,"event_name":"Nest","floor":22,"gold_loss":0}],"is_beta":false,"boss_relics":[{"not_picked":["Black Blood","Orrery"],"picked":"Mark of Pain"}],"items_purged_floors":[21],"is_endless":false,"potions_floor_spawned":[2,3,8,16,19],"killed_by":"Automaton","ascension_level":20}