{"gold_per_floor":[115,115,134,151,151,170,170,199,199,211,223,373,0,18,18,95,95,112,112,112,11,27,27,27,27,53,69,69,86,86,103,103,103],"floor_reached":33,"playtime":1159,"items_purged":["Doubt"],"score":461,"play_id":"62c48fc2-7ab4-48ce-acc8-db1990e11c11","local_time":"20180705152823","daily_mods":["Binary"],"is_ascension_mode":true,"campfire_choices":[{"data":"Bash","floor":7,"key":"SMITH"},{"data":"Armaments","floor":15,"key":"SMITH"},{"floor":23,"key":"REST"},{"floor":25,"key":"REST"},{"data":"Blind","floor":30,"key":"SMITH"},{"data":"Rage","floor":32,"key":"SMITH"}],"neow_cost":"","seed_source_timestamp":0,"circlet_count":0,"master_deck":["Defend_R","Defend_R","Defend_R","Bash+1","AscendersBane","Armaments+1","Limit Break","Blind+1","RitualDagger","Flex","Rage+1","Bite","Bite","Bite","Bite","Bite"],"relics":["Burning Blood","Busted Crown","Darkstone Periapt","Pantograph","Empty Cage","Bronze Scales"],"potions_floor_usage":[16,22,27,29],"damage_taken":[{"damage":3,"enemies":"2 Louse","floor":1,"turns":3},{"damage":7,"enemies":"Small Slimes","floor":3,"turns":4},{"damage":4,"enemies":"Jaw Worm","floor":4,"turns":3},{"damage":7,"enemies":"Looter","floor":6,"turns":3},{"damage":43,"enemies":"3 Sentries","floor":8,"turns":11},{"damage":11,"enemies":"Blue Slaver","floor":10,"turns":3},{"damage":2,"enemies":"3 Louse","floor":11,"turns":4},{"damage":1,"enemies":"2 Fungi Beasts","floor":14,"turns":3},{"damage":30,"enemies":"The Guardian","floor":16,"turns":9},{"damage":12,"enemies":"Shell Parasite","floor":18,"turns":9},{"damage":46,"enemies":"Chosen","floor":22,"turns":8},{"damage":44,"enemies":"3 Cultists","floor":27,"turns":7},{"damage":43,"enemies":"Centurion and Healer","floor":29,"turns":9},{"damage":39,"enemies":"Snake Plant","floor":31,"turns":4},{"damage":119,"enemies":"Champ","floor":33,"turns":13}],"seed_played":"-5734023838419509498","potions_obtained":[{"floor":8,"key":"EssenceOfSteel"},{"floor":10,"key":"SteroidPotion"},{"floor":14,"key":"BloodPotion"},{"floor":16,"key":"SpeedPotion"},{"floor":22,"key":"Regen Potion"}],"is_trial":true,"path_per_floor":["M","?","M","M","?","M","R","E","T","M","M","?","$","M","R","B",null,"M","?","?","$","M","R","?","R","T","M","$","M","R","M","R"],"character_chosen":"IRONCLAD","items_purchased":["Armaments","Limit Break","Blind","Flex","Rage"],"campfire_rested":2,"item_purchase_floors":[13,13,13,21,21],"current_hp_per_floor":[71,76,75,77,70,69,69,32,32,27,31,37,37,42,42,43,75,69,44,38,38,7,34,34,52,52,41,41,48,48,28,28,0],"gold":103,"neow_bonus":"","is_prod":false,"is_daily":false,"chose_seed":false,"campfire_upgraded":4,"win_rate":0,"timestamp":1530829703,"path_taken":["M","?","M","M","?","M","R","E","T","M","M","?","$","?","R","BOSS","M","?","?","$","M","R","?","R","T","M","$","?","R","M","R","BOSS"],"build_version":"2018-07-03","purchased_purges":1,"victory":false,"max_hp_per_floor":[75,80,80,80,80,80,80,80,80,80,80,86,86,86,86,86,86,86,91,91,91,91,91,63,63,63,63,63,63,63,63,63,63],"card_choices":[],"player_experience":512575,"relics_obtained":[{"floor":8,"key":"Darkstone Periapt"},{"floor":9,"key":"Pantograph"},{"floor":26,"key":"Bronze Scales"}],"event_choices":[{"event_name":"Big Fish","player_choice":"Donut","floor":2,"damage_taken":0},{"event_name":"Golden Wing","player_choice":"Card Removal","floor":5,"damage_taken":0},{"event_name":"Liars Game","player_choice":"agreed","floor":12,"damage_taken":0},{"event_name":"Forgotten Altar","player_choice":"Shed Blood","floor":19,"damage_taken":0},{"event_name":"Nest","player_choice":"Joined the Cult","floor":20,"damage_taken":0},{"event_name":"Vampires","player_choice":"Became a vampire","floor":24,"damage_taken":0}],"boss_relics":[{"not_picked":["Black Blood","Black Star"],"picked":"Empty Cage"}],"items_purged_floors":[13],"is_endless":false,"potions_floor_spawned":[8,10,11,14,16,22],"killed_by":"Champ","ascension_level":15}