{"gold_per_floor":[119,131,151,170,170,170,188,142,165,90,106,106,106,122,122,251,251,276,30,55,55],"floor_reached":21,"playtime":1775,"items_purged":["Injury"],"score":190,"play_id":"31d34427-4558-4df4-80df-0e09ed285f25","local_time":"20181126215054","is_ascension_mode":true,"campfire_choices":[{"data":"Armaments","floor":6.0,"key":"SMITH"},{"data":"True Grit","floor":13.0,"key":"SMITH"},{"floor":15.0,"key":"REST"}],"neow_cost":"CURSE","seed_source_timestamp":267934505314419,"circlet_count":0,"master_deck":["Strike_R","Strike_R","Strike_R","Strike_R","Defend_R","Defend_R","Defend_R+1","Defend_R+1","Bash","Parasite","Demon Form","Warcry","True Grit+1","Inflame","Armaments+1","Shrug It Off","True Grit","Reaper","Metallicize","Flame Barrier","Shrug It Off","Evolve","Flame Barrier","Whirlwind+1","Shrug It Off"],"special_seed":0,"relics":["Burning Blood","Golden Idol","War Paint","Orrery","Gremlin Horn"],"potions_floor_usage":[21],"damage_taken":[{"damage":21.0,"enemies":"Small Slimes","floor":1.0,"turns":4.0},{"damage":6.0,"enemies":"Cultist","floor":2.0,"turns":4.0},{"damage":4.0,"enemies":"2 Louse","floor":3.0,"turns":4.0},{"damage":14.0,"enemies":"Looter","floor":4.0,"turns":4.0},{"damage":2.0,"enemies":"2 Fungi Beasts","floor":7.0,"turns":4.0},{"damage":16.0,"enemies":"Blue Slaver","floor":11.0,"turns":6.0},{"damage":10.0,"enemies":"Red Slaver","floor":14.0,"turns":7.0},{"damage":56.0,"enemies":"The Guardian","floor":16.0,"turns":11.0},{"damage":53.0,"enemies":"3 Byrds","floor":18.0,"turns":6.0},{"damage":18.0,"enemies":"Chosen","floor":20.0,"turns":5.0},{"damage":31,"enemies":"Snake Plant","floor":21,"turns":4}],"seed_played":"-4280293863874240868","potions_obtained":[{"floor":3.0,"key":"Explosive Potion"},{"floor":4.0,"key":"PowerPotion"},{"floor":7.0,"key":"Fire Potion"},{"floor":16.0,"key":"Weak Potion"}],"is_trial":false,"path_per_floor":["M","M","M","M","?","R","M","$","T","$","M","?","R","M","R","B",null,"M","$","M","M"],"character_chosen":"IRONCLAD","items_purchased":["Shrug It Off","Gremlin Horn"],"campfire_rested":1,"item_purchase_floors":[8,19],"current_hp_per_floor":[65,65,67,59,59,59,63,63,63,63,53,53,53,49,73,23,80,41,41,29,0],"gold":55,"neow_bonus":"THREE_RARE_CARDS","is_prod":false,"is_daily":false,"chose_seed":false,"campfire_upgraded":2,"win_rate":0,"timestamp":1543236654,"path_taken":["M","M","M","M","?","R","M","$","T","$","M","?","R","M","R","BOSS","M","$","M","M"],"build_version":"2018-11-15","purchased_purges":1,"victory":false,"max_hp_per_floor":[80,80,80,80,80,80,80,80,80,80,80,80,80,80,80,80,80,80,80,80,80],"card_choices":[{"not_picked":["Immolate","Limit Break"],"picked":"Demon Form","floor":0.0},{"not_picked":["Rupture","Blood for Blood"],"picked":"Warcry","floor":1.0},{"not_picked":["Searing Blow","Reckless Charge"],"picked":"True Grit","floor":2.0},{"not_picked":["Clothesline","True Grit"],"picked":"Inflame","floor":3.0},{"not_picked":["Wild Strike","Clash"],"picked":"Armaments","floor":4.0},{"not_picked":["Perfected Strike","Searing Blow","Infernal Blade"],"picked":"SKIP","floor":7.0},{"not_picked":["Burning Pact","Clash"],"picked":"True Grit","floor":11.0},{"not_picked":["Burning Pact","Armaments","Second Wind"],"picked":"SKIP","floor":14.0},{"not_picked":["Barricade","Juggernaut"],"picked":"Reaper","floor":16.0},{"not_picked":["Spot Weakness","Heavy Blade"],"picked":"Metallicize","floor":17.0},{"not_picked":["Armaments","Clash"],"picked":"Flame Barrier","floor":17.0},{"not_picked":["Wild Strike","Armaments"],"picked":"Shrug It Off","floor":17.0},{"not_picked":["Sword Boomerang","Wild Strike"],"picked":"Evolve","floor":17.0},{"not_picked":["Perfected Strike","Cleave"],"picked":"Flame Barrier","floor":17.0},{"not_picked":["Thunderclap","Intimidate+1"],"picked":"Whirlwind+1","floor":18.0},{"not_picked":["Searing Blow","Rupture"],"picked":"Shrug It Off","floor":20.0}],"player_experience":116576,"relics_obtained":[{"floor":9.0,"key":"War Paint"}],"event_choices":[{"damage_healed":0.0,"max_hp_gain":0.0,"max_hp_loss":0.0,"gold_gain":0.0,"event_name":"Golden Idol","player_choice":"Take Wound","floor":5.0,"gold_loss":0.0,"damage_taken":0.0,"relics_obtained":["Golden Idol"],"cards_obtained":["Injury"]},{"cards_removed":["Strike_R"],"damage_healed":0.0,"max_hp_gain":0.0,"max_hp_loss":0.0,"gold_gain":0.0,"event_name":"Purifier","player_choice":"Purged","floor":12.0,"gold_loss":0.0,"damage_taken":0.0}],"is_beta":false,"boss_relics":[{"not_picked":["Empty Cage","Astrolabe"],"picked":"Orrery"}],"items_purged_floors":[10],"is_endless":false,"potions_floor_spawned":[3,4,7,16],"killed_by":"Snake Plant","ascension_level":2}