{"gold_per_floor":[117,117,134,153,78,78,97,97,97,153,153,183,183,196,196,320,320,335,335,48,48,61,100,100,149,149,162,205,205,205,219,219,323,323,342,342,342,360,284,284,284,284,284,304,129,139,14,27,27,27],"floor_reached":51,"playtime":1608,"items_purged":["Strike_R","Inflame+1","Sword Boomerang+1"],"score":760,"play_id":"6577ebb7-ed17-4a22-973d-683134cace40","local_time":"20190130025350","is_ascension_mode":false,"campfire_choices":[{"data":"Hemokinesis","floor":6,"key":"SMITH"},{"data":"Feel No Pain","floor":8,"key":"SMITH"},{"data":"True Grit","floor":11,"key":"SMITH"},{"data":"Immolate","floor":15,"key":"SMITH"},{"data":"Body Slam","floor":24,"key":"SMITH"},{"data":"Impervious","floor":29,"key":"SMITH"},{"data":"Bash","floor":32,"key":"SMITH"},{"data":"Battle Trance","floor":40,"key":"SMITH"},{"data":"Reaper","floor":49,"key":"SMITH"}],"neow_cost":"NONE","seed_source_timestamp":7053390496211,"circlet_count":0,"master_deck":["Defend_R","Defend_R","Defend_R","Bash+1","Impervious+1","Feel No Pain+1","Shrug It Off+1","True Grit+1","Immolate+1","Reaper+1","Evolve+1","Rampage+1","Power Through+1","Inflame+1","Body Slam+1","Dark Embrace+1","Disarm+1","Battle Trance+1","Feel No Pain+1","Sever Soul+1","Feel No Pain+1"],"relics":["Burning Blood","Happy Flower","Frozen Egg 2","Omamori","Bloody Idol","Astrolabe","Sundial","Kunai","PreservedInsect","Paper Frog","Regal Pillow","Empty Cage","Self Forming Clay"],"potions_floor_usage":[18,23,31,33,33,41,48,50],"damage_taken":[{"damage":0,"enemies":"2 Louse","floor":1,"turns":3},{"damage":6,"enemies":"Jaw Worm","floor":3,"turns":4},{"damage":4,"enemies":"Cultist","floor":4,"turns":3},{"damage":3,"enemies":"Exordium Wildlife","floor":7,"turns":4},{"damage":23,"enemies":"Gremlin Nob","floor":10,"turns":5},{"damage":18,"enemies":"Gremlin Nob","floor":12,"turns":4},{"damage":2,"enemies":"Looter","floor":14,"turns":4},{"damage":10,"enemies":"Slime Boss","floor":16,"turns":7},{"damage":25,"enemies":"Shell Parasite","floor":18,"turns":6},{"damage":7,"enemies":"Chosen","floor":22,"turns":6},{"damage":45,"enemies":"Book of Stabbing","floor":23,"turns":6},{"damage":10,"enemies":"Centurion and Healer","floor":27,"turns":6},{"damage":10,"enemies":"Gremlin Leader","floor":28,"turns":5},{"damage":23,"enemies":"Shelled Parasite and Fungi","floor":31,"turns":4},{"damage":60,"enemies":"Collector","floor":33,"turns":10},{"damage":16,"enemies":"Orb Walker","floor":35,"turns":5},{"damage":0,"enemies":"3 Shapes","floor":38,"turns":4},{"damage":0,"enemies":"Writhing Mass","floor":41,"turns":1},{"damage":0,"enemies":"Maw","floor":44,"turns":7},{"damage":3,"enemies":"Spire Growth","floor":46,"turns":6},{"damage":14,"enemies":"Jaw Worm Horde","floor":48,"turns":6},{"damage":55,"enemies":"Awakened One","floor":50,"turns":13}],"seed_played":"-4829142348728348650","potions_obtained":[{"floor":3,"key":"EssenceOfSteel"},{"floor":7,"key":"Explosive Potion"},{"floor":12,"key":"Regen Potion"},{"floor":23,"key":"Regen Potion"},{"floor":27,"key":"SkillPotion"},{"floor":28,"key":"Block Potion"},{"floor":35,"key":"SmokeBomb"},{"floor":38,"key":"Regen Potion"},{"floor":48,"key":"Fruit Juice"}],"is_trial":false,"path_per_floor":["M","?","M","M","$","R","M","R","T","?","R","E","?","M","R","B",null,"M","?","$","?","M","E","R","T","T","M","E","R","?","M","R","B",null,"M","?","?","M","$","R","M","?","T","M","$","M","$","M","R","B",null],"character_chosen":"IRONCLAD","items_purchased":["Inflame+1","Sundial","Feel No Pain+1","Feel No Pain+1"],"campfire_rested":0,"item_purchase_floors":[20,20,39,45],"current_hp_per_floor":[80,85,85,85,85,85,85,85,85,68,68,56,56,60,60,56,79,60,60,60,60,64,50,50,50,50,66,62,62,62,53,53,39,79,74,74,74,79,79,79,79,79,79,79,79,79,79,84,84,50],"gold":27,"neow_bonus":"RANDOM_COMMON_RELIC","is_prod":false,"is_daily":false,"chose_seed":false,"campfire_upgraded":9,"win_rate":0,"timestamp":1548784430,"path_taken":["M","?","M","M","$","R","M","R","T","?","R","E","?","M","R","BOSS","M","?","$","?","?","E","R","?","T","M","E","R","?","M","R","BOSS","M","?","?","M","$","R","M","?","T","M","$","?","$","M","R","BOSS"],"build_version":"2019-01-23","purchased_purges":3,"victory":true,"max_hp_per_floor":[80,85,85,85,85,85,85,85,85,85,85,85,79,79,79,79,79,79,79,79,79,79,79,79,79,79,79,79,79,79,79,79,79,79,79,79,79,79,79,79,79,79,79,79,79,79,79,84,84,84],"card_choices":[{"not_picked":["Wild Strike","Twin Strike"],"picked":"Hemokinesis","floor":1},{"not_picked":["Warcry","Twin Strike"],"picked":"Impervious","floor":3},{"not_picked":["Combust","Iron Wave"],"picked":"Feel No Pain","floor":4},{"not_picked":["Pummel","Anger"],"picked":"Shrug It Off","floor":7},{"not_picked":["Thunderclap","Warcry"],"picked":"True Grit","floor":10},{"not_picked":["Wild Strike","Armaments"],"picked":"Combust+1","floor":12},{"not_picked":["Shrug It Off","Dropkick"],"picked":"Immolate","floor":14},{"not_picked":["Bludgeon","Limit Break"],"picked":"Reaper","floor":16},{"not_picked":["Armaments","Warcry+1"],"picked":"Power Through+1","floor":18},{"not_picked":["True Grit","Perfected Strike","Anger"],"picked":"SKIP","floor":22},{"not_picked":["Entrench","Flex"],"picked":"Body Slam","floor":23},{"not_picked":["Anger","Reckless Charge+1","Headbutt+1"],"picked":"SKIP","floor":27},{"not_picked":["Sever Soul","Juggernaut+1","Searing Blow"],"picked":"SKIP","floor":28},{"not_picked":["Shockwave","Anger","Rupture+1"],"picked":"SKIP","floor":31},{"not_picked":["Juggernaut+1","Brutality+1"],"picked":"Dark Embrace+1","floor":33},{"not_picked":["Iron Wave+1","Disarm+1","Pommel Strike+1"],"picked":"SKIP","floor":35},{"not_picked":["Iron Wave+1","Pommel Strike+1"],"picked":"Disarm+1","floor":35},{"not_picked":["Dual Wield","Anger+1"],"picked":"Battle Trance","floor":38},{"not_picked":["True Grit","Sentinel+1"],"picked":"Sever Soul+1","floor":44},{"not_picked":["Inflame+1","Body Slam+1","Cleave"],"picked":"SKIP","floor":46},{"not_picked":["Inflame+1","Body Slam+1","Cleave"],"picked":"SKIP","floor":46},{"not_picked":["Cleave","Clothesline","Thunderclap+1"],"picked":"SKIP","floor":48}],"player_experience":1014675,"relics_obtained":[{"floor":10,"key":"Frozen Egg 2"},{"floor":12,"key":"Omamori"},{"floor":23,"key":"Kunai"},{"floor":25,"key":"PreservedInsect"},{"floor":26,"key":"Paper Frog"},{"floor":28,"key":"Regal Pillow"},{"floor":43,"key":"Self Forming Clay"}],"event_choices":[{"damage_healed":0,"gold_gain":0,"player_choice":"Donut","damage_taken":0,"max_hp_gain":5,"max_hp_loss":0,"event_name":"Big Fish","floor":2,"gold_loss":0},{"damage_healed":0,"gold_gain":0,"player_choice":"Searched \u00272\u0027 times","damage_taken":0,"max_hp_gain":0,"max_hp_loss":0,"event_name":"Dead Adventurer","floor":10,"gold_loss":0},{"damage_healed":0,"gold_gain":0,"player_choice":"Lose Max HP","damage_taken":0,"relics_obtained":["Golden Idol"],"max_hp_gain":0,"max_hp_loss":6,"event_name":"Golden Idol","floor":13,"gold_loss":0},{"cards_removed":["Strike_R"],"damage_healed":0,"gold_gain":0,"player_choice":"Elegance","damage_taken":0,"max_hp_gain":0,"max_hp_loss":0,"event_name":"Back to Basics","floor":19,"gold_loss":0},{"damage_healed":0,"gold_gain":0,"player_choice":"Copied","damage_taken":0,"max_hp_gain":0,"max_hp_loss":0,"event_name":"Duplicator","floor":21,"gold_loss":0,"cards_obtained":["Inflame"]},{"damage_healed":0,"gold_gain":0,"player_choice":"Gave Idol","damage_taken":0,"relics_obtained":["Bloody Idol"],"max_hp_gain":0,"max_hp_loss":0,"event_name":"Forgotten Altar","floor":30,"relics_lost":["Golden Idol"],"gold_loss":0},{"damage_healed":0,"gold_gain":0,"player_choice":"Ignored","damage_taken":0,"max_hp_gain":0,"max_hp_loss":0,"event_name":"Tomb of Lord Red Mask","floor":36,"gold_loss":0},{"cards_removed":["Defend_R"],"damage_healed":0,"gold_gain":0,"player_choice":"Removed Skill","damage_taken":0,"max_hp_gain":0,"max_hp_loss":0,"event_name":"Falling","floor":37,"gold_loss":0},{"damage_healed":0,"gold_gain":0,"player_choice":"Forge","damage_taken":0,"max_hp_gain":0,"max_hp_loss":0,"event_name":"Accursed Blacksmith","floor":42,"gold_loss":0,"cards_upgraded":["Shrug It Off"]}],"is_beta":false,"boss_relics":[{"not_picked":["Tiny House","Philosopher\u0027s Stone"],"picked":"Astrolabe"},{"not_picked":["Fusion Hammer","Busted Crown"],"picked":"Empty Cage"}],"items_purged_floors":[5,45,47],"is_endless":false,"potions_floor_spawned":[3,7,12,16,23,27,28,35,38,48],"ascension_level":0}