{"gold_per_floor":[115,134,134,209,223,223,248,258,308,327,357,392,392,404,404,475,475,487,65,65,65,65,65,83,96,143,156,173,173,173],"floor_reached":30,"playtime":1095,"items_purged":[],"score":424,"play_id":"687f9d84-b232-48b3-a794-be9baf64c0a8","local_time":"20190131153200","is_ascension_mode":true,"campfire_choices":[{"data":"Zap","floor":6.0,"key":"SMITH"},{"floor":13.0,"key":"REST"},{"data":"Streamline","floor":15.0,"key":"SMITH"},{"data":"Hologram","floor":23.0,"key":"SMITH"},{"data":"Streamline","floor":29,"key":"SMITH"}],"neow_cost":"CURSE","seed_source_timestamp":19887284765629,"circlet_count":0,"master_deck":["AscendersBane","Strike_B","Strike_B","Defend_B+1","Defend_B+1","Defend_B","Defend_B","Zap+1","Dualcast","Gash","Conserve Battery","Hologram+1","Streamline+1","Sweeping Beam","Reinforced Body","Cold Snap","Machine Learning","Rip and Tear+1","Coolheaded","Capacitor","Violence","Decay","Writhe","Gash","BootSequence","Coolheaded","Streamline+1"],"special_seed":0,"relics":["Cracked Core","Meat on the Bone","Happy Flower","War Paint","Empty Cage","Regal Pillow","MutagenicStrength","Vajra","Orichalcum"],"potions_floor_usage":[25,30],"damage_taken":[{"damage":1.0,"enemies":"Cultist","floor":1.0,"turns":3.0},{"damage":8.0,"enemies":"Small Slimes","floor":2.0,"turns":3.0},{"damage":7.0,"enemies":"Jaw Worm","floor":5.0,"turns":3.0},{"damage":31.0,"enemies":"Gremlin Nob","floor":7.0,"turns":4.0},{"damage":0.0,"enemies":"2 Fungi Beasts","floor":8.0,"turns":3.0},{"damage":8.0,"enemies":"Blue Slaver","floor":10.0,"turns":3.0},{"damage":25.0,"enemies":"3 Sentries","floor":12.0,"turns":6.0},{"damage":1.0,"enemies":"3 Louse","floor":14.0,"turns":3.0},{"damage":10.0,"enemies":"Slime Boss","floor":16.0,"turns":9.0},{"damage":24.0,"enemies":"Shell Parasite","floor":18.0,"turns":5.0},{"damage":31.0,"enemies":"3 Byrds","floor":24.0,"turns":6.0},{"damage":11,"enemies":"3 Cultists","floor":25,"turns":4},{"damage":17,"enemies":"Centurion and Healer","floor":27,"turns":7},{"damage":3,"enemies":"Snecko","floor":28,"turns":7},{"damage":44,"enemies":"Slavers","floor":30,"turns":3}],"seed_played":"-8118409726409870062","potions_obtained":[{"floor":1.0,"key":"Strength Potion"},{"floor":2.0,"key":"Explosive Potion"},{"floor":12.0,"key":"Weak Potion"},{"floor":16.0,"key":"Energy Potion"},{"floor":24.0,"key":"Ancient Potion"},{"floor":25,"key":"SpeedPotion"}],"is_trial":false,"path_per_floor":["M","M","?","?","M","R","E","M","T","M","?","E","R","M","R","B",null,"M","$","?","?","?","R","M","M","T","M","M","R","E"],"character_chosen":"DEFECT","items_purchased":["Coolheaded","Capacitor","Regal Pillow","Violence"],"campfire_rested":1,"item_purchase_floors":[19,19,19,19],"current_hp_per_floor":[77,69,62,51,44,44,13,25,25,29,29,16,41,52,52,54,77,53,53,53,53,53,53,34,35,35,30,39,39,0],"gold":173,"neow_bonus":"TWENTY_PERCENT_HP_BONUS","is_prod":false,"is_daily":false,"chose_seed":false,"campfire_upgraded":4,"win_rate":0,"timestamp":1548945120,"path_taken":["M","M","?","?","M","R","E","?","T","M","?","E","R","M","R","BOSS","M","$","?","?","?","R","M","M","T","M","M","R","E"],"build_version":"2019-01-23","purchased_purges":0,"victory":false,"max_hp_per_floor":[85,85,85,85,85,85,85,85,85,85,85,85,85,85,85,85,85,85,85,85,85,85,85,85,85,85,85,85,85,85],"card_choices":[{"not_picked":["Conserve Battery","Turbo"],"picked":"Gash","floor":1.0},{"not_picked":["Steam Power","Steam"],"picked":"Conserve Battery","floor":2.0},{"not_picked":["Capacitor","Conserve Battery"],"picked":"Hologram","floor":5.0},{"not_picked":["Stack","Melter"],"picked":"Streamline","floor":7.0},{"not_picked":["Compile Driver","Genetic Algorithm","Tempest"],"picked":"SKIP","floor":8.0},{"not_picked":["Redo","Turbo"],"picked":"Sweeping Beam","floor":10.0},{"not_picked":["Tempest","Conserve Battery"],"picked":"Reinforced Body","floor":12.0},{"not_picked":["Static Discharge","Multi-Cast"],"picked":"Cold Snap","floor":14.0},{"not_picked":["Multi-Cast","Creative AI"],"picked":"Machine Learning","floor":16.0},{"not_picked":["Redo","Loop"],"picked":"Rip and Tear+1","floor":18.0},{"not_picked":["Steam","Darkness"],"picked":"Gash","floor":24.0},{"not_picked":["Conserve Battery","Storm"],"picked":"BootSequence","floor":25},{"not_picked":["Aggregate+1","Ball Lightning"],"picked":"Coolheaded","floor":27},{"not_picked":["Hello World","Turbo"],"picked":"Streamline","floor":28}],"player_experience":1158127,"relics_obtained":[{"floor":7.0,"key":"Meat on the Bone"},{"floor":9.0,"key":"Happy Flower"},{"floor":12.0,"key":"War Paint"},{"floor":26,"key":"Orichalcum"}],"event_choices":[{"cards_removed":["Writhe"],"damage_healed":0.0,"max_hp_gain":0.0,"max_hp_loss":0.0,"gold_gain":0.0,"event_name":"Golden Wing","player_choice":"Card Removal","floor":3.0,"gold_loss":0.0,"damage_taken":7.0},{"damage_healed":0.0,"max_hp_gain":0.0,"max_hp_loss":0.0,"gold_gain":75.0,"event_name":"World of Goop","player_choice":"Gather Gold","floor":4.0,"gold_loss":0.0,"damage_taken":11.0},{"damage_healed":0.0,"max_hp_gain":0.0,"max_hp_loss":0.0,"gold_gain":30.0,"event_name":"Dead Adventurer","player_choice":"Searched \u00271\u0027 times","floor":11.0,"gold_loss":0.0,"damage_taken":0.0},{"damage_healed":0.0,"max_hp_gain":0.0,"max_hp_loss":0.0,"gold_gain":0.0,"event_name":"Forgotten Altar","player_choice":"Smashed Altar","floor":20.0,"gold_loss":0.0,"damage_taken":0.0,"cards_obtained":["Decay"]},{"damage_healed":0.0,"max_hp_gain":0.0,"max_hp_loss":0.0,"gold_gain":0.0,"event_name":"Drug Dealer","player_choice":"Inject Mutagens","floor":21.0,"gold_loss":0.0,"damage_taken":0.0,"relics_obtained":["MutagenicStrength"]},{"damage_healed":0.0,"max_hp_gain":0.0,"max_hp_loss":0.0,"gold_gain":0.0,"event_name":"The Mausoleum","player_choice":"Opened","floor":22.0,"gold_loss":0.0,"damage_taken":0.0,"relics_obtained":["Vajra"],"cards_obtained":["Writhe"]}],"is_beta":false,"boss_relics":[{"not_picked":["Busted Crown","Calling Bell"],"picked":"Empty Cage"}],"items_purged_floors":[],"is_endless":false,"potions_floor_spawned":[1,2,12,16,24,25],"killed_by":"Slavers","ascension_level":15}