{"gold_per_floor":[122,134,160,195,232,244,286,298,310,322,370,406,398,431,443,548,560,590,242,242,242,19,19,54,54,54,54,72,92,126,145,145,145],"floor_reached":33,"playtime":1876,"items_purged":["Strike_G"],"score":566,"play_id":"76077866-fe13-42f3-8ea2-e5f163a6a54e","local_time":"20181017122013","is_ascension_mode":true,"campfire_choices":[{"data":"Noxious Fumes","floor":6.0,"key":"SMITH"},{"floor":8.0,"key":"REST"},{"data":"Backstab","floor":10.0,"key":"SMITH"},{"data":"Leg Sweep","floor":15.0,"key":"SMITH"},{"data":"Noxious Fumes","floor":23,"key":"SMITH"},{"data":"Cloak And Dagger","floor":25,"key":"SMITH"},{"data":"Neutralize","floor":27,"key":"SMITH"},{"floor":32,"key":"REST"}],"neow_cost":"NONE","seed_source_timestamp":11905096564200,"circlet_count":0,"master_deck":["Defend_G","Defend_G","Defend_G","Defend_G","Defend_G","Strike_G","Strike_G","Strike_G","Strike_G","Survivor","Neutralize+1","AscendersBane","Backstab+1","Noxious Fumes+1","Cloak And Dagger+1","Leg Sweep+1","Leg Sweep","Deflect+1","Escape Plan+1","Terror+1","Bouncing Flask+1","Noxious Fumes+1","Corpse Explosion+1","Poisoned Stab+1"],"special_seed":0,"relics":["Ring of the Snake","MawBank","Golden Idol","Anchor","Odd Mushroom","Bag of Marbles","The Courier","Eternal Feather","Vajra","Toxic Egg 2","Boot","Ornamental Fan","Bottled Lightning"],"potions_floor_usage":[24,24,31,33],"damage_taken":[{"damage":3.0,"enemies":"Small Slimes","floor":1.0,"turns":6.0},{"damage":1.0,"enemies":"Cultist","floor":3.0,"turns":4.0},{"damage":0.0,"enemies":"Jaw Worm","floor":5.0,"turns":4.0},{"damage":14.0,"enemies":"The Mushroom Lair","floor":7.0,"turns":4.0},{"damage":6.0,"enemies":"Lagavulin","floor":11.0,"turns":7.0},{"damage":0.0,"enemies":"Gremlin Gang","floor":12.0,"turns":5.0},{"damage":0.0,"enemies":"Exordium Wildlife","floor":14.0,"turns":3.0},{"damage":8.0,"enemies":"The Guardian","floor":16.0,"turns":14.0},{"damage":21.0,"enemies":"Spheric Guardian","floor":18.0,"turns":11.0},{"damage":8,"enemies":"Colosseum Slavers","floor":21,"turns":5},{"damage":21,"enemies":"Book of Stabbing","floor":24,"turns":6},{"damage":10,"enemies":"Chosen","floor":28,"turns":6},{"damage":5,"enemies":"Snecko","floor":29,"turns":5},{"damage":17,"enemies":"Slavers","floor":30,"turns":8},{"damage":8,"enemies":"Snake Plant","floor":31,"turns":4},{"damage":66,"enemies":"Automaton","floor":33,"turns":8}],"seed_played":"6878475343677778859","potions_obtained":[{"floor":3.0,"key":"SkillPotion"},{"floor":7.0,"key":"Dexterity Potion"},{"floor":11.0,"key":"PowerPotion"},{"floor":13.0,"key":"Block Potion"},{"floor":24,"key":"SpeedPotion"},{"floor":31,"key":"Swift Potion"}],"is_trial":false,"path_per_floor":["M","?","M","T","M","R","?","R","T","R","E","M","?","M","R","B",null,"M","$","?","?","$","R","E","R","T","R","M","M","E","M","R"],"character_chosen":"THE_SILENT","items_purchased":["Vajra","Toxic Egg 2","Escape Plan+1","Terror+1","Bouncing Flask+1","Noxious Fumes"],"campfire_rested":2,"item_purchase_floors":[19,19,19,22,22,22],"current_hp_per_floor":[56,33,32,32,32,32,18,37,37,37,31,31,31,31,31,23,55,34,34,66,58,58,66,45,57,57,66,56,51,34,26,57,0],"gold":145,"neow_bonus":"RANDOM_COMMON_RELIC","is_prod":false,"is_daily":false,"chose_seed":false,"campfire_upgraded":6,"win_rate":0,"timestamp":1539771613,"path_taken":["M","?","M","?","?","R","?","R","T","R","E","M","?","M","R","BOSS","M","$","?","?","$","R","E","R","T","R","M","M","E","M","R","BOSS"],"build_version":"2018-10-11","purchased_purges":1,"victory":false,"max_hp_per_floor":[66,66,66,66,66,66,66,66,66,66,66,66,66,66,66,66,66,66,66,66,66,66,66,66,66,66,66,66,66,66,66,66,66],"card_choices":[{"not_picked":["Outmaneuver","Dodge and Roll"],"picked":"Backstab","floor":1.0},{"not_picked":["Acrobatics","Dagger Throw"],"picked":"Noxious Fumes","floor":3.0},{"not_picked":["Reflex","Tactician"],"picked":"Cloak And Dagger","floor":5.0},{"not_picked":["Outmaneuver","Backflip"],"picked":"Distraction","floor":7.0},{"not_picked":["Dodge and Roll","Blade Dance"],"picked":"Leg Sweep","floor":11.0},{"not_picked":["PiercingWail","Prepared"],"picked":"Leg Sweep","floor":12.0},{"not_picked":["Reflex","Grand Finale","Poisoned Stab"],"picked":"SKIP","floor":14.0},{"not_picked":["Choke","Underhanded Strike"],"picked":"Deflect+1","floor":18.0},{"not_picked":["Dagger Throw","Quick Slash","Underhanded Strike"],"picked":"SKIP","floor":24},{"not_picked":["Acrobatics+1","Backflip+1"],"picked":"Corpse Explosion+1","floor":28},{"not_picked":["Deflect+1","Slice","Underhanded Strike"],"picked":"SKIP","floor":29},{"not_picked":["Quick Slash","Dagger Spray"],"picked":"Poisoned Stab+1","floor":30},{"not_picked":["Deflect+1","Outmaneuver+1","Dagger Throw"],"picked":"SKIP","floor":31}],"player_experience":1506190,"relics_obtained":[{"floor":4.0,"key":"Anchor"},{"floor":7.0,"key":"Odd Mushroom"},{"floor":9.0,"key":"Bag of Marbles"},{"floor":11.0,"key":"The Courier"},{"floor":24,"key":"Boot"},{"floor":26,"key":"Ornamental Fan"},{"floor":30,"key":"Bottled Lightning"}],"event_choices":[{"event_name":"Golden Idol","player_choice":"Take Damage","floor":2.0,"damage_taken":0.0},{"event_name":"Mushrooms","player_choice":"Fought Mushrooms","floor":7.0,"damage_taken":0.0},{"event_name":"The Woman in Blue","player_choice":"Bought 1 Potion","floor":13.0,"damage_taken":0.0},{"event_name":"Bonfire Elementals","player_choice":"UNCOMMON","floor":20.0,"damage_taken":0.0},{"event_name":"Colosseum","player_choice":"Fight","floor":21,"damage_taken":0},{"event_name":"Colosseum","player_choice":"Fled From Nobs","floor":21,"damage_taken":0}],"is_beta":false,"boss_relics":[{"not_picked":["Tiny House","Runic Pyramid"],"picked":"Eternal Feather"}],"items_purged_floors":[22],"is_endless":false,"potions_floor_spawned":[3,7,11,16,24,31],"killed_by":"Automaton","ascension_level":20}