{"gold_per_floor":[149,149,54,74,74,74,106,106,129,163,163,194,209,29,29,106,106,106],"floor_reached":18,"playtime":550,"items_purged":["Strike_R"],"score":308,"play_id":"645c464c-f0bd-4d10-aa22-575e0c3623f6","local_time":"20180712104607","is_ascension_mode":true,"campfire_choices":[{"data":"Iron Wave","floor":6,"key":"SMITH"},{"data":"Bash","floor":8,"key":"SMITH"},{"floor":11,"key":"REST"},{"data":"Dual Wield","floor":15,"key":"SMITH"}],"neow_cost":"NONE","seed_source_timestamp":226763185478230,"circlet_count":0,"master_deck":["Strike_R","Strike_R","Strike_R","Strike_R","Defend_R+1","Defend_R","Defend_R","Defend_R","Bash+1","AscendersBane","Iron Wave+1","Pommel Strike","Shrug It Off","Anger","Ghostly Armor","Body Slam","Shrug It Off","Metallicize","Dual Wield+1","True Grit","Shrug It Off","Disarm"],"relics":["Tiny House","Juzu Bracelet","Gremlin Horn","Kunai","Red Skull","Regal Pillow","Happy Flower","Orrery"],"potions_floor_usage":[],"damage_taken":[{"damage":5,"enemies":"Cultist","floor":1,"turns":4},{"damage":4,"enemies":"Jaw Worm","floor":4,"turns":3},{"damage":22,"enemies":"Gremlin Nob","floor":7,"turns":5},{"damage":13,"enemies":"Lagavulin","floor":10,"turns":5},{"damage":16,"enemies":"Gremlin Nob","floor":12,"turns":4},{"damage":0,"enemies":"Small Slimes","floor":13,"turns":3},{"damage":12,"enemies":"Slime Boss","floor":16,"turns":11},{"damage":16,"enemies":"3 Byrds","floor":18,"turns":4}],"seed_played":"-8624738699469462112","potions_obtained":[{"floor":0,"key":"Dexterity Potion"},{"floor":1,"key":"Dexterity Potion"}],"is_trial":false,"path_per_floor":["M","T","$","M","T","R","E","R","T","E","R","E","M","$","R","B",null],"character_chosen":"IRONCLAD","items_purchased":["Shrug It Off","Anger","Metallicize","Dual Wield"],"campfire_rested":1,"item_purchase_floors":[3,3,14,14],"current_hp_per_floor":[68,68,68,64,64,64,42,42,42,29,68,52,52,52,52,40,70,54],"gold":106,"neow_bonus":"BOSS_RELIC","is_prod":false,"is_daily":false,"chose_seed":false,"campfire_upgraded":3,"win_rate":0,"timestamp":1531417567,"path_taken":["M","?","$","M","?","R","E","R","T","E","R","E","M","$","R","BOSS","M"],"build_version":"2018-07-11","purchased_purges":1,"victory":false,"max_hp_per_floor":[80,80,80,80,80,80,80,80,80,80,80,80,80,80,80,80,80,80],"card_choices":[{"not_picked":["Rage","Flex"],"picked":"Iron Wave","floor":0},{"not_picked":["Body Slam","Warcry"],"picked":"Pommel Strike","floor":1},{"not_picked":["Juggernaut","Fiend Fire"],"picked":"Ghostly Armor","floor":7},{"not_picked":["Wild Strike","Juggernaut"],"picked":"Body Slam","floor":10},{"not_picked":["Intimidate","Corruption"],"picked":"Shrug It Off","floor":12},{"not_picked":["Headbutt","Thunderclap"],"picked":"True Grit","floor":17},{"not_picked":["Clash","Reckless Charge"],"picked":"Shrug It Off","floor":17},{"not_picked":["Iron Wave","Havoc"],"picked":"Disarm","floor":17}],"player_experience":605724,"relics_obtained":[{"floor":2,"key":"Juzu Bracelet"},{"floor":5,"key":"Gremlin Horn"},{"floor":7,"key":"Kunai"},{"floor":9,"key":"Red Skull"},{"floor":10,"key":"Regal Pillow"},{"floor":12,"key":"Happy Flower"}],"event_choices":[],"boss_relics":[{"not_picked":["Lizard Tail","Calling Bell"],"picked":"Orrery"}],"items_purged_floors":[14],"is_endless":false,"potions_floor_spawned":[1,7,12,16],"killed_by":"3 Byrds","ascension_level":15}