{"path_per_floor":["M","M","$","?","M","R","M","R","T","?","R","M","?","E","R","B",null,"M","$","?","?","?","R","T","M","T","M","$","M","R","M","R"],"character_chosen":"IRONCLAD","items_purchased":["Ghostly Armor","Flex"],"gold_per_floor":[117,128,50,50,70,70,90,90,115,115,115,126,76,101,101,196,196,213,87,87,87,87,87,110,127,127,146,46,60,60,72,72],"floor_reached":33,"campfire_rested":1,"playtime":1199,"current_hp_per_floor":[88,88,88,93,93,93,84,84,84,84,84,90,90,77,77,52,93,93,93,93,75,75,75,75,81,95,68,68,59,92,88,88],"items_purged":["Strike_R","Strike_R"],"gold":72,"score":320,"play_id":"b13cdac4-9efe-475a-805e-7b905fd83169","local_time":"20180314090533","is_prod":false,"is_daily":false,"is_ascension_mode":true,"campfire_upgraded":6,"timestamp":1521014733,"path_taken":["M","M","$","?","M","R","M","R","T","?","R","M","?","E","R","BOSS","M","$","?","?","?","R","?","M","T","M","?","M","R","M","R","BOSS"],"build_version":"2018-03-09","purchased_purges":2,"victory":false,"master_deck":["Strike_R","Defend_R","Defend_R","Defend_R","Defend_R","Bash","Flex","Clothesline+1","Ghostly Armor+1","Pommel Strike+1","Shrug It Off+1","Inflame+1","Bludgeon+1","Heavy Blade","Flex","Shrug It Off","Infernal Blade+1","Disarm"],"max_hp_per_floor":[88,88,88,93,93,93,93,93,93,93,93,93,93,93,93,93,93,93,93,93,98,98,98,98,98,112,112,112,112,112,112,112],"relics":["Burning Blood","Anchor","Toolbox","Ornamental Fan","Sozu","Dream Catcher","Mango"],"card_choices":[{"not_picked":["Fire Breathing","Rage"],"picked":"Flex"},{"not_picked":["Anger","Hemokinesis"],"picked":"Clothesline"},{"not_picked":["Thunderclap","Anger"],"picked":"Pommel Strike"},{"not_picked":["Burning Pact","Anger"],"picked":"Shrug It Off"},{"not_picked":["Pummel","Cleave"],"picked":"Inflame"},{"not_picked":["Impervious","Fiend Fire"],"picked":"Bludgeon"},{"not_picked":["Entrench","Carnage"],"picked":"Heavy Blade"},{"not_picked":["Armaments","Pommel Strike"],"picked":"Shrug It Off"},{"not_picked":["Wild Strike","Iron Wave"],"picked":"Infernal Blade"},{"not_picked":["Rupture","Pummel"],"picked":"Disarm"}],"player_experience":87114,"potions_floor_usage":[7,12,25],"damage_taken":[{"damage":2,"enemies":"Small Slimes","floor":1,"turns":5},{"damage":0,"enemies":"2 Louse","floor":2,"turns":3},{"damage":5,"enemies":"Cultist","floor":5,"turns":4},{"damage":15,"enemies":"Exordium Thugs","floor":7,"turns":5},{"damage":0,"enemies":"Large Slime","floor":12,"turns":4},{"damage":19,"enemies":"Lagavulin","floor":14,"turns":11},{"damage":31,"enemies":"The Guardian","floor":16,"turns":13},{"damage":4,"enemies":"Chosen","floor":18,"turns":4},{"damage":0,"enemies":"Shell Parasite","floor":25,"turns":2},{"damage":33,"enemies":"Sentry and Sphere","floor":27,"turns":6},{"damage":15,"enemies":"Snecko","floor":29,"turns":4},{"damage":10,"enemies":"Chosen and Byrds","floor":31,"turns":5},{"damage":92,"enemies":"Champ","floor":33,"turns":14}],"event_choices":[{"event_name":"Big Fish","player_choice":"Donut","floor":4,"damage_taken":0},{"event_name":"Wheel of Change","player_choice":"Relic","floor":10,"damage_taken":0},{"event_name":"The Cleric","player_choice":"Card Removal","floor":13,"damage_taken":0},{"event_name":"Back to Basics","player_choice":"Elegance","floor":20,"damage_taken":0},{"event_name":"Forgotten Altar","player_choice":"Shed Blood","floor":21,"damage_taken":0},{"event_name":"Match and Keep!","player_choice":"0 cards matched","floor":22,"damage_taken":0}],"boss_relics":[{"not_picked":["Runic Cube","Cursed Key"],"picked":"Sozu"}],"potions_floor_spawned":[1,2,16,25,27,29],"seed_played":"-6422138071654223475","killed_by":"Champ","ascension_level":2,"is_trial":false}