{"gold_per_floor":[146,146,45,63,63,96,112,112],"floor_reached":8,"playtime":541,"items_purged":[],"score":112,"play_id":"54dd81f7-e0b2-4542-9c5b-8b150f9b6bc0","local_time":"20181117144619","is_ascension_mode":true,"campfire_choices":[],"neow_cost":"NONE","seed_source_timestamp":22145816300332,"circlet_count":0,"master_deck":["AscendersBane","Defend_G","Defend_G","Defend_G","Defend_G","Defend_G","Strike_G","Strike_G","Strike_G","Strike_G","Survivor","Neutralize","Noxious Fumes","Well Laid Plans","Blade Dance","Blade Dance","Noxious Fumes","Dagger Throw+1"],"relics":["Ring of the Snake","Tiny Chest","Happy Flower","Molten Egg 2"],"potions_floor_usage":[6],"damage_taken":[{"damage":2,"enemies":"2 Louse","floor":1,"turns":5},{"damage":3,"enemies":"Cultist","floor":4,"turns":4},{"damage":42,"enemies":"Gremlin Nob","floor":6,"turns":6},{"damage":4,"enemies":"Jaw Worm","floor":7,"turns":4},{"damage":10,"enemies":"3 Sentries","floor":8,"turns":3}],"seed_played":"2958661553672267501","potions_obtained":[{"floor":1,"key":"Regen Potion"},{"floor":4,"key":"Weak Potion"}],"is_trial":false,"path_per_floor":["M","?","$","M","?","E","M","E"],"character_chosen":"THE_SILENT","items_purchased":["Well Laid Plans","Blade Dance"],"campfire_rested":0,"item_purchase_floors":[3,3],"current_hp_per_floor":[57,57,57,54,54,12,8,0],"gold":112,"neow_bonus":"RANDOM_COMMON_RELIC","is_prod":false,"is_daily":false,"chose_seed":false,"campfire_upgraded":0,"win_rate":0,"timestamp":1542462379,"path_taken":["M","?","?","?","?","E","M","E"],"build_version":"2018-11-15","purchased_purges":0,"victory":false,"max_hp_per_floor":[66,66,66,66,66,66,66,66],"card_choices":[{"not_picked":["Distraction","Sucker Punch"],"picked":"Noxious Fumes","floor":1},{"not_picked":["Setup","Backflip"],"picked":"Blade Dance","floor":4},{"not_picked":["Riddle With Holes","Deadly Poison"],"picked":"Noxious Fumes","floor":6},{"not_picked":["Setup","Backflip"],"picked":"Dagger Throw+1","floor":7}],"player_experience":1791739,"relics_obtained":[{"floor":6,"key":"Molten Egg 2"}],"event_choices":[{"damage_healed":0,"gold_gain":0,"player_choice":"Gave Potion","damage_taken":0,"relics_obtained":["Happy Flower"],"max_hp_gain":0,"max_hp_loss":0,"event_name":"WeMeetAgain","floor":2,"gold_loss":0},{"cards_removed":["Strike_G"],"damage_healed":0,"gold_gain":0,"player_choice":"Offered Basic","damage_taken":0,"max_hp_gain":0,"max_hp_loss":0,"event_name":"Bonfire Elementals","floor":5,"gold_loss":0}],"is_beta":false,"boss_relics":[],"items_purged_floors":[],"is_endless":false,"potions_floor_spawned":[1,4],"killed_by":"3 Sentries","ascension_level":20}