{"path_per_floor":["M","?","?","?","M","R","$","M","T","M","R","?","?","M","R","B",null,"M","M","M","$","?","R","M"],"character_chosen":"IRONCLAD","items_purchased":["Armaments","Flex","Block Potion","Fire Potion"],"gold_per_floor":[117,117,117,97,113,113,68,86,86,101,101,101,176,188,188,289,289,275,291,311,191,191,191,204],"floor_reached":25,"campfire_rested":1,"playtime":778,"current_hp_per_floor":[76,76,69,69,74,74,74,74,74,77,77,82,71,72,72,27,85,68,27,12,12,12,37,35],"items_purged":[],"gold":204,"score":193,"play_id":"1110e17d-0f94-4cb7-8392-160d4f5b4bdf","local_time":"20180311171731","is_prod":false,"is_daily":false,"is_ascension_mode":false,"campfire_upgraded":3,"timestamp":1520785051,"path_taken":["M","?","?","?","?","R","$","M","T","M","R","?","?","M","R","BOSS","M","M","M","$","?","R","?","M"],"build_version":"2018-03-09","purchased_purges":1,"victory":false,"master_deck":["Strike_R","Strike_R","Strike_R","Strike_R","Strike_R","Defend_R","Defend_R","Defend_R","Bash+1","Perfected Strike+1","Iron Wave+1","Armaments+1","Perfected Strike","Demon Form","Perfected Strike","Metallicize","Flex"],"max_hp_per_floor":[80,80,80,80,80,80,80,80,80,80,80,85,85,85,85,85,85,85,85,85,85,85,85,85],"relics":["Burning Blood"],"card_choices":[{"not_picked":["Twin Strike","Infernal Blade"],"picked":"Perfected Strike"},{"not_picked":["Reckless Charge","Body Slam"],"picked":"Iron Wave"},{"not_picked":["Battle Trance","Twin Strike"],"picked":"Perfected Strike"},{"not_picked":["Offering","Immolate"],"picked":"Demon Form"},{"not_picked":["Pummel","Twin Strike"],"picked":"Perfected Strike"},{"not_picked":["Infernal Blade","True Grit"],"picked":"Metallicize"}],"player_experience":139557,"potions_floor_usage":[16,18,24,24,25],"damage_taken":[{"damage":10,"enemies":"2 Louse","floor":1,"turns":3},{"damage":1,"enemies":"Cultist","floor":5,"turns":3},{"damage":6,"enemies":"Jaw Worm","floor":8,"turns":3},{"damage":3,"enemies":"3 Louse","floor":10,"turns":4},{"damage":5,"enemies":"Blue Slaver","floor":14,"turns":2},{"damage":51,"enemies":"Hexaghost","floor":16,"turns":10},{"damage":23,"enemies":"2 Thieves","floor":18,"turns":4},{"damage":47,"enemies":"3 Byrds","floor":19,"turns":7},{"damage":21,"enemies":"Centurion and Healer","floor":20,"turns":6},{"damage":8,"enemies":"Snake Plant","floor":24,"turns":5},{"damage":40,"enemies":"Slaver and Parasite","floor":25,"turns":6}],"event_choices":[{"event_name":"Upgrade Shrine","player_choice":"Upgraded","floor":2,"damage_taken":0},{"event_name":"Golden Wing","player_choice":"Card Removal","floor":3,"damage_taken":0},{"event_name":"The Woman in Blue","player_choice":"Bought 1 Potion","floor":4,"damage_taken":0},{"event_name":"Big Fish","player_choice":"Donut","floor":12,"damage_taken":0},{"event_name":"World of Goop","player_choice":"Gather Gold","floor":13,"damage_taken":0},{"event_name":"Beggar","player_choice":"Ignored","floor":22,"damage_taken":0}],"boss_relics":[{"not_picked":["Lizard Tail","Runic Pyramid","Cursed Key"]}],"potions_floor_spawned":[8,10,19,20],"seed_played":"-3314590554399714018","killed_by":"Slaver and Parasite","ascension_level":0,"is_trial":false}