{"path_per_floor":["M","M","M","M","?","R","E","R","T","M","R","M","M","E","R","B",null,"M","?","$","M","$","R","E"],"character_chosen":"THE_SILENT","items_purchased":["Footwork","Toolbox"],"gold_per_floor":[112,125,136,148,223,223,249,249,249,259,259,274,289,315,315,415,415,428,428,347,357,110,110,141,141],"floor_reached":25,"campfire_rested":1,"playtime":1442,"current_hp_per_floor":[70,63,62,61,50,50,16,37,37,37,37,37,34,28,28,9,77,75,75,75,75,75,75,2,0],"items_purged":[],"gold":141,"score":268,"play_id":"6108c82a-9a49-4fd4-9195-39ab305ec639","local_time":"20180403222346","is_prod":false,"is_daily":false,"is_ascension_mode":true,"campfire_upgraded":4,"timestamp":1522787026,"path_taken":["M","M","M","M","?","R","E","R","T","?","R","M","M","E","R","BOSS","M","?","$","M","?","R","E","M"],"build_version":"2018-03-29v2","purchased_purges":0,"victory":false,"master_deck":["Defend_G+1","Defend_G+1","Defend_G+1","Defend_G+1","Defend_G+1","Strike_G+1","Strike_G+1","Strike_G+1","Strike_G+1","Strike_G+1","Survivor","Neutralize+1","PiercingWail","Backstab","Dodge and Roll","Escape Plan","Deadly Poison+1","Poisoned Stab+1","Corpse Explosion+1","Footwork","Backstab"],"max_hp_per_floor":[70,70,70,70,70,70,70,70,70,70,70,70,70,77,77,77,77,77,77,77,77,77,77,77,77],"relics":["Ring of the Snake","Snake Skull","Lantern","Ginger","Strawberry","The Specimen","Toolbox","Orichalcum"],"card_choices":[{"not_picked":["Malaise","Slice"],"picked":"PiercingWail","floor":1.0},{"not_picked":["Outmaneuver","Flying Knee"],"picked":"Backstab","floor":2.0},{"not_picked":["Choke","Flying Knee"],"picked":"Dodge and Roll","floor":3.0},{"not_picked":["Leg Sweep","Cloak And Dagger"],"picked":"Escape Plan","floor":4.0},{"not_picked":["Tactician","Flying Knee"],"picked":"Deadly Poison","floor":7.0},{"not_picked":["Prepared","Skewer"],"picked":"Poisoned Stab","floor":12.0},{"not_picked":["Wraith Form","Phantasmal Killer"],"picked":"Corpse Explosion","floor":16.0},{"not_picked":["Sucker Punch","Flying Knee"],"picked":"Backstab","floor":24.0}],"player_experience":460013,"potions_floor_usage":[],"damage_taken":[{"damage":0.0,"enemies":"Jaw Worm","floor":1.0,"turns":5.0},{"damage":7.0,"enemies":"Cultist","floor":2.0,"turns":6.0},{"damage":1.0,"enemies":"Small Slimes","floor":3.0,"turns":4.0},{"damage":1.0,"enemies":"Blue Slaver","floor":4.0,"turns":6.0},{"damage":34.0,"enemies":"Gremlin Nob","floor":7.0,"turns":5.0},{"damage":0.0,"enemies":"Looter","floor":10.0,"turns":4.0},{"damage":0.0,"enemies":"Exordium Thugs","floor":12.0,"turns":2.0},{"damage":3.0,"enemies":"2 Fungi Beasts","floor":13.0,"turns":3.0},{"damage":13.0,"enemies":"Lagavulin","floor":14.0,"turns":6.0},{"damage":34.0,"enemies":"Slime Boss","floor":16.0,"turns":15.0},{"damage":2.0,"enemies":"Shell Parasite","floor":18.0,"turns":4.0},{"damage":0.0,"enemies":"Chosen","floor":21.0,"turns":5.0},{"damage":87.0,"enemies":"Gremlin Leader","floor":24.0,"turns":9.0},{"damage":3,"enemies":"Slaver and Parasite","floor":25,"turns":2}],"event_choices":[{"event_name":"World of Goop","player_choice":"Gather Gold","floor":5.0,"damage_taken":0.0},{"event_name":"Back to Basics","player_choice":"Simplicity","floor":19.0,"damage_taken":0.0}],"boss_relics":[],"potions_floor_spawned":[3,10,12,14,16,21],"seed_played":"-1566015133022560618","killed_by":"Slaver and Parasite","ascension_level":3,"is_trial":false}