{"gold_per_floor":[119,132,207,231,231,231,261,261,261,280,280,298,312,58,58,153,153,167,266,266,283,300,313,313,324,324,341,356,356,370,388,388,388],"floor_reached":33,"playtime":2583,"items_purged":["Strike_G"],"score":253,"play_id":"b900d5c9-afda-47b4-a5ea-432c388902a1","local_time":"20181206140800","is_ascension_mode":false,"campfire_choices":[{"data":"Neutralize","floor":6.0,"key":"SMITH"},{"floor":8.0,"key":"REST"},{"data":"Poisoned Stab","floor":11.0,"key":"SMITH"},{"floor":15.0,"key":"REST"},{"floor":24.0,"key":"REST"},{"floor":29,"key":"REST"},{"floor":32,"key":"REST"}],"neow_cost":"NONE","seed_source_timestamp":0,"circlet_count":0,"master_deck":["Defend_G","Defend_G","Defend_G","Defend_G","Strike_G","Strike_G","Survivor","Neutralize+1","Dagger Spray","PiercingWail","Catalyst","Poisoned Stab+1","Choke","Deadly Poison","Deadly Poison","Venomology","Deflect+1","Setup+1","Accuracy+1","Poisoned Stab","Crippling Poison","Infinite Blades+1","PiercingWail","Flying Knee+1","Backflip","Acrobatics+1","Distraction"],"special_seed":0,"relics":["Ring of the Snake","Oddly Smooth Stone","The Courier","Torii","Ancient Tea Set","Astrolabe","Frozen Egg 2","Du-Vu Doll"],"potions_floor_usage":[27,28,28,30,30,31,31,33,33],"damage_taken":[{"damage":0.0,"enemies":"Cultist","floor":1.0,"turns":5.0},{"damage":5.0,"enemies":"Small Slimes","floor":2.0,"turns":4.0},{"damage":33.0,"enemies":"3 Sentries","floor":7.0,"turns":8.0},{"damage":0.0,"enemies":"Jaw Worm","floor":10.0,"turns":6.0},{"damage":1.0,"enemies":"2 Fungi Beasts","floor":12.0,"turns":3.0},{"damage":1.0,"enemies":"Exordium Wildlife","floor":13.0,"turns":6.0},{"damage":51.0,"enemies":"Slime Boss","floor":16.0,"turns":10.0},{"damage":6.0,"enemies":"3 Byrds","floor":18.0,"turns":7.0},{"damage":21.0,"enemies":"2 Thieves","floor":21.0,"turns":4.0},{"damage":24.0,"enemies":"Cultist and Chosen","floor":22.0,"turns":7.0},{"damage":10.0,"enemies":"Snecko","floor":23.0,"turns":6.0},{"damage":2,"enemies":"Snake Plant","floor":25,"turns":4},{"damage":25,"enemies":"Shelled Parasite and Fungi","floor":27,"turns":5},{"damage":3,"enemies":"3 Cultists","floor":28,"turns":6},{"damage":0,"enemies":"Centurion and Healer","floor":30,"turns":6},{"damage":0,"enemies":"Snake Plant","floor":31,"turns":5},{"damage":50,"enemies":"Automaton","floor":33,"turns":8}],"seed_played":"439337174532781177","potions_obtained":[{"floor":0.0,"key":"Ancient Potion"},{"floor":0.0,"key":"AttackPotion"},{"floor":0.0,"key":"Strength Potion"},{"floor":12.0,"key":"Weak Potion"},{"floor":16.0,"key":"Strength Potion"},{"floor":21.0,"key":"EssenceOfSteel"},{"floor":22.0,"key":"EssenceOfSteel"},{"floor":28,"key":"EssenceOfSteel"},{"floor":30,"key":"EssenceOfSteel"},{"floor":31,"key":"SteroidPotion"}],"is_trial":false,"path_per_floor":["M","M","?","T","?","R","E","R","T","M","R","M","M","$","R","B",null,"M","?","?","M","M","M","R","M","T","M","M","R","M","M","R","B"],"character_chosen":"THE_SILENT","items_purchased":["Ancient Tea Set","Deadly Poison","Deadly Poison"],"campfire_rested":5,"item_purchase_floors":[14,14,14],"current_hp_per_floor":[70,65,54,54,59,59,26,48,48,48,48,47,46,46,68,17,75,69,69,69,48,24,14,36,34,34,9,6,28,28,28,50,0],"gold":388,"neow_bonus":"THREE_SMALL_POTIONS","is_prod":false,"is_daily":false,"chose_seed":false,"campfire_upgraded":2,"win_rate":0.0,"timestamp":1544058480,"path_taken":["M","?","?","?","?","R","E","R","T","M","R","?","M","$","R","BOSS","M","?","?","?","M","M","R","M","T","M","M","R","M","M","R","BOSS"],"build_version":"2018-11-15","purchased_purges":1,"victory":false,"max_hp_per_floor":[70,70,70,70,75,75,75,75,75,75,75,75,75,75,75,75,75,75,75,75,75,75,75,75,75,75,75,75,75,75,75,75,75],"card_choices":[{"not_picked":["Flechettes","Deflect"],"picked":"Dagger Spray","floor":1.0},{"not_picked":["Backflip","Expertise"],"picked":"PiercingWail","floor":2.0},{"not_picked":["Leg Sweep","Outmaneuver"],"picked":"Catalyst","floor":7.0},{"not_picked":["Dagger Throw","Escape Plan"],"picked":"Poisoned Stab","floor":10.0},{"not_picked":["Reflex","Well Laid Plans"],"picked":"Choke","floor":12.0},{"not_picked":["Unload","Dodge and Roll","Cloak And Dagger"],"picked":"SKIP","floor":13.0},{"not_picked":["Phantasmal Killer","Burst"],"picked":"Venomology","floor":16.0},{"not_picked":["Dagger Throw","Distraction"],"picked":"Poisoned Stab","floor":18.0},{"not_picked":["Endless Agony","Dagger Spray"],"picked":"Crippling Poison","floor":21.0},{"not_picked":["Footwork+1","All Out Attack"],"picked":"Infinite Blades+1","floor":22.0},{"not_picked":["Dagger Throw","Sucker Punch","Masterful Stab"],"picked":"SKIP","floor":23.0},{"not_picked":["Unload","Distraction"],"picked":"PiercingWail","floor":25},{"not_picked":["Prepared","Eviscerate+1"],"picked":"Flying Knee+1","floor":27},{"not_picked":["Caltrops+1","Finisher"],"picked":"Backflip","floor":28},{"not_picked":["Terror","Caltrops+1"],"picked":"Acrobatics+1","floor":30},{"not_picked":["Predator+1","Sucker Punch+1"],"picked":"Distraction","floor":31}],"player_experience":388081,"relics_obtained":[{"floor":4.0,"key":"Oddly Smooth Stone"},{"floor":7.0,"key":"The Courier"},{"floor":9.0,"key":"Torii"},{"floor":20.0,"key":"Frozen Egg 2"},{"floor":26,"key":"Du-Vu Doll"}],"event_choices":[{"damage_healed":0.0,"max_hp_gain":0.0,"max_hp_loss":0.0,"gold_gain":75.0,"event_name":"World of Goop","player_choice":"Gather Gold","floor":3.0,"gold_loss":0.0,"damage_taken":11.0},{"damage_healed":0.0,"max_hp_gain":5.0,"max_hp_loss":0.0,"gold_gain":0.0,"event_name":"Big Fish","player_choice":"Donut","floor":5.0,"gold_loss":0.0,"damage_taken":0.0},{"damage_healed":0.0,"max_hp_gain":0.0,"max_hp_loss":0.0,"gold_gain":99.0,"event_name":"Nest","player_choice":"Stole From Cult","floor":19.0,"gold_loss":0.0,"damage_taken":0.0},{"damage_healed":0.0,"max_hp_gain":0.0,"max_hp_loss":0.0,"gold_gain":0.0,"event_name":"Wheel of Change","player_choice":"Relic","floor":20.0,"gold_loss":0.0,"damage_taken":0.0}],"is_beta":false,"boss_relics":[{"not_picked":["Busted Crown","Tiny House"],"picked":"Astrolabe"}],"items_purged_floors":[14],"is_endless":false,"potions_floor_spawned":[1,12,16,21,22,25,28,30,31],"killed_by":"Automaton","ascension_level":0}