{"gold_per_floor":[113,63,63,23,78,108,108,118,118,150,150,162,162,173,173,273,273,284,284,298,313,313],"floor_reached":22,"playtime":2131,"items_purged":[],"score":262,"play_id":"c6da2f6e-a8b4-4e56-9180-fca120b908e0","local_time":"20180925141507","is_ascension_mode":true,"campfire_choices":[{"floor":7,"key":"REST"},{"data":"Darkness","floor":11,"key":"SMITH"},{"floor":13,"key":"REST"},{"floor":15,"key":"REST"}],"neow_cost":"NONE","seed_source_timestamp":484146287491,"circlet_count":0,"master_deck":["Strike_B","Strike_B","Strike_B","Strike_B","Defend_B","Defend_B","Defend_B","Defend_B","Zap+1","Dualcast","Capacitor","Hologram","Cold Snap","Darkness+1","Undo","Streamline+1","Sunder+1","Multi-Cast","Steam"],"relics":["Cracked Core","Tiny Chest","Gambling Chip","Dodecahedron","Molten Egg 2","Busted Crown","MutagenicStrength"],"potions_floor_usage":[6,18],"damage_taken":[{"damage":0,"enemies":"2 Louse","floor":1,"turns":2},{"damage":22,"enemies":"3 Sentries","floor":6,"turns":6},{"damage":0,"enemies":"Jaw Worm","floor":8,"turns":4},{"damage":32,"enemies":"Gremlin Nob","floor":10,"turns":4},{"damage":0,"enemies":"Small Slimes","floor":12,"turns":4},{"damage":14,"enemies":"Exordium Thugs","floor":14,"turns":5},{"damage":49,"enemies":"Hexaghost","floor":16,"turns":8},{"damage":14,"enemies":"2 Thieves","floor":18,"turns":3},{"damage":9,"enemies":"Chosen","floor":20,"turns":3},{"damage":36,"enemies":"Centurion and Healer","floor":21,"turns":7},{"damage":16,"enemies":"Chosen and Byrds","floor":22,"turns":4}],"seed_played":"2300166225093498266","potions_obtained":[{"floor":1,"key":"Fire Potion"},{"floor":14,"key":"AttackPotion"},{"floor":18,"key":"SteroidPotion"}],"is_trial":false,"path_per_floor":["M","$","?","?","T","E","R","M","T","E","R","M","R","M","R","B",null,"M","?","M","M"],"character_chosen":"DEFECT","items_purchased":["Hologram"],"campfire_rested":3,"item_purchase_floors":[2],"current_hp_per_floor":[68,68,68,68,68,46,68,68,68,36,36,36,58,44,66,17,61,47,47,38,2,0],"gold":313,"neow_bonus":"UPGRADE_CARD","is_prod":false,"is_daily":false,"chose_seed":false,"campfire_upgraded":1,"win_rate":0,"timestamp":1537877707,"path_taken":["M","$","?","?","?","E","R","M","T","E","R","M","R","M","R","BOSS","M","?","M","?","M"],"build_version":"2018-09-20","purchased_purges":0,"victory":false,"max_hp_per_floor":[75,75,75,75,75,75,75,75,75,75,75,75,75,75,75,75,75,75,75,75,75,75],"card_choices":[{"not_picked":["Fusion","Compile Driver"],"picked":"Capacitor","floor":1},{"not_picked":["Beam Cell","Compile Driver"],"picked":"Cold Snap","floor":6},{"not_picked":["Hello World","Storm"],"picked":"Darkness","floor":8},{"not_picked":["Compile Driver","Hologram"],"picked":"Undo","floor":10},{"not_picked":["Hologram","Cold Snap+1"],"picked":"Streamline+1","floor":12},{"not_picked":["Streamline+1","Rebound+1"],"picked":"Sunder+1","floor":14},{"not_picked":["Creative AI","Thunder Strike+1"],"picked":"Multi-Cast","floor":16},{"not_picked":["Hologram"],"picked":"SKIP","floor":18},{"not_picked":[],"picked":"Steam","floor":20},{"not_picked":["Capacitor"],"picked":"SKIP","floor":21}],"player_experience":679808,"relics_obtained":[{"floor":5,"key":"Tiny Chest"},{"floor":6,"key":"Gambling Chip"},{"floor":9,"key":"Dodecahedron"},{"floor":10,"key":"Molten Egg 2"}],"event_choices":[{"event_name":"Liars Game","player_choice":"disagreed","floor":3,"damage_taken":0},{"event_name":"World of Goop","player_choice":"Left","floor":4,"damage_taken":0},{"event_name":"Drug Dealer","player_choice":"Inject Mutagens","floor":19,"damage_taken":0}],"is_beta":false,"boss_relics":[{"not_picked":["Fusion Hammer","Philosopher\u0027s Stone"],"picked":"Busted Crown"}],"items_purged_floors":[],"is_endless":false,"potions_floor_spawned":[1,14,18],"killed_by":"Chosen and Byrds","ascension_level":7}