{"gold_per_floor":[112,126,141,111,130,130,148,173,173,173,17,27,47,122,122,217,217,234,234,34,34,45,45,45,45,45,63,77,104,123,138,138,235,235,254,254,254,266,12,12,43,43,43,61,61,81,81,81,81,81],"floor_reached":50,"playtime":2302,"items_purged":["Defend_R"],"score":569,"play_id":"420d0688-ad66-4ddb-85d0-ad1aa5c58c0b","local_time":"20181020233453","is_ascension_mode":false,"campfire_choices":[{"data":"Infernal Blade","floor":6,"key":"SMITH"},{"data":"Inflame","floor":10,"key":"SMITH"},{"data":"Whirlwind","floor":15,"key":"SMITH"},{"data":"Armaments","floor":23,"key":"SMITH"},{"data":"Flex","floor":25,"key":"SMITH"},{"floor":32,"key":"REST"},{"data":"Apotheosis","floor":40,"key":"SMITH"},{"data":"Bludgeon","floor":42,"key":"SMITH"},{"floor":45,"key":"REST"},{"floor":47,"key":"REST"},{"floor":49,"key":"REST"}],"neow_cost":"NONE","seed_source_timestamp":797553738468965,"circlet_count":0,"master_deck":["Strike_R","Strike_R","Strike_R","Strike_R","Strike_R","Defend_R","Defend_R","Bash","Infernal Blade+1","Inflame+1","Anger","Sword Boomerang","Clash","Flame Barrier","Metallicize","Anger","Whirlwind+1","Dark Embrace","Sword Boomerang","Flex+1","Armaments+1","Pain","Rage+1","Perfected Strike","Metallicize","Rampage+1","Anger","Reaper","Whirlwind+1","Clash+1","Armaments+1","Apotheosis+1","Pummel","Bludgeon+1","Shrug It Off+1","Twin Strike+1"],"relics":["Burning Blood","NeowsBlessing","Pen Nib","Calipers","Lizard Tail","Red Skull","Gremlin Horn","WarpedTongs","Ice Cream","Bottled Tornado","Black Star","Thread and Needle","Girya","Turnip","Mercury Hourglass"],"potions_floor_usage":[5,8,13,16,18,28,30,33,33,33,35,38,44,50],"damage_taken":[{"damage":0,"enemies":"Cultist","floor":1,"turns":1},{"damage":0,"enemies":"Jaw Worm","floor":2,"turns":1},{"damage":0,"enemies":"Small Slimes","floor":3,"turns":1},{"damage":0,"enemies":"3 Louse","floor":5,"turns":2},{"damage":13,"enemies":"2 Fungi Beasts","floor":7,"turns":3},{"damage":8,"enemies":"Gremlin Nob","floor":8,"turns":3},{"damage":3,"enemies":"Exordium Thugs","floor":12,"turns":4},{"damage":0,"enemies":"Large Slime","floor":13,"turns":4},{"damage":0,"enemies":"Slime Boss","floor":16,"turns":5},{"damage":1,"enemies":"3 Byrds","floor":18,"turns":3},{"damage":5,"enemies":"Chosen","floor":22,"turns":3},{"damage":26,"enemies":"Snake Plant","floor":27,"turns":4},{"damage":4,"enemies":"Chosen and Byrds","floor":28,"turns":4},{"damage":55,"enemies":"Book of Stabbing","floor":29,"turns":4},{"damage":22,"enemies":"Centurion and Healer","floor":30,"turns":4},{"damage":0,"enemies":"Snecko","floor":31,"turns":3},{"damage":38,"enemies":"Collector","floor":33,"turns":4},{"damage":35,"enemies":"Orb Walker","floor":35,"turns":5},{"damage":5,"enemies":"Mind Bloom Boss Battle","floor":36,"turns":5},{"damage":18,"enemies":"3 Shapes","floor":38,"turns":2},{"damage":81,"enemies":"Reptomancer","floor":41,"turns":4},{"damage":28,"enemies":"Jaw Worm Horde","floor":44,"turns":4},{"damage":37,"enemies":"Transient","floor":46,"turns":5},{"damage":95,"enemies":"Time Eater","floor":50,"turns":9}],"seed_played":"-388344139465231444","potions_obtained":[{"floor":1,"key":"Dexterity Potion"},{"floor":4,"key":"FearPotion"},{"floor":4,"key":"SkillPotion"},{"floor":8,"key":"Energy Potion"},{"floor":12,"key":"Poison Potion"},{"floor":13,"key":"Block Potion"},{"floor":27,"key":"Regen Potion"},{"floor":29,"key":"Regen Potion"},{"floor":30,"key":"FearPotion"},{"floor":31,"key":"Regen Potion"},{"floor":33,"key":"BloodPotion"},{"floor":36,"key":"Explosive Potion"},{"floor":41,"key":"Explosive Potion"},{"floor":46,"key":"Energy Potion"}],"is_trial":false,"path_per_floor":["M","M","M","?","M","R","M","E","T","R","$","M","M","?","R","B",null,"M","?","$","T","M","R","?","R","T","M","M","E","M","M","R","B",null,"M","?","?","M","$","R","E","R","T","M","R","M","R","?","R"],"character_chosen":"IRONCLAD","items_purchased":["Metallicize","Red Skull","Flex","Apotheosis","Pummel"],"campfire_rested":4,"item_purchase_floors":[11,20,20,39,39],"current_hp_per_floor":[80,80,80,80,80,80,73,71,71,71,71,74,80,69,69,75,80,80,80,80,80,80,80,80,80,80,60,74,25,21,27,51,31,80,67,68,68,56,56,56,45,45,45,23,47,16,40,40,62,0],"gold":81,"neow_bonus":"THREE_ENEMY_KILL","is_prod":false,"is_daily":false,"chose_seed":false,"campfire_upgraded":7,"win_rate":0.0,"timestamp":1540031693,"path_taken":["M","M","?","?","M","R","M","E","T","R","$","M","M","?","R","BOSS","M","?","$","?","M","R","?","R","T","M","M","E","?","M","R","BOSS","M","?","?","M","$","R","E","R","T","M","R","M","R","?","R","BOSS"],"build_version":"2018-10-18","purchased_purges":1,"victory":false,"max_hp_per_floor":[80,80,80,80,80,80,80,80,80,80,80,80,80,80,80,80,80,80,80,80,80,80,80,80,80,80,80,80,80,80,80,80,80,80,80,80,80,80,80,80,80,80,80,80,80,80,80,76,76,76],"card_choices":[{"not_picked":["Entrench","Warcry"],"picked":"Infernal Blade","floor":1},{"not_picked":["Clash","Uppercut"],"picked":"Inflame","floor":2},{"not_picked":["Cleave","Sword Boomerang"],"picked":"Anger","floor":3},{"not_picked":["Cleave","Wild Strike"],"picked":"Sword Boomerang","floor":5},{"not_picked":["Sentinel","Metallicize"],"picked":"Clash","floor":7},{"not_picked":["Fiend Fire","Shrug It Off"],"picked":"Flame Barrier","floor":8},{"not_picked":["Wild Strike","Inflame"],"picked":"Anger","floor":12},{"not_picked":["Sentinel","Shrug It Off"],"picked":"Whirlwind","floor":13},{"not_picked":["Impervious","Barricade"],"picked":"Dark Embrace","floor":16},{"not_picked":["Second Wind+1","Searing Blow"],"picked":"Sword Boomerang","floor":18},{"not_picked":["Havoc","Body Slam"],"picked":"Armaments","floor":22},{"not_picked":["Perfected Strike","True Grit"],"picked":"Rage+1","floor":27},{"not_picked":["Cleave+1","Shockwave+1"],"picked":"Perfected Strike","floor":28},{"not_picked":["Body Slam","Barricade"],"picked":"Metallicize","floor":29},{"not_picked":["Cleave","Blood for Blood"],"picked":"Rampage+1","floor":30},{"not_picked":["Rampage","Clash"],"picked":"Anger","floor":31},{"not_picked":["Limit Break","Juggernaut"],"picked":"Reaper","floor":33},{"not_picked":["Pommel Strike","Searing Blow"],"picked":"Whirlwind+1","floor":35},{"not_picked":["Battle Trance","Clothesline+1"],"picked":"Clash+1","floor":36},{"not_picked":["Intimidate+1","Clothesline"],"picked":"Armaments+1","floor":38},{"not_picked":["Battle Trance","Flame Barrier+1"],"picked":"Bludgeon","floor":41},{"not_picked":["Entrench+1","Feel No Pain+1"],"picked":"Shrug It Off+1","floor":44},{"not_picked":["Hemokinesis+1","Warcry+1"],"picked":"Twin Strike+1","floor":46}],"player_experience":144404,"relics_obtained":[{"floor":8,"key":"Pen Nib"},{"floor":9,"key":"Calipers"},{"floor":21,"key":"Gremlin Horn"},{"floor":26,"key":"Ice Cream"},{"floor":29,"key":"Bottled Tornado"},{"floor":36,"key":"Thread and Needle"},{"floor":41,"key":"Girya"},{"floor":41,"key":"Turnip"},{"floor":43,"key":"Mercury Hourglass"}],"event_choices":[{"damage_healed":0,"gold_gain":0,"player_choice":"Bought 2 Potions","damage_taken":0,"max_hp_gain":0,"max_hp_loss":0,"event_name":"The Woman in Blue","floor":4,"gold_loss":0},{"damage_healed":0,"gold_gain":75,"player_choice":"Gather Gold","damage_taken":11,"max_hp_gain":0,"max_hp_loss":0,"event_name":"World of Goop","floor":14,"gold_loss":0},{"cards_removed":["Defend_R"],"damage_healed":0,"gold_gain":0,"player_choice":"Elegance","damage_taken":0,"max_hp_gain":0,"max_hp_loss":0,"event_name":"Back to Basics","floor":19,"gold_loss":0},{"damage_healed":0,"gold_gain":0,"player_choice":"Rummage","damage_taken":0,"relics_obtained":["WarpedTongs"],"max_hp_gain":0,"max_hp_loss":0,"event_name":"Accursed Blacksmith","floor":24,"gold_loss":0,"cards_obtained":["Pain"]},{"damage_healed":0,"gold_gain":0,"player_choice":"Fight","damage_taken":0,"max_hp_gain":0,"max_hp_loss":0,"event_name":"MindBloom","floor":36,"gold_loss":0},{"damage_healed":0,"gold_gain":0,"player_choice":"Ignored","damage_taken":0,"max_hp_gain":0,"max_hp_loss":0,"event_name":"Tomb of Lord Red Mask","floor":37,"gold_loss":0},{"damage_healed":0,"gold_gain":0,"player_choice":"Max HP","damage_taken":0,"max_hp_gain":0,"max_hp_loss":4,"event_name":"Winding Halls","floor":48,"gold_loss":0}],"is_beta":false,"boss_relics":[{"not_picked":["Coffee Dripper","Runic Pyramid"],"picked":"Lizard Tail"},{"not_picked":["Cursed Key","Orrery"],"picked":"Black Star"}],"items_purged_floors":[11],"is_endless":false,"potions_floor_spawned":[1,8,12,13,27,29,30,31,33,36,41,46],"killed_by":"Time Eater","ascension_level":0}