{"gold_per_floor":[115,115,138,158,174,174,193,193,247,271,310,330,364,539,539,665,665,688,688,711,736,761,761],"floor_reached":23,"playtime":1585,"items_purged":[],"score":207,"play_id":"b9f2e7e4-3bfd-4fd0-b1b6-18a8e81953d8","local_time":"20190201130229","is_ascension_mode":false,"campfire_choices":[{"floor":6,"key":"RECALL"},{"data":"Uppercut","floor":8,"key":"SMITH"},{"floor":15,"key":"REST"}],"neow_cost":"NONE","seed_source_timestamp":4113362363354,"circlet_count":0,"master_deck":["Strike_R","Strike_R","Strike_R","Strike_R","Defend_R","Defend_R","Defend_R","Defend_R","Bash","Brutality","Uppercut+1","Shockwave","Reaper","Evolve","Whirlwind","Rupture","Pommel Strike","Doubt","Offering","Metallicize+1","Pommel Strike","Armaments+1"],"relics":["Burning Blood","Golden Idol","Strawberry","Meat on the Bone","Juzu Bracelet","Eternal Feather"],"potions_floor_usage":[10,11,13,16,21,22],"damage_taken":[{"damage":8,"enemies":"Jaw Worm","floor":1,"turns":4},{"damage":0,"enemies":"Small Slimes","floor":3,"turns":3},{"damage":6,"enemies":"2 Louse","floor":4,"turns":3},{"damage":11,"enemies":"Blue Slaver","floor":5,"turns":3},{"damage":24,"enemies":"Exordium Wildlife","floor":7,"turns":6},{"damage":15,"enemies":"2 Fungi Beasts","floor":10,"turns":3},{"damage":50,"enemies":"3 Sentries","floor":11,"turns":9},{"damage":11,"enemies":"Red Slaver","floor":12,"turns":4},{"damage":21,"enemies":"Gremlin Nob","floor":13,"turns":4},{"damage":65,"enemies":"Hexaghost","floor":16,"turns":11},{"damage":44,"enemies":"3 Byrds","floor":18,"turns":7},{"damage":24,"enemies":"Shell Parasite","floor":20,"turns":11},{"damage":39,"enemies":"Cultist and Chosen","floor":21,"turns":8},{"damage":46,"enemies":"Snake Plant","floor":22,"turns":6},{"damage":36,"enemies":"Gremlin Leader","floor":23,"turns":4}],"seed_played":"-8581947384953040762","potions_obtained":[{"floor":1,"key":"Energy Potion"},{"floor":3,"key":"Energy Potion"},{"floor":5,"key":"Regen Potion"},{"floor":11,"key":"Weak Potion"},{"floor":12,"key":"SneckoOil"},{"floor":21,"key":"BloodPotion"}],"is_trial":false,"path_per_floor":["M","?","M","M","M","R","M","R","T","M","E","M","E","?","R","B",null,"M","?","M","M","M","E"],"character_chosen":"IRONCLAD","items_purchased":[],"campfire_rested":1,"item_purchase_floors":[],"current_hp_per_floor":[78,74,74,74,69,69,55,55,62,63,52,53,50,50,74,27,81,52,52,46,35,21,0],"gold":761,"neow_bonus":"TRANSFORM_CARD","is_prod":false,"is_daily":false,"chose_seed":false,"campfire_upgraded":1,"win_rate":0,"timestamp":1549054949,"path_taken":["M","?","M","M","M","R","M","R","T","M","E","M","E","?","R","BOSS","M","?","M","M","M","E"],"build_version":"2019-01-23","purchased_purges":0,"victory":false,"max_hp_per_floor":[80,74,74,74,74,74,74,74,81,81,81,81,81,81,81,81,81,81,81,81,81,81,81],"card_choices":[{"not_picked":["Body Slam","Twin Strike"],"picked":"Uppercut","floor":1},{"not_picked":["Armaments","Corruption"],"picked":"Shockwave","floor":3},{"not_picked":["Perfected Strike","Warcry"],"picked":"Reaper","floor":4},{"not_picked":["Iron Wave","Anger","Clash"],"picked":"SKIP","floor":5},{"not_picked":["Clash","Hemokinesis"],"picked":"Evolve","floor":7},{"not_picked":["Dual Wield","Burning Pact"],"picked":"Whirlwind","floor":10},{"not_picked":["Brutality","Wild Strike"],"picked":"Rupture","floor":11},{"not_picked":["Dual Wield","Clash"],"picked":"Pommel Strike","floor":12},{"not_picked":["Uppercut","Whirlwind","Perfected Strike"],"picked":"SKIP","floor":13},{"not_picked":["Impervious","Exhume"],"picked":"Offering","floor":16},{"not_picked":["Burning Pact","Body Slam"],"picked":"Metallicize+1","floor":18},{"not_picked":["Anger","Twin Strike","Infernal Blade+1"],"picked":"SKIP","floor":20},{"not_picked":["Carnage","Flex"],"picked":"Pommel Strike","floor":21},{"not_picked":["Rampage+1","Fiend Fire"],"picked":"Armaments+1","floor":22}],"player_experience":224193,"relics_obtained":[{"floor":9,"key":"Strawberry"},{"floor":11,"key":"Meat on the Bone"},{"floor":13,"key":"Juzu Bracelet"}],"event_choices":[{"damage_healed":0,"gold_gain":0,"player_choice":"Lose Max HP","damage_taken":0,"relics_obtained":["Golden Idol"],"max_hp_gain":0,"max_hp_loss":6,"event_name":"Golden Idol","floor":2,"gold_loss":0},{"damage_healed":0,"gold_gain":175,"player_choice":"AGREE","damage_taken":0,"max_hp_gain":0,"max_hp_loss":0,"event_name":"Liars Game","floor":14,"gold_loss":0,"cards_obtained":["Doubt"]},{"damage_healed":0,"gold_gain":0,"player_choice":"Ignored","damage_taken":0,"max_hp_gain":0,"max_hp_loss":0,"event_name":"Ghosts","floor":19,"gold_loss":0}],"is_beta":false,"boss_relics":[{"not_picked":["Sozu","Astrolabe"],"picked":"Eternal Feather"}],"items_purged_floors":[],"is_endless":false,"potions_floor_spawned":[1,3,5,11,12,21],"killed_by":"Gremlin Leader","ascension_level":0}