{"gold_per_floor":[214,214,225,105,122,122,147,147,200,52,62,62,81,110,110,187,187,203,253,234,134,145,145,163,163,187,207,207,222,20,20,20,20],"floor_reached":33,"playtime":1004,"items_purged":["Strike_R","Strike_R"],"score":450,"play_id":"f070942a-2941-4ae9-aedf-e4d7d41a7916","local_time":"20190116221604","is_ascension_mode":true,"campfire_choices":[{"data":"Armaments","floor":6.0,"key":"SMITH"},{"floor":12.0,"key":"REST"},{"data":"Whirlwind","floor":15.0,"key":"SMITH"},{"floor":23,"key":"REST"},{"data":"Body Slam","floor":25,"key":"SMITH"},{"floor":28,"key":"REST"},{"data":"True Grit","floor":32,"key":"SMITH"}],"neow_cost":"NONE","seed_source_timestamp":27771932699914,"circlet_count":0,"master_deck":["AscendersBane","Strike_R","Strike_R","Strike_R","Defend_R","Defend_R+1","Defend_R+1","Defend_R","Bash","Blood for Blood+1","Sword Boomerang","Armaments+1","Entrench+1","Whirlwind+1","Impervious","True Grit+1","Shrug It Off","Body Slam+1","Feel No Pain+1","Master of Strategy"],"special_seed":0,"relics":["Burning Blood","War Paint","Ancient Tea Set","Happy Flower","Frozen Egg 2","Orrery","Regal Pillow"],"potions_floor_usage":[24,33],"damage_taken":[{"damage":2.0,"enemies":"2 Louse","floor":1.0,"turns":4.0},{"damage":6.0,"enemies":"Cultist","floor":3.0,"turns":4.0},{"damage":10.0,"enemies":"Small Slimes","floor":5.0,"turns":3.0},{"damage":32.0,"enemies":"Gremlin Nob","floor":7.0,"turns":4.0},{"damage":13.0,"enemies":"3 Louse","floor":11.0,"turns":5.0},{"damage":15.0,"enemies":"Exordium Thugs","floor":13.0,"turns":4.0},{"damage":29.0,"enemies":"3 Sentries","floor":14.0,"turns":10.0},{"damage":21.0,"enemies":"Slime Boss","floor":16.0,"turns":7.0},{"damage":8.0,"enemies":"Chosen","floor":18.0,"turns":6.0},{"damage":17.0,"enemies":"2 Thieves","floor":20.0,"turns":4.0},{"damage":22,"enemies":"Cultist and Chosen","floor":22,"turns":8},{"damage":2,"enemies":"3 Cultists","floor":24,"turns":4},{"damage":40,"enemies":"Sentry and Sphere","floor":27,"turns":10},{"damage":5,"enemies":"Centurion and Healer","floor":29,"turns":8},{"damage":64,"enemies":"Automaton","floor":33,"turns":6}],"seed_played":"5511844555834829271","potions_obtained":[{"floor":7.0,"key":"Poison Potion"},{"floor":13.0,"key":"SteroidPotion"},{"floor":14.0,"key":"Energy Potion"},{"floor":16.0,"key":"Ancient Potion"},{"floor":18.0,"key":"Energy Potion"},{"floor":24,"key":"Energy Potion"}],"is_trial":false,"path_per_floor":["M","?","M","$","M","R","E","?","T","$","M","R","M","E","R","B",null,"M","?","M","$","M","R","M","R","T","M","R","M","$","?","R","B"],"character_chosen":"IRONCLAD","items_purchased":["Armaments","Happy Flower","Feel No Pain+1","Master of Strategy"],"campfire_rested":3,"item_purchase_floors":[4,10,30,30],"current_hp_per_floor":[72,72,72,72,68,68,42,42,42,42,35,57,48,25,25,10,59,57,50,39,39,23,45,49,49,49,15,52,53,53,53,53,0],"gold":20,"neow_bonus":"HUNDRED_GOLD","is_prod":false,"is_daily":false,"chose_seed":false,"campfire_upgraded":4,"win_rate":0,"timestamp":1547644564,"path_taken":["M","?","?","$","M","R","E","?","T","$","?","R","M","E","R","BOSS","M","?","M","$","M","R","M","R","T","?","R","M","$","?","R","BOSS"],"build_version":"2019-01-10","purchased_purges":2,"victory":false,"max_hp_per_floor":[75,75,75,75,75,75,75,75,75,75,75,75,75,75,75,75,75,75,75,75,75,75,75,75,75,75,75,75,75,75,75,75,75],"card_choices":[{"not_picked":["Sword Boomerang","Shrug It Off"],"picked":"Blood for Blood","floor":1.0},{"not_picked":["Rampage","Anger"],"picked":"Sword Boomerang","floor":3.0},{"not_picked":["Iron Wave","Sentinel"],"picked":"Entrench","floor":5.0},{"not_picked":["Entrench","Sword Boomerang","True Grit"],"picked":"SKIP","floor":7.0},{"not_picked":["Corruption","Armaments","Sword Boomerang"],"picked":"SKIP","floor":11.0},{"not_picked":["Cleave","True Grit","Sword Boomerang"],"picked":"SKIP","floor":13.0},{"not_picked":["Bloodletting","Sever Soul"],"picked":"Whirlwind","floor":14.0},{"not_picked":["Juggernaut+1","Brutality+1"],"picked":"Impervious","floor":16.0},{"not_picked":["Rage","Shrug It Off"],"picked":"True Grit","floor":17.0},{"not_picked":["Wild Strike","Cleave"],"picked":"Shrug It Off","floor":17.0},{"not_picked":["Clothesline","Corruption+1","Warcry"],"picked":"SKIP","floor":18.0},{"not_picked":["Sword Boomerang","Pommel Strike"],"picked":"Body Slam","floor":20.0},{"not_picked":["Sentinel","Carnage","Intimidate+1"],"picked":"SKIP","floor":22},{"not_picked":["Wild Strike","Heavy Blade","Pommel Strike"],"picked":"SKIP","floor":24},{"not_picked":["Thunderclap","Sword Boomerang","Havoc"],"picked":"SKIP","floor":27},{"not_picked":["Twin Strike","Wild Strike","Shockwave"],"picked":"SKIP","floor":29}],"player_experience":937181,"relics_obtained":[{"floor":7.0,"key":"War Paint"},{"floor":9.0,"key":"Ancient Tea Set"},{"floor":14.0,"key":"Frozen Egg 2"},{"floor":26,"key":"Regal Pillow"}],"event_choices":[{"damage_healed":0.0,"max_hp_gain":0.0,"max_hp_loss":0.0,"gold_gain":0.0,"event_name":"Upgrade Shrine","player_choice":"Upgraded","floor":2.0,"gold_loss":0.0,"damage_taken":0.0,"cards_upgraded":["Blood for Blood"]},{"damage_healed":0.0,"max_hp_gain":0.0,"max_hp_loss":0.0,"gold_gain":0.0,"event_name":"Upgrade Shrine","player_choice":"Upgraded","floor":8.0,"gold_loss":0.0,"damage_taken":0.0,"cards_upgraded":["Entrench"]},{"damage_healed":0.0,"max_hp_gain":0.0,"max_hp_loss":0.0,"gold_gain":50.0,"event_name":"FaceTrader","player_choice":"Touch","floor":19.0,"gold_loss":0.0,"damage_taken":7.0},{"damage_healed":0,"gold_gain":0,"player_choice":"Ignored","damage_taken":0,"max_hp_gain":0,"max_hp_loss":0,"event_name":"Vampires","floor":31,"gold_loss":0}],"is_beta":false,"boss_relics":[{"not_picked":["Black Star","Mark of Pain"],"picked":"Orrery"}],"items_purged_floors":[4,21],"is_endless":false,"potions_floor_spawned":[7,13,14,16,18,24,27],"killed_by":"Automaton","ascension_level":15}