{"gold_per_floor":[119,119,269,142,142,142,160,160,160,179,213,213,240,250,250,322,322,335,335,348,359,392,422,422,422],"floor_reached":25,"playtime":822,"items_purged":["Doubt"],"score":601,"play_id":"5d07856c-0269-49d4-a57f-9f1f1acf8fb1","local_time":"20180711005007","daily_mods":["Diverse"],"is_ascension_mode":true,"campfire_choices":[{"data":"Streamline","floor":6.0,"key":"SMITH"},{"data":"Leap","floor":8.0,"key":"SMITH"},{"data":"Uppercut","floor":12,"key":"SMITH"},{"floor":15,"key":"REST"},{"floor":24,"key":"REST"}],"neow_cost":"","seed_source_timestamp":197276568112092,"circlet_count":0,"master_deck":["Strike_R","Strike_R","Strike_R","Strike_R","Strike_R","Defend_R","Defend_R","Defend_R","Defend_R","Bash+1","AscendersBane","Streamline+1","Leap+1","Uppercut+1","Exhume","Cold Snap","Reaper","After Image","Spot Weakness","Ghostly","Ghostly","Ghostly","Ghostly","Ghostly","Hologram","Conserve Battery"],"special_seed":0,"relics":["Snecko Eye","Ancient Tea Set","Bottled Flame","Black Star","Red Mask","Mummified Hand","Gremlin Horn"],"potions_floor_usage":[16,18,23],"damage_taken":[{"damage":0.0,"enemies":"2 Louse","floor":1.0,"turns":3.0},{"damage":0.0,"enemies":"Small Slimes","floor":7.0,"turns":3.0},{"damage":0,"enemies":"Jaw Worm","floor":10,"turns":2},{"damage":16,"enemies":"3 Sentries","floor":11,"turns":10},{"damage":30,"enemies":"Lagavulin","floor":13,"turns":4},{"damage":0,"enemies":"Blue Slaver","floor":14,"turns":1},{"damage":4,"enemies":"Slime Boss","floor":16,"turns":9},{"damage":39,"enemies":"2 Thieves","floor":18,"turns":4},{"damage":2,"enemies":"Chosen","floor":20,"turns":4},{"damage":1,"enemies":"Snake Plant","floor":21,"turns":4},{"damage":8,"floor":22,"turns":6},{"damage":26,"enemies":"Slavers","floor":23,"turns":8},{"damage":26,"enemies":"Book of Stabbing","floor":25,"turns":7}],"seed_played":"-749874726651101973","potions_obtained":[{"floor":7.0,"key":"Weak Potion"},{"floor":13,"key":"Poison Potion"},{"floor":20,"key":"Weak Potion"},{"floor":23,"key":"Strength Potion"}],"is_trial":true,"path_per_floor":["M","?","?","$","$","R","M","R","T","M","E","R","E","M","R","B",null,"M","?","M","M","?","E","R"],"character_chosen":"IRONCLAD","items_purchased":["Leap"],"campfire_rested":2,"item_purchase_floors":[4],"current_hp_per_floor":[68,68,68,68,68,68,68,68,68,68,52,52,22,22,44,48,68,35,35,33,32,29,3,14,0],"gold":422,"neow_bonus":"","is_prod":false,"is_daily":false,"chose_seed":false,"campfire_upgraded":3,"win_rate":0,"timestamp":1531295407,"path_taken":["M","?","?","?","$","R","M","R","T","M","E","R","E","?","R","BOSS","M","?","M","?","?","E","R","E"],"build_version":"2018-07-09","purchased_purges":1,"victory":false,"max_hp_per_floor":[75,75,75,75,75,75,75,75,75,75,75,75,75,75,75,75,75,75,37,37,37,37,37,37,37],"card_choices":[{"not_picked":["Heavy Blade","Underhanded Strike"],"picked":"Streamline","floor":1.0},{"not_picked":["Deflect","Cold Snap"],"picked":"Uppercut","floor":10},{"not_picked":["Defragment","Coolheaded"],"picked":"Exhume","floor":11},{"not_picked":["Poisoned Stab","Flying Knee"],"picked":"Cold Snap","floor":13},{"not_picked":["Combust","Iron Wave"],"picked":"Reaper","floor":14},{"not_picked":["Brutality","Night Terror"],"picked":"After Image","floor":16},{"not_picked":["Blur+1","Power Through+1"],"picked":"Spot Weakness","floor":18},{"not_picked":["Stack","Double Energy"],"picked":"Hologram","floor":22},{"not_picked":["Steam","PiercingWail+1"],"picked":"Conserve Battery","floor":23}],"player_experience":579389,"relics_obtained":[{"floor":11,"key":"Ancient Tea Set"},{"floor":13,"key":"Bottled Flame"},{"floor":22,"key":"Red Mask"},{"floor":23,"key":"Mummified Hand"},{"floor":23,"key":"Gremlin Horn"}],"event_choices":[{"event_name":"Living Wall","player_choice":"Grow","floor":2.0,"damage_taken":0.0},{"event_name":"Liars Game","player_choice":"agreed","floor":3.0,"damage_taken":0.0},{"event_name":"Ghosts","player_choice":"Became a Ghost","floor":19,"damage_taken":0},{"event_name":"Masked Bandits","player_choice":"Fought over 359 gold","floor":22,"damage_taken":0}],"boss_relics":[{"not_picked":["Orrery","Tiny House"],"picked":"Black Star"}],"items_purged_floors":[4],"is_endless":true,"potions_floor_spawned":[7,13,14,20,23],"killed_by":"Book of Stabbing","ascension_level":15}