{"gold_per_floor":[113,129,149,149,149,180,203,222,248,274,72,72,72,90,90,90],"floor_reached":16,"playtime":781,"items_purged":[],"score":146,"play_id":"a5ed3631-d0d4-449f-948b-368892f3e6e8","local_time":"20190129205828","is_ascension_mode":true,"campfire_choices":[{"floor":12,"key":"REST"},{"data":"True Grit","floor":15,"key":"SMITH"}],"neow_cost":"NONE","seed_source_timestamp":521774332981531,"circlet_count":0,"master_deck":["Strike_R","Strike_R","Strike_R","Strike_R","Strike_R","Defend_R","Defend_R","Defend_R","Defend_R","Bash","Finesse","Perfected Strike","Battle Trance","Wild Strike","Shockwave","Shrug It Off","True Grit+1","Feed","Immolate","Flame Barrier"],"relics":["Burning Blood","Golden Idol","Regal Pillow","MawBank","Lantern","Question Card"],"potions_floor_usage":[10,14],"damage_taken":[{"damage":0,"enemies":"Cultist","floor":1,"turns":4},{"damage":12,"enemies":"Small Slimes","floor":2,"turns":4},{"damage":7,"enemies":"Jaw Worm","floor":3,"turns":3},{"damage":49,"enemies":"Lagavulin","floor":6,"turns":6},{"damage":2,"enemies":"2 Fungi Beasts","floor":7,"turns":3},{"damage":7,"enemies":"3 Louse","floor":8,"turns":4},{"damage":15,"enemies":"Gremlin Gang","floor":10,"turns":3},{"damage":0,"enemies":"Red Slaver","floor":14,"turns":1},{"damage":77,"enemies":"The Guardian","floor":16,"turns":10}],"seed_played":"1097468988931901986","potions_obtained":[{"floor":8,"key":"Explosive Potion"},{"floor":10,"key":"Energy Potion"}],"is_trial":false,"path_per_floor":["M","M","M","?","?","E","M","M","T","M","$","R","T","M","R","B"],"character_chosen":"IRONCLAD","items_purchased":["Lantern","Immolate"],"campfire_rested":1,"item_purchase_floors":[11,11],"current_hp_per_floor":[78,72,71,71,64,21,25,24,24,15,15,54,54,60,60,0],"gold":90,"neow_bonus":"RANDOM_COLORLESS","is_prod":false,"is_daily":false,"chose_seed":false,"campfire_upgraded":1,"win_rate":0,"timestamp":1548777508,"path_taken":["M","?","M","?","?","E","M","M","T","M","$","R","?","M","R","BOSS"],"build_version":"2019-01-23","purchased_purges":0,"victory":false,"max_hp_per_floor":[80,80,80,80,80,80,80,80,80,80,80,80,80,80,80,80],"card_choices":[{"not_picked":["Headbutt","Corruption"],"picked":"Perfected Strike","floor":1},{"not_picked":["Rage","Thunderclap"],"picked":"Battle Trance","floor":2},{"not_picked":["Body Slam","Anger"],"picked":"Wild Strike","floor":3},{"not_picked":["Cleave","Pommel Strike"],"picked":"Shockwave","floor":6},{"not_picked":["Ghostly Armor","Anger"],"picked":"Shrug It Off","floor":7},{"not_picked":["Cleave","Iron Wave"],"picked":"True Grit","floor":8},{"not_picked":["Rage","Blood for Blood"],"picked":"Feed","floor":10},{"not_picked":["Metallicize","Disarm","Anger"],"picked":"Flame Barrier","floor":14}],"player_experience":286204,"relics_obtained":[{"floor":6,"key":"Regal Pillow"},{"floor":9,"key":"MawBank"},{"floor":13,"key":"Question Card"}],"event_choices":[{"damage_healed":0,"gold_gain":0,"player_choice":"Take Wound","damage_taken":0,"relics_obtained":["Golden Idol"],"max_hp_gain":0,"max_hp_loss":0,"event_name":"Golden Idol","floor":4,"gold_loss":0,"cards_obtained":["Injury"]},{"cards_removed":["Injury"],"damage_healed":0,"gold_gain":0,"player_choice":"Card Removal","damage_taken":7,"max_hp_gain":0,"max_hp_loss":0,"event_name":"Golden Wing","floor":5,"gold_loss":0}],"is_beta":false,"boss_relics":[],"items_purged_floors":[],"is_endless":false,"potions_floor_spawned":[8,10],"killed_by":"The Guardian","ascension_level":8}