{"gold_per_floor":[111,111,111,111,4,4,22,55,82,82,96,96,127,139,139,217,217,233,244,244,262,30,30,30,30,55,55,55,55],"floor_reached":29,"playtime":635,"items_purged":[],"score":508,"play_id":"ef7ceae6-0cd4-4cd9-8f42-538ee09ec726","local_time":"20190118001439","is_ascension_mode":true,"campfire_choices":[{"data":"Armaments","floor":6.0,"key":"SMITH"},{"data":"Metallicize","floor":10.0,"key":"SMITH"},{"data":"Bash","floor":12.0,"key":"SMITH"},{"data":"Flex","floor":15.0,"key":"SMITH"},{"data":"Ghostly","floor":23,"key":"SMITH"},{"data":"Ghostly","floor":25,"key":"SMITH"},{"data":"Ghostly","floor":27,"key":"SMITH"}],"neow_cost":"NONE","seed_source_timestamp":172747549465506,"circlet_count":0,"master_deck":["AscendersBane","Strike_R","Strike_R","Strike_R","Defend_R","Defend_R","Defend_R","Defend_R","Bash+1","Metallicize+1","Flex+1","Armaments+1","Pommel Strike","Cleave","Headbutt","Pummel","Demon Form","Heavy Blade","Ghostly+1","Ghostly+1","Ghostly+1","True Grit","Metamorphosis","Necronomicurse"],"special_seed":0,"relics":["Busted Crown","Mango","Happy Flower","Regal Pillow","Runic Dome","Necronomicon","Blood Vial"],"potions_floor_usage":[29],"damage_taken":[{"damage":7.0,"enemies":"Jaw Worm","floor":1.0,"turns":3.0},{"damage":0.0,"enemies":"Small Slimes","floor":7.0,"turns":3.0},{"damage":0.0,"enemies":"Gremlin Nob","floor":8.0,"turns":1.0},{"damage":0.0,"enemies":"Cultist","floor":11.0,"turns":3.0},{"damage":7.0,"enemies":"3 Sentries","floor":13.0,"turns":7.0},{"damage":7.0,"enemies":"Blue Slaver","floor":14.0,"turns":3.0},{"damage":3.0,"enemies":"The Guardian","floor":16.0,"turns":8.0},{"damage":6.0,"enemies":"Chosen","floor":18.0,"turns":5.0},{"damage":13.0,"enemies":"Shell Parasite","floor":19.0,"turns":4.0},{"damage":0.0,"enemies":"Shelled Parasite and Fungi","floor":21.0,"turns":5.0},{"damage":36,"enemies":"Cultist and Chosen","floor":29,"turns":7}],"seed_played":"1614781773303327060","potions_obtained":[{"floor":1.0,"key":"AttackPotion"},{"floor":7.0,"key":"SpeedPotion"},{"floor":13.0,"key":"FearPotion"},{"floor":18.0,"key":"Weak Potion"}],"is_trial":false,"path_per_floor":["M","?","?","?","$","R","M","E","T","R","M","R","E","M","R","B",null,"M","M","?","M","$","R","?","R","T","R","?","M"],"character_chosen":"IRONCLAD","items_purchased":["Armaments","Pommel Strike","True Grit","Metamorphosis"],"campfire_rested":0,"item_purchase_floors":[5,5,22,22],"current_hp_per_floor":[61,61,66,66,66,66,66,80,80,80,80,80,73,66,66,63,86,80,67,47,47,47,47,26,26,26,26,26,0],"gold":55,"neow_bonus":"BOSS_RELIC","is_prod":false,"is_daily":false,"chose_seed":false,"campfire_upgraded":7,"win_rate":0,"timestamp":1547799279,"path_taken":["M","?","?","?","$","R","M","E","T","R","M","R","E","M","R","BOSS","M","?","?","M","$","R","?","R","T","R","?","?"],"build_version":"2019-01-16","purchased_purges":0,"victory":false,"max_hp_per_floor":[75,75,80,80,80,80,80,94,94,94,94,94,94,94,94,94,94,94,94,47,47,47,47,47,47,47,47,47,47],"card_choices":[{"not_picked":[],"picked":"Metallicize","floor":1.0},{"not_picked":[],"picked":"Cleave","floor":7.0},{"not_picked":[],"picked":"Headbutt","floor":8.0},{"not_picked":[],"picked":"Pummel","floor":14.0},{"not_picked":[],"picked":"Demon Form","floor":16.0},{"not_picked":[],"picked":"Heavy Blade","floor":18.0}],"player_experience":1027653,"relics_obtained":[{"floor":8.0,"key":"Mango"},{"floor":9.0,"key":"Happy Flower"},{"floor":13.0,"key":"Regal Pillow"},{"floor":24,"key":"Necronomicon"},{"floor":26,"key":"Blood Vial"}],"event_choices":[{"damage_healed":0.0,"max_hp_gain":0.0,"max_hp_loss":0.0,"gold_gain":0.0,"event_name":"The Cleric","player_choice":"Leave","floor":2.0,"gold_loss":0.0,"damage_taken":0.0},{"damage_healed":0.0,"max_hp_gain":5.0,"max_hp_loss":0.0,"gold_gain":0.0,"event_name":"Big Fish","player_choice":"Donut","floor":3.0,"gold_loss":0.0,"damage_taken":0.0},{"damage_healed":0.0,"max_hp_gain":0.0,"max_hp_loss":0.0,"gold_gain":0.0,"cards_transformed":["Strike_R"],"event_name":"Transmorgrifier","player_choice":"Transformed","floor":4.0,"gold_loss":0.0,"damage_taken":0.0,"cards_obtained":["Flex"]},{"damage_healed":0.0,"max_hp_gain":0.0,"max_hp_loss":47.0,"gold_gain":0.0,"event_name":"Ghosts","player_choice":"Became a Ghost","floor":20.0,"gold_loss":0.0,"damage_taken":0.0,"cards_obtained":["Ghostly","Ghostly","Ghostly"]},{"damage_healed":0,"gold_gain":0,"player_choice":"Obtained Book","damage_taken":21,"max_hp_gain":0,"max_hp_loss":0,"event_name":"Cursed Tome","floor":24,"gold_loss":0},{"cards_removed":["Strike_R"],"damage_healed":0,"gold_gain":0,"player_choice":"Purged","damage_taken":0,"max_hp_gain":0,"max_hp_loss":0,"event_name":"Purifier","floor":28,"gold_loss":0}],"is_beta":true,"boss_relics":[{"not_picked":["Philosopher\u0027s Stone","Mark of Pain"],"picked":"Runic Dome"}],"items_purged_floors":[],"is_endless":false,"potions_floor_spawned":[1,7,13,18],"killed_by":"Cultist and Chosen","ascension_level":20}