{"gold_per_floor":[118,138,63,82,82,82,92,122,122,154,168,196,196,224,236,322,334,361,388,414,439,451,463,495,507,519,543,555,567,579,603,615,627],"floor_reached":33,"playtime":1444,"items_purged":[],"score":642,"play_id":"ede29d3a-b25c-4bdd-925d-059daabe7e8c","local_time":"20181220010346","is_ascension_mode":true,"campfire_choices":[{"data":"Carnage","floor":6.0,"key":"SMITH"},{"data":"Bash","floor":15.0,"key":"SMITH"},{"floor":23.0,"key":"REST"},{"data":"Armaments","floor":25.0,"key":"SMITH"},{"data":"Offering","floor":28.0,"key":"SMITH"},{"data":"Battle Trance","floor":30.0,"key":"SMITH"},{"floor":32.0,"key":"REST"}],"neow_cost":"NONE","seed_source_timestamp":0,"circlet_count":0,"master_deck":["AscendersBane","Strike_R","Strike_R","Defend_R","Defend_R","Defend_R","Defend_R","Bash+1","Cleave","Sword Boomerang","Carnage+1","Battle Trance+1","Offering+1","Thunderclap","Barricade","Metallicize","Power Through","Armaments+1","Shrug It Off","True Grit","Shrug It Off+1","Corruption","Impervious","Fiend Fire"],"special_seed":0,"relics":["Burning Blood","Oddly Smooth Stone","Dream Catcher","Paper Frog","Charon\u0027s Ashes","Omamori","MawBank","Orrery","Bottled Lightning","Potion Belt"],"potions_floor_usage":[],"damage_taken":[{"damage":1.0,"enemies":"Jaw Worm","floor":1.0,"turns":6.0},{"damage":6.0,"enemies":"Small Slimes","floor":2.0,"turns":4.0},{"damage":0.0,"enemies":"Cultist","floor":4.0,"turns":4.0},{"damage":5.0,"enemies":"Looter","floor":7.0,"turns":2.0},{"damage":8.0,"enemies":"Gremlin Nob","floor":8.0,"turns":3.0},{"damage":22.0,"enemies":"Lagavulin","floor":10.0,"turns":6.0},{"damage":2.0,"enemies":"Exordium Wildlife","floor":11.0,"turns":3.0},{"damage":24.0,"enemies":"3 Sentries","floor":12.0,"turns":5.0},{"damage":0.0,"enemies":"Lots of Slimes","floor":14.0,"turns":1.0},{"damage":6.0,"enemies":"Slime Boss","floor":16.0,"turns":4.0},{"damage":29.0,"enemies":"Shell Parasite","floor":18.0,"turns":9.0},{"damage":19.0,"enemies":"Spheric Guardian","floor":19.0,"turns":5.0},{"damage":8.0,"enemies":"Snake Plant","floor":20.0,"turns":2.0},{"damage":26.0,"enemies":"Centurion and Healer","floor":21.0,"turns":9.0},{"damage":13.0,"enemies":"Sentry and Sphere","floor":24.0,"turns":5.0},{"damage":6.0,"enemies":"Snecko","floor":27.0,"turns":7.0},{"damage":6.0,"enemies":"Centurion and Healer","floor":31.0,"turns":10.0},{"damage":44,"enemies":"Automaton","floor":33,"turns":10}],"seed_played":"-1373916978920108372","potions_obtained":[{"floor":2.0,"key":"AttackPotion"},{"floor":5.0,"key":"Fire Potion"},{"floor":7.0,"key":"Strength Potion"},{"floor":10.0,"key":"Weak Potion"},{"floor":11.0,"key":"LiquidBronze"},{"floor":12.0,"key":"SteroidPotion"},{"floor":19.0,"key":"LiquidBronze"},{"floor":20.0,"key":"SteroidPotion"},{"floor":31.0,"key":"Poison Potion"}],"is_trial":false,"path_per_floor":["M","M","?","M","?","R","M","E","T","E","M","E","?","M","R","B",null,"M","M","M","M","?","R","M","R","T","M","R","?","R","M","R","B"],"character_chosen":"IRONCLAD","items_purchased":[],"campfire_rested":2,"item_purchase_floors":[],"current_hp_per_floor":[73,73,73,75,75,75,75,73,73,57,61,43,43,49,49,49,69,46,33,31,11,11,33,26,26,26,26,26,26,26,26,48,4],"gold":627,"neow_bonus":"RANDOM_COMMON_RELIC","is_prod":false,"is_daily":false,"chose_seed":false,"campfire_upgraded":5,"win_rate":0,"timestamp":1545235426,"path_taken":["M","M","?","M","?","R","?","E","T","E","M","E","?","M","R","BOSS","M","M","M","M","?","R","M","R","T","M","R","?","R","M","R","BOSS"],"build_version":"2018-12-13","purchased_purges":0,"victory":false,"max_hp_per_floor":[75,75,75,75,75,75,75,75,75,75,75,75,75,75,75,75,75,75,75,75,75,75,75,75,75,75,75,75,75,75,75,75,75],"card_choices":[{"not_picked":["Corruption","Anger"],"picked":"Cleave","floor":1.0},{"not_picked":["Sentinel","Pommel Strike"],"picked":"Sword Boomerang","floor":2.0},{"not_picked":["Disarm","Havoc"],"picked":"Carnage","floor":4.0},{"not_picked":["Anger","Body Slam","Clash"],"picked":"SKIP","floor":7.0},{"not_picked":["Intimidate","Bludgeon"],"picked":"Battle Trance","floor":8.0},{"not_picked":["Havoc","Metallicize","Reckless Charge"],"picked":"SKIP","floor":10.0},{"not_picked":["Sword Boomerang","Searing Blow","Dual Wield"],"picked":"SKIP","floor":11.0},{"not_picked":["Double Tap","Metallicize"],"picked":"Offering","floor":12.0},{"not_picked":["Clothesline","Warcry"],"picked":"Thunderclap","floor":14.0},{"not_picked":["Limit Break","Juggernaut"],"picked":"Barricade","floor":16.0},{"not_picked":["Havoc","Pummel"],"picked":"Metallicize","floor":17.0},{"not_picked":["Sword Boomerang","Disarm"],"picked":"Power Through","floor":17.0},{"not_picked":["Warcry","Uppercut"],"picked":"Armaments","floor":17.0},{"not_picked":["Sword Boomerang","Warcry"],"picked":"Shrug It Off","floor":17.0},{"not_picked":["Perfected Strike","Headbutt","Cleave"],"picked":"SKIP","floor":18.0},{"not_picked":["Disarm","Headbutt"],"picked":"True Grit","floor":19.0},{"not_picked":["Iron Wave","Heavy Blade","Infernal Blade"],"picked":"SKIP","floor":20.0},{"not_picked":["Sword Boomerang","Iron Wave"],"picked":"Shrug It Off+1","floor":21.0},{"not_picked":["Havoc","Iron Wave+1"],"picked":"Fiend Fire","floor":23.0},{"not_picked":["Whirlwind","True Grit","Searing Blow"],"picked":"SKIP","floor":24.0},{"not_picked":["Infernal Blade","Sever Soul","Shockwave"],"picked":"SKIP","floor":27.0},{"not_picked":["Armaments","Clash","Flex"],"picked":"SKIP","floor":31.0}],"player_experience":817766,"relics_obtained":[{"floor":8.0,"key":"Dream Catcher"},{"floor":9.0,"key":"Paper Frog"},{"floor":10.0,"key":"Charon\u0027s Ashes"},{"floor":12.0,"key":"Omamori"},{"floor":26.0,"key":"Bottled Lightning"}],"event_choices":[{"cards_removed":["Strike_R"],"damage_healed":0.0,"max_hp_gain":0.0,"max_hp_loss":0.0,"gold_gain":0.0,"event_name":"The Cleric","player_choice":"Card Removal","floor":3.0,"gold_loss":75.0,"damage_taken":0.0},{"damage_healed":0.0,"max_hp_gain":0.0,"max_hp_loss":0.0,"gold_gain":0.0,"event_name":"Lab","player_choice":"Got Potions","floor":5.0,"gold_loss":0.0,"damage_taken":0.0},{"damage_healed":0.0,"max_hp_gain":0.0,"max_hp_loss":0.0,"gold_gain":0.0,"event_name":"Big Fish","player_choice":"Box","floor":13.0,"gold_loss":0.0,"damage_taken":0.0,"relics_obtained":["MawBank"],"cards_obtained":["Regret"]},{"damage_healed":0.0,"max_hp_gain":0.0,"max_hp_loss":0.0,"gold_gain":0.0,"cards_transformed":["Strike_R","Strike_R"],"event_name":"Drug Dealer","player_choice":"Became Test Subject","floor":22.0,"gold_loss":0.0,"damage_taken":0.0,"cards_obtained":["Corruption","Impervious"]},{"damage_healed":0.0,"max_hp_gain":0.0,"max_hp_loss":0.0,"gold_gain":0.0,"event_name":"WeMeetAgain","player_choice":"Gave Potion","floor":29.0,"gold_loss":0.0,"damage_taken":0.0,"relics_obtained":["Potion Belt"]}],"is_beta":false,"boss_relics":[{"not_picked":["Calling Bell","Velvet Choker"],"picked":"Orrery"}],"items_purged_floors":[],"is_endless":false,"potions_floor_spawned":[2,7,10,11,12,19,20,31],"killed_by":"Automaton","ascension_level":20}