{"path_per_floor":["M","$","?","M","$","R","M","R","T","M","E","R","M","?","R","B",null,"M","M","?","M","M","R","?","R","T","M","M","M","R","$","R","B",null,"M","?","M","$","M","R","M","?","T","M","R","M","R","E","R","B"],"character_chosen":"THE_SILENT","items_purchased":["Infinite Blades","Predator","Shuriken","Accuracy","Cloak And Dagger","Sucker Punch"],"gold_per_floor":[112,73,73,96,60,60,81,81,131,145,184,184,205,205,205,334,334,355,380,380,405,421,421,421,421,421,444,457,471,471,8,8,139,139,164,164,179,79,104,104,123,456,456,472,472,486,486,516,516,516],"floor_reached":51,"campfire_rested":3,"playtime":2290,"current_hp_per_floor":[70,70,53,53,53,53,53,53,53,53,42,42,37,37,70,45,70,69,62,62,62,58,58,42,42,42,33,33,33,33,33,69,48,70,70,70,68,68,66,66,66,66,66,50,50,52,52,40,70,58],"items_purged":["Strike_G","Strike_G"],"gold":516,"score":731,"play_id":"702ddf4f-dbb7-4e0e-9b3c-b471186c9472","local_time":"20180420232557","is_prod":false,"is_daily":false,"chose_seed":false,"is_ascension_mode":false,"campfire_upgraded":9,"timestamp":1524259557,"path_taken":["M","$","?","M","$","R","M","R","T","M","E","R","M","?","R","BOSS","M","M","?","M","M","R","?","R","T","M","M","M","R","$","R","BOSS","M","?","M","?","M","R","?","?","T","?","R","M","R","E","R","BOSS"],"build_version":"2018-04-19","seed_source_timestamp":15421925393765,"purchased_purges":2,"victory":true,"master_deck":["Defend_G","Defend_G","Defend_G","Defend_G","Defend_G","Strike_G","Strike_G","Strike_G","Survivor+1","Neutralize+1","Terror","Infinite Blades","Blur+1","Predator+1","Dagger Spray+1","Slice","Backflip","Dodge and Roll+1","Die Die Die","Flying Knee+1","Leg Sweep+1","Deflect","Cloak And Dagger+1","Predator+1","Well Laid Plans","Accuracy+1","Cloak And Dagger","Sucker Punch+1","After Image","Accuracy+1","Escape Plan+1","After Image","Slice+1","Backstab","Cloak And Dagger+1","PiercingWail+1"],"max_hp_per_floor":[70,70,70,70,70,70,70,70,70,70,70,70,70,70,70,70,70,70,70,70,70,70,70,70,70,70,70,70,70,70,70,70,70,70,70,70,70,70,70,70,70,70,70,70,70,70,70,70,70,70],"relics":["Ring of the Snake","Regal Pillow","Happy Flower","Paper Crane","Sozu","Nilry\u0027s Codex","Lantern","Shuriken","Orrery","Blood Vial","Tough Bandages"],"card_choices":[{"not_picked":["Poisoned Stab","Deflect"],"picked":"Terror","floor":1},{"not_picked":["Setup","Dagger Throw"],"picked":"Blur","floor":4},{"not_picked":["Prepared","Sucker Punch"],"picked":"Dagger Spray","floor":7},{"not_picked":["Expertise","Deadly Poison"],"picked":"Slice","floor":10},{"not_picked":["Outmaneuver","Night Terror"],"picked":"Backflip","floor":11},{"not_picked":["Prepared","Poisoned Stab"],"picked":"Dodge and Roll","floor":13},{"not_picked":["Night Terror","Grand Finale"],"picked":"Die Die Die","floor":16},{"not_picked":["Bane","Slice"],"picked":"Flying Knee","floor":18},{"not_picked":["Deadly Poison","Escape Plan"],"picked":"Leg Sweep","floor":19},{"not_picked":["Prepared","Terror"],"picked":"Deflect","floor":21},{"not_picked":["Deadly Poison","Slice"],"picked":"Cloak And Dagger","floor":22},{"not_picked":["All Out Attack","Dagger Spray"],"picked":"Predator","floor":27},{"not_picked":["Acrobatics","Cloak And Dagger"],"picked":"Well Laid Plans","floor":28},{"not_picked":["Glass Knife","Storm of Steel"],"picked":"After Image","floor":33},{"not_picked":["Caltrops","Deflect"],"picked":"Accuracy","floor":34},{"not_picked":["Well Laid Plans","Endless Agony"],"picked":"Escape Plan","floor":34},{"not_picked":["Quick Slash","Dodge and Roll"],"picked":"After Image","floor":34},{"not_picked":["Poisoned Stab","Backstab"],"picked":"Slice","floor":35},{"not_picked":["Acrobatics","Slice"],"picked":"Backstab","floor":39},{"not_picked":["Envenom","Crippling Poison"],"picked":"Cloak And Dagger","floor":41},{"not_picked":["Flying Knee","Caltrops"],"picked":"PiercingWail","floor":48}],"player_experience":500610,"potions_floor_usage":[22,39],"damage_taken":[{"damage":0,"enemies":"Cultist","floor":1,"turns":3},{"damage":0,"enemies":"Jaw Worm","floor":4,"turns":4},{"damage":0,"enemies":"Small Slimes","floor":7,"turns":3},{"damage":0,"enemies":"3 Louse","floor":10,"turns":3},{"damage":11,"enemies":"Lagavulin","floor":11,"turns":6},{"damage":5,"enemies":"Looter","floor":13,"turns":3},{"damage":25,"enemies":"The Guardian","floor":16,"turns":10},{"damage":1,"enemies":"Chosen","floor":18,"turns":5},{"damage":7,"enemies":"2 Thieves","floor":19,"turns":3},{"damage":0,"enemies":"Centurion and Healer","floor":21,"turns":7},{"damage":4,"enemies":"Sentry and Sphere","floor":22,"turns":7},{"damage":9,"enemies":"Snake Plant","floor":27,"turns":4},{"damage":0,"enemies":"Snecko","floor":28,"turns":4},{"damage":0,"enemies":"Centurion and Healer","floor":29,"turns":6},{"damage":21,"enemies":"Automaton","floor":33,"turns":9},{"damage":0,"enemies":"3 Shapes","floor":35,"turns":5},{"damage":2,"enemies":"Orb Walker","floor":37,"turns":4},{"damage":2,"enemies":"Sphere and 2 Shapes","floor":39,"turns":5},{"damage":0,"enemies":"Maw","floor":41,"turns":7},{"damage":18,"enemies":"4 Shapes","floor":44,"turns":6},{"damage":0,"enemies":"3 Darklings","floor":46,"turns":4},{"damage":14,"enemies":"2 Orb Walkers","floor":48,"turns":4},{"damage":12,"enemies":"Awakened One","floor":50,"turns":10}],"event_choices":[{"event_name":"Golden Idol","player_choice":"Take Damage","floor":3,"damage_taken":0},{"event_name":"Liars Game","player_choice":"disagreed","floor":14,"damage_taken":0},{"event_name":"Drug Dealer","player_choice":"Ignored","floor":20,"damage_taken":0},{"event_name":"Cursed Tome","player_choice":"Obtained Book","floor":24,"damage_taken":0},{"event_name":"Tomb of Lord Red Mask","player_choice":"Ignored","floor":36,"damage_taken":0},{"event_name":"The Moai Head","player_choice":"Gave Idol","floor":42,"damage_taken":0}],"boss_relics":[{"not_picked":["Astrolabe","Eternal Feather"],"picked":"Sozu"},{"not_picked":["Velvet Choker","Snecko Eye"],"picked":"Orrery"}],"potions_floor_spawned":[4,16,21,22,27,37,41,48],"seed_played":"-8698314583029551758","ascension_level":0,"is_trial":false}