{"gold_per_floor":[13,13,23,23,36,36,47,47,47,66,94,94,127,127],"floor_reached":14,"playtime":378,"items_purged":[],"score":200,"play_id":"6f24b21f-b53b-4ce4-8de0-34f9f0d33970","local_time":"20181212143106","is_ascension_mode":true,"campfire_choices":[{"data":"Fission","floor":6,"key":"SMITH"},{"data":"Static Discharge","floor":8,"key":"SMITH"},{"floor":12,"key":"REST"}],"neow_cost":"NO_GOLD","seed_source_timestamp":7232384961436,"circlet_count":0,"master_deck":["AscendersBane","Strike_B","Strike_B","Strike_B","Defend_B","Defend_B","Defend_B","Defend_B","Zap","Dualcast","Fission+1","Static Discharge+1","Loop","Ball Lightning","Genetic Algorithm","Capacitor","Cold Snap"],"relics":["Cracked Core","Mercury Hourglass","Torii","Letter Opener"],"potions_floor_usage":[13],"damage_taken":[{"damage":4,"enemies":"Jaw Worm","floor":1,"turns":4},{"damage":2,"enemies":"Cultist","floor":3,"turns":4},{"damage":6,"enemies":"2 Louse","floor":5,"turns":3},{"damage":15,"enemies":"Large Slime","floor":7,"turns":5},{"damage":10,"enemies":"Blue Slaver","floor":10,"turns":3},{"damage":22,"enemies":"3 Sentries","floor":11,"turns":4},{"damage":19,"enemies":"Lagavulin","floor":13,"turns":4},{"damage":9,"enemies":"Red Slaver","floor":14,"turns":1}],"seed_played":"-1410914582793533511","potions_obtained":[{"floor":1,"key":"EssenceOfSteel"},{"floor":7,"key":"AttackPotion"},{"floor":13,"key":"Swift Potion"}],"is_trial":false,"path_per_floor":["M","?","M","?","M","R","M","R","T","M","E","R","E","M"],"character_chosen":"DEFECT","items_purchased":[],"campfire_rested":1,"item_purchase_floors":[],"current_hp_per_floor":[60,60,58,58,52,52,37,37,37,27,5,26,7,0],"gold":127,"neow_bonus":"THREE_RARE_CARDS","is_prod":false,"is_daily":false,"chose_seed":false,"campfire_upgraded":2,"win_rate":0,"timestamp":1544592666,"path_taken":["M","?","?","?","M","R","M","R","T","M","E","R","E","M"],"build_version":"2018-12-06","purchased_purges":0,"victory":false,"max_hp_per_floor":[71,71,71,71,71,71,71,71,71,71,71,71,71,71],"card_choices":[{"not_picked":["Thunder Strike","Reboot"],"picked":"Fission","floor":0},{"not_picked":["Beam Cell","Heatsinks"],"picked":"Static Discharge","floor":1},{"not_picked":["Streamline","Rebound"],"picked":"Loop","floor":3},{"not_picked":["Steam","Genetic Algorithm"],"picked":"Ball Lightning","floor":5},{"not_picked":["Darkness","Sweeping Beam"],"picked":"Genetic Algorithm","floor":7},{"not_picked":["Storm","Lockon"],"picked":"Capacitor","floor":10},{"not_picked":["Steam","Redo"],"picked":"Cold Snap","floor":11},{"not_picked":["Meteor Strike","Redo","Leap"],"picked":"SKIP","floor":13}],"player_experience":803459,"relics_obtained":[{"floor":9,"key":"Mercury Hourglass"},{"floor":11,"key":"Torii"},{"floor":13,"key":"Letter Opener"}],"event_choices":[{"cards_removed":["Strike_B"],"damage_healed":0,"gold_gain":0,"player_choice":"Purged","damage_taken":0,"max_hp_gain":0,"max_hp_loss":0,"event_name":"Purifier","floor":2,"gold_loss":0},{"damage_healed":0,"gold_gain":0,"player_choice":"Ignored","damage_taken":0,"max_hp_gain":0,"max_hp_loss":0,"event_name":"Liars Game","floor":4,"gold_loss":0}],"is_beta":false,"boss_relics":[],"items_purged_floors":[],"is_endless":false,"potions_floor_spawned":[1,7,11,13],"killed_by":"Red Slaver","ascension_level":20}