{"gold_per_floor":[114,128,142,142,317,348,348,362,362,378,453,479,499,499,499,499],"floor_reached":16,"playtime":1381,"items_purged":[],"score":102,"play_id":"f5c51451-e4aa-4f04-8339-1a1790208660","local_time":"20190125181655","is_ascension_mode":false,"campfire_choices":[{"floor":7,"key":"REST"},{"floor":15,"key":"REST"}],"neow_cost":"NONE","seed_source_timestamp":436135665381268,"circlet_count":0,"master_deck":["Strike_R","Strike_R","Strike_R","Strike_R","Strike_R","Defend_R","Defend_R","Defend_R","Bash","Armaments","Dual Wield","Flex","Doubt","Twin Strike","Twin Strike","Power Through+1","Flex+1"],"relics":["Burning Blood","NeowsBlessing","WingedGreaves","Toxic Egg 2"],"potions_floor_usage":[6,6,10,16],"damage_taken":[{"damage":0,"enemies":"Cultist","floor":1,"turns":1},{"damage":0,"enemies":"2 Louse","floor":2,"turns":1},{"damage":0,"enemies":"Jaw Worm","floor":3,"turns":1},{"damage":40,"enemies":"Gremlin Nob","floor":6,"turns":5},{"damage":16,"enemies":"Lots of Slimes","floor":8,"turns":5},{"damage":2,"enemies":"Looter","floor":10,"turns":2},{"damage":8,"enemies":"3 Louse","floor":13,"turns":4},{"damage":27,"enemies":"The Guardian","floor":16,"turns":5}],"seed_played":"-3696731713078599138","potions_obtained":[{"floor":2,"key":"Poison Potion"},{"floor":3,"key":"SteroidPotion"},{"floor":6,"key":"Weak Potion"},{"floor":13,"key":"Poison Potion"}],"is_trial":false,"path_per_floor":["M","M","M","?","?","E","R","M","T","M","?","T","M","?","R","B"],"character_chosen":"IRONCLAD","items_purchased":[],"campfire_rested":2,"item_purchase_floors":[],"current_hp_per_floor":[80,80,80,73,73,39,63,53,53,57,46,46,44,37,61,34],"gold":499,"neow_bonus":"THREE_ENEMY_KILL","is_prod":false,"is_daily":false,"chose_seed":false,"campfire_upgraded":0,"win_rate":0,"timestamp":1548393415,"path_taken":["M","?","M","?","?","E","R","?","T","?","?","?","M","?","R","BOSS"],"build_version":"2019-01-23","purchased_purges":0,"victory":false,"max_hp_per_floor":[80,80,80,80,80,80,80,80,80,80,80,80,80,80,80,80],"card_choices":[{"not_picked":["Carnage","Sentinel"],"picked":"Armaments","floor":1},{"not_picked":["Wild Strike","Battle Trance"],"picked":"Dual Wield","floor":2},{"not_picked":["Rage","Pommel Strike"],"picked":"Flex","floor":3},{"not_picked":["Battle Trance","True Grit"],"picked":"Twin Strike","floor":6},{"not_picked":["Warcry","Bloodletting"],"picked":"Twin Strike","floor":8},{"not_picked":["Perfected Strike","Evolve"],"picked":"Power Through+1","floor":10},{"not_picked":["Pummel","Heavy Blade"],"picked":"Flex+1","floor":13}],"player_experience":586663,"relics_obtained":[{"floor":6,"key":"WingedGreaves"},{"floor":9,"key":"Toxic Egg 2"}],"event_choices":[{"cards_removed":["Defend_R"],"damage_healed":0,"gold_gain":0,"player_choice":"Card Removal","damage_taken":7,"max_hp_gain":0,"max_hp_loss":0,"event_name":"Golden Wing","floor":4,"gold_loss":0},{"damage_healed":0,"gold_gain":175,"player_choice":"AGREE","damage_taken":0,"max_hp_gain":0,"max_hp_loss":0,"event_name":"Liars Game","floor":5,"gold_loss":0,"cards_obtained":["Doubt"]},{"damage_healed":0,"gold_gain":75,"player_choice":"Gather Gold","damage_taken":11,"max_hp_gain":0,"max_hp_loss":0,"event_name":"World of Goop","floor":11,"gold_loss":0},{"damage_healed":0,"gold_gain":0,"player_choice":"Fled","damage_taken":7,"max_hp_gain":0,"max_hp_loss":0,"event_name":"Scrap Ooze","floor":14,"gold_loss":0}],"is_beta":false,"boss_relics":[],"items_purged_floors":[],"is_endless":false,"potions_floor_spawned":[2,3,6,13],"killed_by":"The Guardian","ascension_level":0}