{"path_per_floor":["M","T","?","?","M","R","M","R","T","M","E","$","M","?","R","B",null,"M","M","$","?","M","R","M","R","T","?","E","?","?","?","R"],"character_chosen":"IRONCLAD","items_purchased":["Strength Potion","Self Forming Clay"],"gold_per_floor":[112,137,312,312,323,323,334,334,334,349,376,301,315,315,315,416,416,416,416,26,26,26,26,26,26,26,26,26,26,26,26,26],"floor_reached":33,"campfire_rested":2,"playtime":673,"current_hp_per_floor":[80,80,80,80,80,80,74,74,74,70,61,61,53,46,70,32,80,66,74,74,74,70,70,55,79,79,79,46,46,46,46,46],"items_purged":["Defend_R","Strike_R"],"gold":26,"score":262,"play_id":"81b67d5d-ba16-4c83-9935-4964ab9629f9","is_prod":false,"is_daily":false,"is_ascension_mode":false,"campfire_upgraded":4,"path_taken":["M","?","?","?","M","R","?","R","T","M","E","$","M","?","R","BOSS","M","M","$","?","M","R","M","R","T","?","E","?","?","?","R","BOSS"],"build_version":"2018-02-15-PROD1","purchased_purges":2,"victory":false,"master_deck":["Strike_R","Strike_R","Strike_R","Strike_R","Defend_R","Defend_R","Bash+1","Heavy Blade+1","Flex+1","Inflame+1","Clash+1"],"max_hp_per_floor":[80,80,80,80,80,80,80,80,80,80,80,80,80,80,80,80,80,80,80,80,80,80,80,80,80,80,80,80,80,80,80,80],"relics":["Burning Blood","Dream Catcher","Red Skull","Bird Faced Urn","Ectoplasm","Self Forming Clay","Charon\u0027s Ashes","Spirit Poop","Juzu Bracelet"],"card_choices":[{"not_picked":["Wild Strike","Seeing Red"],"picked":"Heavy Blade"},{"not_picked":["Clash","Rupture"],"picked":"Infernal Blade"},{"not_picked":["Shrug It Off","Fire Breathing"],"picked":"Flex"},{"not_picked":["Perfected Strike","Warcry"],"picked":"Inflame"}],"player_experience":88187,"potions_floor_usage":[16,16,22,22,28],"damage_taken":[{"damage":6,"enemies":"Cultist","floor":1,"turns":3},{"damage":6,"enemies":"2 Louse","floor":5,"turns":3},{"damage":12,"enemies":"Small Slimes","floor":7,"turns":3},{"damage":10,"enemies":"3 Louse","floor":10,"turns":5},{"damage":15,"enemies":"Gremlin Nob","floor":11,"turns":4},{"damage":14,"enemies":"Blue Slaver","floor":13,"turns":3},{"damage":44,"enemies":"Hexaghost","floor":16,"turns":7},{"damage":20,"enemies":"Spheric Guardian","floor":18,"turns":4},{"damage":0,"enemies":"Chosen","floor":19,"turns":2},{"damage":12,"enemies":"Sentry and Sphere","floor":22,"turns":3},{"damage":23,"enemies":"Snake Plant","floor":24,"turns":3},{"damage":41,"enemies":"Slavers","floor":28,"turns":4},{"damage":49,"enemies":"Collector","floor":33,"turns":3}],"event_choices":[{"event_name":"Liars Game","player_choice":"agreed","floor":3,"damage_taken":0},{"event_name":"Purifier","player_choice":"One Purge","floor":4,"damage_taken":0},{"event_name":"Golden Wing","player_choice":"Card Removal","floor":14,"damage_taken":0},{"event_name":"Golden Shrine","player_choice":"Desecrate","floor":21,"damage_taken":0},{"event_name":"Bonfire Elementals","player_choice":"CURSE","floor":27,"damage_taken":0},{"event_name":"Vampires","player_choice":"Ignored","floor":29,"damage_taken":0},{"event_name":"Addict","player_choice":"Ignored","floor":30,"damage_taken":0},{"event_name":"The Library","player_choice":"Read","floor":31,"damage_taken":0}],"boss_relics":[{"not_picked":["Tiny House","Runic Cube"],"picked":"Ectoplasm"}],"potions_floor_spawned":[1,10,11,16,24,28],"seed_played":"-5772719088312439633","killed_by":"Collector","ascension_level":0,"is_trial":false}