{"gold_per_floor":[111,111,111,129,145,145,164,190,190,216,234,234,234,247,247,319,319,330,330,342,356,356,356,388,388,412,412],"floor_reached":27,"playtime":710,"items_purged":[],"score":450,"play_id":"2038dc76-aca1-4d6a-8e12-a6f7f3730c18","local_time":"20180708221016","is_ascension_mode":true,"campfire_choices":[{"data":"Demon Form","floor":6,"key":"SMITH"},{"data":"Perfected Strike","floor":13,"key":"SMITH"},{"data":"Whirlwind","floor":15,"key":"SMITH"},{"floor":23,"key":"REST"}],"neow_cost":"NONE","seed_source_timestamp":89941391681439,"circlet_count":0,"master_deck":["Strike_R+1","Strike_R+1","Defend_R+1","Defend_R+1","Defend_R+1","Bash+1","AscendersBane","Perfected Strike+1","Demon Form+1","Thunderclap","Infernal Blade","Whirlwind+1","Offering","Dropkick+1","Dual Wield+1","Entrench+1","Offering","Iron Wave+1","Ghostly","Ghostly","Ghostly","Ghostly","Ghostly","Offering"],"relics":["Burning Blood","NeowsBlessing","GremlinMask","Pear","Smiling Mask","Singing Bowl","Astrolabe","Gremlin Horn","Whetstone"],"potions_floor_usage":[10,10,11,21],"damage_taken":[{"damage":0,"enemies":"Cultist","floor":1,"turns":1},{"damage":0,"enemies":"Small Slimes","floor":4,"turns":1},{"damage":0,"enemies":"Jaw Worm","floor":5,"turns":1},{"damage":25,"enemies":"Large Slime","floor":7,"turns":4},{"damage":30,"enemies":"Lagavulin","floor":8,"turns":5},{"damage":40,"enemies":"3 Sentries","floor":10,"turns":6},{"damage":6,"enemies":"2 Fungi Beasts","floor":11,"turns":4},{"damage":16,"enemies":"Red Slaver","floor":14,"turns":6},{"damage":28,"enemies":"Slime Boss","floor":16,"turns":8},{"damage":32,"enemies":"Spheric Guardian","floor":18,"turns":4},{"damage":27,"enemies":"Chosen","floor":20,"turns":4},{"damage":28,"enemies":"Snecko","floor":21,"turns":4},{"damage":22,"enemies":"Slavers","floor":24,"turns":5},{"damage":46,"enemies":"Chosen and Byrds","floor":27,"turns":7}],"seed_played":"3053838255091589537","potions_obtained":[{"floor":1,"key":"Swift Potion"},{"floor":4,"key":"BloodPotion"},{"floor":10,"key":"Regen Potion"},{"floor":20,"key":"Weak Potion"}],"is_trial":false,"path_per_floor":["M","?","?","M","M","R","M","E","T","E","M","?","R","M","R","B",null,"M","?","M","M","?","R","E","?","T"],"character_chosen":"IRONCLAD","items_purchased":[],"campfire_rested":1,"item_purchase_floors":[],"current_hp_per_floor":[74,67,67,73,75,75,56,42,42,18,29,89,89,79,79,57,81,57,57,38,16,16,29,13,13,13,0],"gold":412,"neow_bonus":"THREE_ENEMY_KILL","is_prod":false,"is_daily":false,"chose_seed":false,"campfire_upgraded":3,"win_rate":0,"timestamp":1531113016,"path_taken":["M","?","?","M","?","R","M","E","T","E","M","?","R","M","R","BOSS","M","?","M","?","?","R","E","?","T","?"],"build_version":"2018-07-05","purchased_purges":0,"victory":false,"max_hp_per_floor":[75,75,75,75,75,75,75,85,85,87,89,89,89,89,89,89,89,91,91,93,93,46,46,46,46,46,46],"card_choices":[{"not_picked":["True Grit","Iron Wave"],"picked":"Carnage","floor":1},{"not_picked":["Heavy Blade","Armaments"],"picked":"Perfected Strike","floor":4},{"not_picked":["Clash","Cleave"],"picked":"Demon Form","floor":5},{"not_picked":["Bloodletting","Pommel Strike"],"picked":"Thunderclap","floor":7},{"not_picked":["Body Slam","Clothesline"],"picked":"Infernal Blade","floor":8},{"not_picked":["Clash","Cleave","Hemokinesis"],"picked":"Singing Bowl","floor":10},{"not_picked":["Clash","Burning Pact","Dropkick"],"picked":"Singing Bowl","floor":11},{"not_picked":["Uppercut","Headbutt"],"picked":"Whirlwind","floor":14},{"not_picked":["Bludgeon","Feed"],"picked":"Offering","floor":16},{"not_picked":["Headbutt","Warcry","Cleave"],"picked":"Singing Bowl","floor":18},{"not_picked":["Fire Breathing","Twin Strike","Dropkick"],"picked":"Singing Bowl","floor":20},{"not_picked":["Combust","Headbutt"],"picked":"Iron Wave","floor":21},{"not_picked":["Hemokinesis","Entrench"],"picked":"Offering","floor":24}],"player_experience":526546,"relics_obtained":[{"floor":8,"key":"Pear"},{"floor":9,"key":"Smiling Mask"},{"floor":10,"key":"Singing Bowl"},{"floor":24,"key":"Gremlin Horn"},{"floor":26,"key":"Whetstone"}],"event_choices":[{"event_name":"Golden Wing","player_choice":"Card Removal","floor":2,"damage_taken":0},{"event_name":"FaceTrader","player_choice":"Trade","floor":3,"damage_taken":0},{"event_name":"Bonfire Elementals","player_choice":"UNCOMMON","floor":12,"damage_taken":0},{"event_name":"Duplicator","player_choice":"One dupe","floor":19,"damage_taken":0},{"event_name":"Ghosts","player_choice":"Became a Ghost","floor":22,"damage_taken":0},{"event_name":"Back to Basics","player_choice":"Simplicity","floor":25,"damage_taken":0}],"boss_relics":[{"not_picked":["Lizard Tail","Eternal Feather"],"picked":"Astrolabe"}],"items_purged_floors":[],"is_endless":false,"potions_floor_spawned":[1,4,10,20],"killed_by":"Chosen and Byrds","ascension_level":15}