{"gold_per_floor":[139,64,64,76,87,120,137,137,185,197,197,45,59,88,88,191,191,201,141,155,171,197,197,197,197,197,197,213,232,245,245],"floor_reached":31,"playtime":6881,"items_purged":["Strike_G","Defend_G"],"score":276,"play_id":"c871288e-1e16-4c01-b472-2da7fcae5aaf","local_time":"20181027144752","is_ascension_mode":false,"campfire_choices":[{"data":"Bouncing Flask","floor":8,"key":"SMITH"},{"floor":15,"key":"REST"},{"floor":23,"key":"REST"},{"data":"Bouncing Flask","floor":25,"key":"SMITH"}],"neow_cost":"NONE","seed_source_timestamp":1366169184336946,"circlet_count":0,"master_deck":["Defend_G","Defend_G","Defend_G","Strike_G","Strike_G","Survivor","Neutralize","Bouncing Flask+1","Blur","Flying Knee","Bane","Poisoned Stab","Deadly Poison","Poisoned Stab","Poisoned Stab","Die Die Die","Bouncing Flask+1","Noxious Fumes","All Out Attack","Dagger Throw","A Thousand Cuts","Backflip","Deadly Poison"],"relics":["Ring of the Snake","Tiny Chest","Kunai","Regal Pillow","Blood Vial","Bottled Lightning","HoveringKite","Omamori","Pen Nib","Dodecahedron"],"potions_floor_usage":[6,6,14,14,27,28],"damage_taken":[{"damage":10,"enemies":"Jaw Worm","floor":1,"turns":5},{"damage":0,"enemies":"Cultist","floor":4,"turns":3},{"damage":0,"enemies":"Small Slimes","floor":5,"turns":3},{"damage":0,"enemies":"Lagavulin","floor":6,"turns":6},{"damage":3,"enemies":"Exordium Wildlife","floor":7,"turns":5},{"damage":0,"enemies":"Looter","floor":10,"turns":3},{"damage":0,"enemies":"Exordium Thugs","floor":13,"turns":3},{"damage":18,"enemies":"3 Sentries","floor":14,"turns":6},{"damage":33,"enemies":"Hexaghost","floor":16,"turns":8},{"damage":1,"enemies":"Chosen","floor":18,"turns":4},{"damage":35,"enemies":"2 Thieves","floor":20,"turns":3},{"damage":29,"enemies":"Cultist and Chosen","floor":21,"turns":6},{"damage":0,"enemies":"Centurion and Healer","floor":27,"turns":1},{"damage":9,"enemies":"Sentry and Sphere","floor":28,"turns":3},{"damage":15,"enemies":"Snake Plant","floor":29,"turns":3},{"damage":15,"enemies":"Snecko","floor":30,"turns":3},{"damage":12,"enemies":"Centurion and Healer","floor":31,"turns":2}],"seed_played":"-1069952376346324586","potions_obtained":[{"floor":1,"key":"Block Potion"},{"floor":4,"key":"SkillPotion"},{"floor":5,"key":"Swift Potion"},{"floor":10,"key":"Dexterity Potion"},{"floor":18,"key":"Strength Potion"},{"floor":21,"key":"SmokeBomb"}],"is_trial":false,"path_per_floor":["M","$","?","M","M","E","M","R","T","M","?","$","M","E","R","B",null,"M","?","M","M","T","R","?","R","T","M","M","M","M"],"character_chosen":"THE_SILENT","items_purchased":["Poisoned Stab"],"campfire_rested":2,"item_purchase_floors":[12],"current_hp_per_floor":[60,60,60,60,60,60,57,57,57,57,45,45,47,31,67,36,70,69,69,35,8,8,44,44,44,44,46,39,26,13,3],"gold":245,"neow_bonus":"RANDOM_COMMON_RELIC","is_prod":false,"is_daily":false,"chose_seed":false,"campfire_upgraded":2,"win_rate":0.0,"timestamp":1540604872,"path_taken":["M","$","?","M","M","E","?","R","T","M","?","?","M","E","R","BOSS","M","?","M","M","?","R","?","R","T","M","M","M","M","M"],"build_version":"2018-10-25v2","purchased_purges":2,"victory":false,"max_hp_per_floor":[70,70,70,70,70,70,70,70,70,70,70,70,70,70,70,70,70,70,70,70,70,70,70,70,70,70,70,70,70,70,70],"card_choices":[{"not_picked":["PiercingWail","Blur"],"picked":"Bouncing Flask","floor":1},{"not_picked":["Finisher","Flechettes"],"picked":"Flying Knee","floor":4},{"not_picked":["Outmaneuver","Prepared"],"picked":"Bane","floor":5},{"not_picked":["Prepared","PiercingWail"],"picked":"Poisoned Stab","floor":6},{"not_picked":["Sucker Punch","Cloak And Dagger"],"picked":"Deadly Poison","floor":7},{"not_picked":["Finisher","Sucker Punch","Blade Dance"],"picked":"SKIP","floor":10},{"not_picked":["Bane","Dagger Spray"],"picked":"Poisoned Stab","floor":13},{"not_picked":["Wraith Form v2","Skewer","Acrobatics"],"picked":"SKIP","floor":14},{"not_picked":["Malaise","Tools of the Trade"],"picked":"Die Die Die","floor":16},{"not_picked":["Slice","Quick Slash+1"],"picked":"Bouncing Flask","floor":18},{"not_picked":["PiercingWail","Masterful Stab"],"picked":"Dagger Throw","floor":20},{"not_picked":["Flying Knee","Prepared"],"picked":"A Thousand Cuts","floor":21},{"not_picked":["Dash","Sucker Punch"],"picked":"Backflip","floor":28},{"not_picked":["Poisoned Stab","Leg Sweep"],"picked":"Deadly Poison","floor":29},{"not_picked":["Skewer+1","Terror","Backflip"],"picked":"SKIP","floor":30}],"player_experience":243264,"relics_obtained":[{"floor":6,"key":"Kunai"},{"floor":9,"key":"Regal Pillow"},{"floor":14,"key":"Bottled Lightning"},{"floor":22,"key":"Omamori"},{"floor":26,"key":"Dodecahedron"}],"event_choices":[{"damage_healed":0,"gold_gain":0,"cards_transformed":["Strike_G"],"player_choice":"Change","damage_taken":0,"max_hp_gain":0,"max_hp_loss":0,"event_name":"Living Wall","floor":3,"gold_loss":0,"cards_obtained":["Blur"]},{"damage_healed":0,"gold_gain":0,"player_choice":"Success","damage_taken":12,"relics_obtained":["Blood Vial"],"max_hp_gain":0,"max_hp_loss":0,"event_name":"Scrap Ooze","floor":11,"gold_loss":0},{"damage_healed":0,"gold_gain":0,"cards_transformed":["Defend_G","Strike_G"],"player_choice":"Transformed Cards","damage_taken":0,"max_hp_gain":0,"max_hp_loss":0,"event_name":"Designer","floor":19,"gold_loss":60,"cards_obtained":["Noxious Fumes","All Out Attack"]},{"damage_healed":0,"gold_gain":0,"player_choice":"Opened","damage_taken":0,"relics_obtained":["Pen Nib"],"max_hp_gain":0,"max_hp_loss":0,"event_name":"The Mausoleum","floor":24,"gold_loss":0}],"is_beta":false,"boss_relics":[{"not_picked":["Runic Dome","Fusion Hammer"],"picked":"HoveringKite"}],"items_purged_floors":[2,12],"is_endless":false,"potions_floor_spawned":[1,4,5,10,18,21],"killed_by":"Centurion and Healer","ascension_level":0}