{"gold_per_floor":[118,138,156,156,156,186,205,235,262,294,309,309,309,329,329,425,425,441,22,36,11,27,27,27],"floor_reached":24,"playtime":1368,"items_purged":["Strike_B"],"score":208,"play_id":"39d921ca-9237-45f2-adf9-cb331964766b","local_time":"20181014185056","is_ascension_mode":false,"campfire_choices":[{"floor":12,"key":"REST"},{"floor":15,"key":"REST"},{"floor":23,"key":"REST"}],"neow_cost":"NONE","seed_source_timestamp":263031084471503,"circlet_count":0,"master_deck":["Strike_B","Strike_B","Strike_B","Defend_B","Defend_B","Defend_B","Zap+1","Glacier","Blizzard","Lockon+1","Barrage","Creative AI","White Noise","Cold Snap","Cold Snap","Beam Cell","Loop","Amplify","Genetic Algorithm+1","Panache","White Noise+1","FTL"],"relics":["Cracked Core","Bronze Scales","Smiling Mask","Odd Mushroom","Juzu Bracelet","Boot","SsserpentHead","Runic Dome","HandDrill"],"potions_floor_usage":[6,7,10,11],"damage_taken":[{"damage":0,"enemies":"Jaw Worm","floor":1,"turns":4},{"damage":1,"enemies":"2 Louse","floor":2,"turns":3},{"damage":0,"enemies":"Cultist","floor":3,"turns":4},{"damage":16,"enemies":"3 Sentries","floor":6,"turns":6},{"damage":3,"enemies":"Looter","floor":7,"turns":2},{"damage":20,"enemies":"The Mushroom Lair","floor":8,"turns":4},{"damage":6,"enemies":"Gremlin Nob","floor":10,"turns":3},{"damage":8,"enemies":"2 Fungi Beasts","floor":11,"turns":3},{"damage":12,"enemies":"Gremlin Gang","floor":14,"turns":5},{"damage":18,"enemies":"Hexaghost","floor":16,"turns":8},{"damage":23,"enemies":"3 Byrds","floor":18,"turns":3},{"damage":39,"enemies":"Shell Parasite","floor":20,"turns":4},{"damage":10,"enemies":"Cultist and Chosen","floor":22,"turns":4},{"damage":26,"enemies":"Gremlin Leader","floor":24,"turns":1}],"seed_played":"-7093492783912891835","potions_obtained":[{"floor":1,"key":"Strength Potion"},{"floor":3,"key":"Dexterity Potion"},{"floor":8,"key":"FocusPotion"},{"floor":10,"key":"SpeedPotion"}],"is_trial":false,"path_per_floor":["M","M","M","?","?","E","M","?","T","E","M","R","?","M","R","B",null,"M","$","M","?","M","R"],"character_chosen":"DEFECT","items_purchased":["HandDrill","Panache"],"campfire_rested":3,"item_purchase_floors":[19,19],"current_hp_per_floor":[75,74,74,71,56,40,37,17,17,11,3,25,25,13,35,17,75,52,52,13,13,3,25,0],"gold":27,"neow_bonus":"TRANSFORM_CARD","is_prod":false,"is_daily":false,"chose_seed":false,"campfire_upgraded":0,"win_rate":0.0,"timestamp":1539496256,"path_taken":["M","M","M","?","?","E","?","?","T","E","M","R","?","M","R","BOSS","M","$","M","?","M","R","E"],"build_version":"2018-10-11","purchased_purges":1,"victory":false,"max_hp_per_floor":[75,75,75,75,75,75,75,75,75,75,75,75,75,75,75,75,75,75,75,75,75,75,75,75],"card_choices":[{"not_picked":["Redo","Reinforced Body"],"picked":"Blizzard","floor":1},{"not_picked":["Auto Shields","Gash"],"picked":"Lockon","floor":2},{"not_picked":["Stack","Conserve Battery"],"picked":"Barrage","floor":3},{"not_picked":["Turbo","Cold Snap"],"picked":"Creative AI","floor":6},{"not_picked":["Doom and Gloom","Hello World"],"picked":"White Noise","floor":7},{"not_picked":["Redo","Turbo"],"picked":"Cold Snap","floor":8},{"not_picked":["Hello World","Barrage"],"picked":"Cold Snap","floor":10},{"not_picked":["Barrage","Turbo"],"picked":"Beam Cell","floor":11},{"not_picked":["Undo","Beam Cell"],"picked":"Loop","floor":14},{"not_picked":["Reboot","Seek"],"picked":"Amplify","floor":16},{"not_picked":["Glacier","Turbo"],"picked":"Genetic Algorithm+1","floor":18},{"not_picked":["Redo","Reprogram"],"picked":"White Noise+1","floor":20},{"not_picked":["Sweeping Beam","Compile Driver"],"picked":"FTL","floor":22}],"player_experience":40724,"relics_obtained":[{"floor":6,"key":"Smiling Mask"},{"floor":8,"key":"Odd Mushroom"},{"floor":9,"key":"Juzu Bracelet"},{"floor":10,"key":"Boot"}],"event_choices":[{"event_name":"Scrap Ooze","player_choice":"success","floor":4,"damage_taken":3},{"event_name":"Shining Light","player_choice":"Entered Light","floor":5,"damage_taken":0},{"event_name":"Mushrooms","player_choice":"Fought Mushrooms","floor":8,"damage_taken":0},{"event_name":"FaceTrader","player_choice":"Trade","floor":13,"damage_taken":0},{"event_name":"Beggar","player_choice":"Gave Gold","floor":21,"damage_taken":0}],"is_beta":false,"boss_relics":[{"not_picked":["Busted Crown","Snecko Eye"],"picked":"Runic Dome"}],"items_purged_floors":[19],"is_endless":false,"potions_floor_spawned":[1,3,8,10],"killed_by":"Gremlin Leader","ascension_level":0}