{"gold_per_floor":[114,129,144,159,174,174,204,204,204,204,234,234,234,249,249,349,349,364,364,364,89,104,104,134,134,134,149,149,164,179,209,209,309,309,324,44,59,74,89,119,134,134,134,134,164,264,279,294,294,294],"floor_reached":51,"playtime":14732,"items_purged":["Fission","Strike_B"],"score":986,"play_id":"96e5bf43-fd01-4eec-8659-b5af801cc011","local_time":"20181007120824","daily_mods":["Insanity","Diverse","Binary"],"is_ascension_mode":false,"campfire_choices":[{"data":"Recycle","floor":6,"key":"SMITH"},{"data":"White Noise","floor":8,"key":"SMITH"},{"data":"White Noise","floor":12,"key":"SMITH"},{"data":"White Noise","floor":15,"key":"SMITH"},{"data":"Distraction","floor":23,"key":"SMITH"},{"data":"Buffer","floor":25,"key":"SMITH"},{"data":"Defragment","floor":28,"key":"SMITH"},{"data":"Buffer","floor":32,"key":"SMITH"},{"data":"Demon Form","floor":42,"key":"SMITH"},{"data":"Loop","floor":44,"key":"SMITH"},{"data":"Hologram","floor":49,"key":"SMITH"}],"neow_cost":"","seed_source_timestamp":0,"circlet_count":0,"master_deck":["Ball Lightning","Tempest","Echo Form","Rip and Tear","Cold Snap","Coolheaded","Aggregate","Compile Driver","White Noise+1","Turbo+1","Genetic Algorithm+1","Buffer+1","Rip and Tear","Thunder Strike","Beam Cell","Capacitor","Defragment+1","Electrodynamics","Self Repair","Streamline","Hologram+1","White Noise+1","Rebound","Loop+1","Conserve Battery","Defend_B","Electrodynamics","Scrape","Reprogram","Buffer+1","Blizzard","Auto Shields","Reprogram","Electrodynamics","Doom and Gloom","Recycle+1","Steam Power","Force Field","Strike_B","White Noise+1","Rip and Tear","Steam Power","Distraction+1","Shrug It Off","Coolheaded","Metallicize","Fiend Fire","Electrodynamics","Backflip","Bouncing Flask","Rip and Tear+1","Skewer+1","BootSequence","All For One","Metallicize+1","Predator+1","Dark Embrace+1","Cloak And Dagger+1","Ghostly Armor+1","Shrug It Off+1","Armaments+1","Burning Pact+1","Redo+1","Beam Cell","Demon Form+1","Havoc+1","Acrobatics+1","Go for the Eyes+1"],"special_seed":17811,"relics":["Cracked Core","FossilizedHelix","Regal Pillow","Dream Catcher","WarpedTongs","Calling Bell","War Paint","Meat on the Bone","Thread and Needle","Toolbox","Prayer Wheel","The Courier","Ginger","Astrolabe","Bottled Tornado","Strawberry","Pantograph","Omamori"],"potions_floor_usage":[5,22,27,31,33,33,50],"damage_taken":[{"damage":0,"enemies":"Cultist","floor":1,"turns":2},{"damage":0,"enemies":"Small Slimes","floor":2,"turns":2},{"damage":7,"enemies":"2 Louse","floor":3,"turns":2},{"damage":0,"enemies":"Lots of Slimes","floor":4,"turns":1},{"damage":9,"enemies":"Gremlin Gang","floor":5,"turns":3},{"damage":14,"enemies":"Gremlin Nob","floor":7,"turns":3},{"damage":0,"enemies":"Lagavulin","floor":11,"turns":9},{"damage":0,"enemies":"2 Fungi Beasts","floor":14,"turns":1},{"damage":2,"enemies":"Slime Boss","floor":16,"turns":5},{"damage":0,"enemies":"Spheric Guardian","floor":18,"turns":3},{"damage":1,"enemies":"3 Byrds","floor":22,"turns":3},{"damage":20,"enemies":"Slavers","floor":24,"turns":3},{"damage":0,"enemies":"Sentry and Sphere","floor":27,"turns":4},{"damage":0,"enemies":"Snake Plant","floor":29,"turns":6},{"damage":0,"enemies":"Snecko","floor":30,"turns":4},{"damage":22,"enemies":"Book of Stabbing","floor":31,"turns":6},{"damage":0,"enemies":"Automaton","floor":33,"turns":11},{"damage":0,"enemies":"3 Shapes","floor":35,"turns":4},{"damage":0,"enemies":"Orb Walker","floor":37,"turns":2},{"damage":0,"enemies":"Sphere and 2 Shapes","floor":38,"turns":4},{"damage":9,"enemies":"4 Shapes","floor":39,"turns":5},{"damage":0,"enemies":"Nemesis","floor":40,"turns":7},{"damage":0,"enemies":"3 Darklings","floor":41,"turns":4},{"damage":0,"enemies":"Giant Head","floor":45,"turns":7},{"damage":0,"enemies":"Reptomancer","floor":47,"turns":4},{"damage":0,"enemies":"Spire Growth","floor":48,"turns":5},{"damage":66,"enemies":"Time Eater","floor":50,"turns":15}],"seed_played":"7316523632384569074","potions_obtained":[{"floor":1,"key":"Block Potion"},{"floor":4,"key":"Ancient Potion"},{"floor":7,"key":"Regen Potion"},{"floor":14,"key":"Weak Potion"},{"floor":24,"key":"Energy Potion"},{"floor":27,"key":"Fruit Juice"},{"floor":29,"key":"SteroidPotion"},{"floor":31,"key":"Block Potion"},{"floor":33,"key":"FearPotion"},{"floor":40,"key":"SpeedPotion"},{"floor":41,"key":"SkillPotion"},{"floor":45,"key":"GamblersBrew"}],"is_trial":false,"path_per_floor":["M","M","M","M","M","R","E","R","T","?","E","R","?","M","R","B",null,"M","?","?","$","M","R","E","R","T","M","R","M","M","E","R","B",null,"M","$","M","M","M","E","M","R","T","R","E","?","M","M","R","B"],"character_chosen":"DEFECT","items_purchased":["Toolbox","Bottled Tornado"],"campfire_rested":0,"item_purchase_floors":[21,36],"current_hp_per_floor":[75,75,68,68,66,66,52,52,52,45,52,52,52,62,62,60,75,75,75,75,75,74,74,54,54,54,59,59,59,73,74,74,80,80,80,80,80,80,71,85,85,85,85,85,87,87,87,87,87,33],"gold":294,"neow_bonus":"","is_prod":false,"is_daily":true,"chose_seed":false,"campfire_upgraded":11,"win_rate":0,"timestamp":1538906904,"path_taken":["M","M","?","M","M","R","E","R","T","?","E","R","?","M","R","BOSS","M","?","?","$","M","R","E","R","T","?","R","?","?","E","R","BOSS","M","$","M","M","?","E","M","R","T","R","E","?","M","M","R","BOSS"],"build_version":"2018-10-04v2","purchased_purges":2,"victory":true,"max_hp_per_floor":[75,75,75,75,75,75,75,75,75,75,75,75,75,75,75,75,75,75,75,75,75,75,75,75,75,75,80,80,80,80,80,80,80,80,80,80,80,80,80,87,87,87,87,87,87,87,87,87,87,87],"card_choices":[{"not_picked":["Storm","Body Slam"],"picked":"SKIP","floor":1},{"not_picked":["Cleave"],"picked":"Distraction","floor":2},{"not_picked":["Streamline"],"picked":"Shrug It Off","floor":3},{"not_picked":["Dagger Spray","Body Slam"],"picked":"SKIP","floor":4},{"not_picked":["Dagger Spray"],"picked":"Coolheaded","floor":5},{"not_picked":["Heel Hook","Perfected Strike"],"picked":"SKIP","floor":7},{"not_picked":["Outmaneuver"],"picked":"Metallicize","floor":11},{"not_picked":["Masterful Stab"],"picked":"Fiend Fire","floor":14},{"not_picked":["Amplify"],"picked":"Electrodynamics","floor":16},{"not_picked":["Doom and Gloom+1","Dagger Spray"],"picked":"SKIP","floor":18},{"not_picked":["Rebound"],"picked":"Rip and Tear+1","floor":22},{"not_picked":["PiercingWail+1","Quick Slash"],"picked":"SKIP","floor":24},{"not_picked":["Outmaneuver","Seeing Red"],"picked":"SKIP","floor":27},{"not_picked":["Feel No Pain","Storm"],"picked":"SKIP","floor":27},{"not_picked":["BootSequence"],"picked":"Skewer+1","floor":29},{"not_picked":["Heavy Blade","Flex+1"],"picked":"SKIP","floor":29},{"not_picked":["Heatsinks+1","Redo"],"picked":"SKIP","floor":30},{"not_picked":["Expertise","Thunderclap"],"picked":"SKIP","floor":30},{"not_picked":["Undo"],"picked":"BootSequence","floor":31},{"not_picked":["Offering"],"picked":"All For One","floor":33},{"not_picked":["Heatsinks+1"],"picked":"Cloak And Dagger+1","floor":35},{"not_picked":["Headbutt"],"picked":"Ghostly Armor+1","floor":35},{"not_picked":["Darkness"],"picked":"Shrug It Off+1","floor":37},{"not_picked":["Cloak And Dagger"],"picked":"Armaments+1","floor":37},{"not_picked":["Flying Knee+1"],"picked":"Burning Pact+1","floor":38},{"not_picked":["Sword Boomerang"],"picked":"Redo+1","floor":38},{"not_picked":["Deadly Poison+1"],"picked":"Beam Cell","floor":39},{"not_picked":["Prepared+1","Reinforced Body"],"picked":"SKIP","floor":39},{"not_picked":["Cloak And Dagger+1"],"picked":"Demon Form","floor":40},{"not_picked":["Outmaneuver"],"picked":"Havoc+1","floor":41},{"not_picked":["Twin Strike+1","Acrobatics"],"picked":"SKIP","floor":41},{"not_picked":["Deadly Poison+1"],"picked":"Acrobatics+1","floor":45},{"not_picked":["Cloak And Dagger","Electrodynamics"],"picked":"SKIP","floor":47},{"not_picked":["Outmaneuver+1","Sweeping Beam+1"],"picked":"SKIP","floor":47},{"not_picked":["Twin Strike+1"],"picked":"Go for the Eyes+1","floor":48},{"not_picked":["Bane+1","Blur"],"picked":"SKIP","floor":48}],"player_experience":1324208,"relics_obtained":[{"floor":7,"key":"FossilizedHelix"},{"floor":9,"key":"Regal Pillow"},{"floor":11,"key":"Dream Catcher"},{"floor":17,"key":"War Paint"},{"floor":17,"key":"Meat on the Bone"},{"floor":17,"key":"Thread and Needle"},{"floor":24,"key":"Prayer Wheel"},{"floor":26,"key":"The Courier"},{"floor":31,"key":"Ginger"},{"floor":40,"key":"Strawberry"},{"floor":43,"key":"Pantograph"},{"floor":45,"key":"Omamori"}],"event_choices":[{"event_name":"Golden Wing","player_choice":"Card Removal","floor":10,"damage_taken":0},{"event_name":"Accursed Blacksmith","player_choice":"Rummage","floor":13,"damage_taken":0},{"event_name":"Fountain of Cleansing","player_choice":"Removed Curse","floor":19,"damage_taken":0},{"event_name":"Drug Dealer","player_choice":"Became Test Subject","floor":20,"damage_taken":0},{"event_name":"Golden Shrine","player_choice":"Pray","floor":46,"damage_taken":0}],"is_beta":false,"boss_relics":[{"not_picked":["Philosopher\u0027s Stone","Pandora\u0027s Box"],"picked":"Calling Bell"},{"not_picked":["Snecko Eye","Lizard Tail"],"picked":"Astrolabe"}],"items_purged_floors":[21,36],"is_endless":false,"potions_floor_spawned":[1,4,7,14,24,27,29,31,33,40,41,45],"ascension_level":0}