{"path_per_floor":["M","M","M","$","M","E","R","$","T","R","M","R","?","?","R","B",null,"M","$","?","M","M","R","E","R","T","?","?","R","M","?","R","B",null,"M","$","?","M","M","R"],"character_chosen":"THE_SILENT","items_purchased":["Malaise","Deflect","Happy Flower","Deflect","Skewer"],"gold_per_floor":[113,125,139,64,81,110,110,10,56,56,66,66,66,66,66,197,197,216,25,25,40,59,59,97,97,175,75,0,0,20,20,20,140,140,164,96,429,443,456,456,456],"floor_reached":41,"campfire_rested":3,"playtime":1810,"current_hp_per_floor":[69,69,64,64,62,43,43,43,43,43,43,43,26,43,64,20,70,61,61,61,61,58,58,37,58,58,58,58,58,48,48,48,8,67,63,63,63,45,10,30,0],"items_purged":["Strike_G"],"gold":456,"score":409,"play_id":"a82c364d-bbac-460f-bc9b-789ed004bdd8","local_time":"20180418200533","is_prod":false,"is_daily":false,"chose_seed":false,"is_ascension_mode":false,"campfire_upgraded":6,"timestamp":1524074733,"path_taken":["M","M","M","$","M","E","R","$","T","R","M","R","?","?","R","BOSS","M","$","?","M","M","R","E","R","T","?","?","R","M","?","R","BOSS","M","$","?","M","M","R","M"],"build_version":"2018-04-12","seed_source_timestamp":5340400794981,"purchased_purges":2,"victory":false,"master_deck":["Survivor","Neutralize+1","Dagger Spray+1","Sucker Punch+1","Leg Sweep","Malaise+1","PiercingWail","Caltrops","Deflect","Backflip","Flying Knee","Adrenaline","Cloak And Dagger+1","Escape Plan","Accuracy","Sucker Punch","Flechettes+1","Underhanded Strike","Slice","PiercingWail","Bane","Deadly Poison","Deflect","Accuracy","Blur+1","Backstab","J.A.X.+1","Poisoned Stab+1","Die Die Die","Deflect","Skewer","Deadly Poison+1","Predator+1"],"max_hp_per_floor":[70,70,70,70,70,70,70,70,70,70,70,70,70,70,70,70,70,70,70,70,70,70,70,70,70,70,70,67,67,67,67,67,67,67,67,67,67,67,67,67,67],"relics":["Ring of the Snake","Juzu Bracelet","Pandora\u0027s Box","Happy Flower","Nloth\u0027s Gift","Frozen Egg 2","Bottled Tornado","White Beast Statue"],"card_choices":[{"not_picked":["Deflect","Expertise"],"picked":"Dagger Spray","floor":1},{"not_picked":["Leg Sweep","Skewer"],"picked":"Sucker Punch","floor":2},{"not_picked":["Infinite Blades","Sucker Punch"],"picked":"Leg Sweep","floor":3},{"not_picked":["Quick Slash","Choke"],"picked":"PiercingWail","floor":5},{"not_picked":["Acrobatics","Leg Sweep"],"picked":"Caltrops","floor":6},{"not_picked":["Finisher","Sucker Punch"],"picked":"Backflip","floor":11},{"not_picked":["Prepared","Bane"],"picked":"Flying Knee","floor":15},{"not_picked":["Doppelganger","Night Terror"],"picked":"Adrenaline","floor":16},{"not_picked":["Concentrate","Skewer"],"picked":"Deadly Poison","floor":18},{"not_picked":["Deadly Poison","Prepared"],"picked":"Accuracy","floor":21},{"not_picked":["PiercingWail","Deflect"],"picked":"Blur","floor":22},{"not_picked":["Bane","Underhanded Strike"],"picked":"Backstab","floor":24},{"not_picked":["Doppelganger","Catalyst"],"picked":"Poisoned Stab","floor":30},{"not_picked":["Tactician","Phantasmal Killer"],"picked":"Die Die Die","floor":33},{"not_picked":["Flying Knee","Prepared"],"picked":"Deflect","floor":35},{"not_picked":["Outmaneuver","Infinite Blades"],"picked":"Deadly Poison","floor":38},{"not_picked":["Accuracy","Unload"],"picked":"Predator","floor":39}],"player_experience":472672,"potions_floor_usage":[11,24,24,38],"damage_taken":[{"damage":1,"enemies":"Cultist","floor":1,"turns":6},{"damage":0,"enemies":"Jaw Worm","floor":2,"turns":5},{"damage":5,"enemies":"Small Slimes","floor":3,"turns":3},{"damage":2,"enemies":"Looter","floor":5,"turns":3},{"damage":19,"enemies":"Lagavulin","floor":6,"turns":11},{"damage":0,"enemies":"Large Slime","floor":11,"turns":4},{"damage":44,"enemies":"Slime Boss","floor":16,"turns":17},{"damage":9,"enemies":"Shell Parasite","floor":18,"turns":9},{"damage":0,"enemies":"3 Byrds","floor":21,"turns":5},{"damage":3,"enemies":"Snake Plant","floor":22,"turns":6},{"damage":21,"enemies":"Gremlin Leader","floor":24,"turns":9},{"damage":10,"enemies":"Chosen and Byrds","floor":30,"turns":7},{"damage":40,"enemies":"Champ","floor":33,"turns":17},{"damage":4,"enemies":"Orb Walker","floor":35,"turns":4},{"damage":18,"enemies":"3 Shapes","floor":38,"turns":4},{"damage":35,"enemies":"Maw","floor":39,"turns":9},{"damage":32,"enemies":"Sphere and 2 Shapes","floor":41,"turns":3}],"event_choices":[{"event_name":"Golden Idol","player_choice":"Take Damage","floor":13,"damage_taken":0},{"event_name":"Mushrooms","player_choice":"Healed and dodged fight","floor":14,"damage_taken":0},{"event_name":"N\u0027loth","player_choice":"Traded a Dream Catcher","floor":20,"damage_taken":0},{"event_name":"Drug Dealer","player_choice":"Got JAXXED","floor":27,"damage_taken":0},{"event_name":"Beggar","player_choice":"Gave Gold","floor":28,"damage_taken":0},{"event_name":"The Lab","player_choice":"Got Potions","floor":31,"damage_taken":0},{"event_name":"The Moai Head","player_choice":"Gave Idol","floor":37,"damage_taken":0}],"boss_relics":[{"not_picked":["Orrery","Runic Dome"],"picked":"Pandora\u0027s Box"},{"not_picked":["Snecko Eye","Runic Pyramid"],"picked":"White Beast Statue"}],"potions_floor_spawned":[2,3,6,18,21,24,30,35,38,39],"seed_played":"-843628749278884293","killed_by":"Sphere and 2 Shapes","ascension_level":0,"is_trial":false}