{"gold_per_floor":[117,117,135,11,21,21,33,368,368,368,378,378,378,391,391,487,487,487,94,94,94,94,94,94,94,94,11,11,11,11,11,11,11,11,11,11,11,11,11,11,11,11,11,11,11,11,11,11,11,11],"floor_reached":50,"playtime":1907,"items_purged":["Strike_R"],"score":475,"play_id":"1484aea3-b2cf-48d3-befa-44bd67f98ceb","local_time":"20181009132927","is_ascension_mode":false,"campfire_choices":[{"data":"Clash","floor":6.0,"key":"SMITH"},{"data":"Uppercut","floor":13.0,"key":"SMITH"},{"data":"Pommel Strike","floor":15.0,"key":"SMITH"},{"data":"True Grit","floor":23.0,"key":"SMITH"},{"data":"Fiend Fire","floor":25.0,"key":"SMITH"},{"floor":30.0,"key":"REST"},{"floor":32.0,"key":"REST"},{"data":"Double Tap","floor":40.0,"key":"SMITH"},{"data":"True Grit","floor":42.0,"key":"SMITH"},{"data":"Battle Trance","floor":45.0,"key":"SMITH"},{"floor":49.0,"key":"REST"}],"neow_cost":"NONE","seed_source_timestamp":11325990017542,"circlet_count":0,"master_deck":["Strike_R","Defend_R","Defend_R","Defend_R","Defend_R","Bash+1","Clash+1","Sword Boomerang","Twin Strike","Pommel Strike+1","True Grit+1","Uppercut+1","Cleave","Shrug It Off","Double Tap+1","Dropkick","Fiend Fire+1","Metallicize+1","Carnage+1","Wild Strike","True Grit+1","Battle Trance+1","Flame Barrier","Inflame+1","Inflame+1","Disarm+1","Searing Blow+1","Reaper+1","Clash+1","Warcry+1","Shrug It Off","Fiend Fire+1","Warcry","Intimidate","Wild Strike+1"],"special_seed":0,"relics":["Burning Blood","Old Coin","Calipers","Ectoplasm","Frozen Egg 2","Charon\u0027s Ashes","Mummified Hand","Bag of Marbles","Astrolabe","Du-Vu Doll"],"potions_floor_usage":[50,50],"damage_taken":[{"damage":2.0,"enemies":"Small Slimes","floor":1.0,"turns":3.0},{"damage":6.0,"enemies":"Jaw Worm","floor":3.0,"turns":3.0},{"damage":0.0,"enemies":"2 Louse","floor":5.0,"turns":2.0},{"damage":6.0,"enemies":"Red Slaver","floor":7.0,"turns":5.0},{"damage":9.0,"enemies":"Gremlin Nob","floor":8.0,"turns":4.0},{"damage":16.0,"enemies":"Large Slime","floor":11.0,"turns":5.0},{"damage":7.0,"enemies":"3 Louse","floor":14.0,"turns":2.0},{"damage":36.0,"enemies":"Slime Boss","floor":16.0,"turns":11.0},{"damage":3.0,"enemies":"Shell Parasite","floor":18.0,"turns":4.0},{"damage":17.0,"enemies":"Colosseum Slavers","floor":20.0,"turns":4.0},{"damage":25.0,"enemies":"Colosseum Nobs","floor":20.0,"turns":4.0},{"damage":0.0,"enemies":"3 Byrds","floor":21.0,"turns":4.0},{"damage":9.0,"enemies":"Centurion and Healer","floor":22.0,"turns":5.0},{"damage":22.0,"enemies":"Snake Plant","floor":24.0,"turns":3.0},{"damage":2.0,"enemies":"Snecko","floor":28.0,"turns":3.0},{"damage":36.0,"enemies":"Shelled Parasite and Fungi","floor":29.0,"turns":3.0},{"damage":12.0,"enemies":"Snake Plant","floor":31.0,"turns":3.0},{"damage":36.0,"enemies":"Collector","floor":33.0,"turns":10.0},{"damage":6.0,"enemies":"Orb Walker","floor":35.0,"turns":3.0},{"damage":0.0,"enemies":"3 Shapes","floor":37.0,"turns":3.0},{"damage":4.0,"enemies":"Transient","floor":38.0,"turns":5.0},{"damage":2.0,"enemies":"4 Shapes","floor":41.0,"turns":4.0},{"damage":25.0,"enemies":"Reptomancer","floor":46.0,"turns":3.0},{"damage":0.0,"enemies":"3 Darklings","floor":47.0,"turns":2.0},{"damage":24.0,"enemies":"Maw","floor":48.0,"turns":7.0},{"damage":119,"enemies":"Time Eater","floor":50,"turns":14}],"seed_played":"-2265007430555128347","potions_obtained":[{"floor":1.0,"key":"SpeedPotion"},{"floor":14.0,"key":"Energy Potion"},{"floor":16.0,"key":"Poison Potion"},{"floor":20.0,"key":"SkillPotion"},{"floor":21.0,"key":"AttackPotion"},{"floor":24.0,"key":"Weak Potion"},{"floor":28.0,"key":"GamblersBrew"},{"floor":46.0,"key":"SkillPotion"},{"floor":47.0,"key":"Poison Potion"},{"floor":48.0,"key":"FairyPotion"}],"is_trial":false,"path_per_floor":["M","$","M","$","M","R","M","E","T","?","M","?","R","M","R","B",null,"M","$","?","M","M","R","M","R","T","$","M","M","R","M","R","B",null,"M","?","M","M","?","R","M","R","T","$","R","M","M","M","R"],"character_chosen":"IRONCLAD","items_purchased":["Twin Strike","Frozen Egg 2","Fiend Fire","True Grit","Battle Trance"],"campfire_rested":3,"item_purchase_floors":[4,19,19,27,27],"current_hp_per_floor":[80,80,80,80,80,80,80,77,77,82,72,85,85,84,84,54,85,85,85,55,61,58,58,42,42,42,42,46,16,41,35,60,30,85,85,85,85,85,85,85,85,85,85,85,85,66,72,54,79,0],"gold":11,"neow_bonus":"UPGRADE_CARD","is_prod":false,"is_daily":false,"chose_seed":false,"campfire_upgraded":8,"win_rate":0,"timestamp":1539084567,"path_taken":["M","$","M","$","M","R","M","E","T","?","M","?","R","M","R","BOSS","M","$","?","M","M","R","M","R","T","?","?","M","R","M","R","BOSS","M","?","M","M","?","R","M","R","T","$","R","?","?","M","R","BOSS"],"build_version":"2018-10-04v2","purchased_purges":1,"victory":false,"max_hp_per_floor":[80,80,80,80,80,80,80,80,80,85,85,85,85,85,85,85,85,85,85,85,85,85,85,85,85,85,85,85,85,85,85,85,85,85,85,85,85,85,85,85,85,85,85,85,85,85,85,85,85,85],"card_choices":[{"not_picked":["Corruption","Bloodletting"],"picked":"Clash","floor":1.0},{"not_picked":["Twin Strike","Seeing Red"],"picked":"Sword Boomerang","floor":3.0},{"not_picked":["Cleave","Warcry"],"picked":"Pommel Strike","floor":5.0},{"not_picked":["Burning Pact","Sword Boomerang"],"picked":"True Grit","floor":7.0},{"not_picked":["Body Slam","Rampage"],"picked":"Uppercut","floor":8.0},{"not_picked":["Dual Wield","Twin Strike"],"picked":"Cleave","floor":11.0},{"not_picked":["Iron Wave","Berserk"],"picked":"Shrug It Off","floor":14.0},{"not_picked":["Exhume","Brutality"],"picked":"Double Tap","floor":16.0},{"not_picked":["Anger","Fire Breathing"],"picked":"Dropkick","floor":18.0},{"not_picked":["Clothesline+1","Perfected Strike"],"picked":"Metallicize+1","floor":20.0},{"not_picked":["Cleave","Flex+1"],"picked":"Carnage+1","floor":21.0},{"not_picked":["Burning Pact","Sword Boomerang"],"picked":"Wild Strike","floor":22.0},{"not_picked":["Body Slam","Anger","Sword Boomerang"],"picked":"SKIP","floor":24.0},{"not_picked":["Carnage","True Grit"],"picked":"Flame Barrier","floor":28.0},{"not_picked":["Heavy Blade","Body Slam"],"picked":"Inflame+1","floor":29.0},{"not_picked":["Flex+1","Intimidate"],"picked":"Inflame+1","floor":31.0},{"not_picked":["Fiend Fire","Double Tap"],"picked":"Reaper","floor":33.0},{"not_picked":["Rupture+1","Dual Wield+1"],"picked":"Clash+1","floor":35.0},{"not_picked":["Carnage","Bloodletting+1"],"picked":"Warcry+1","floor":37.0},{"not_picked":["Dropkick","Anger"],"picked":"Shrug It Off","floor":38.0},{"not_picked":["Double Tap","Heavy Blade","Anger"],"picked":"SKIP","floor":41.0},{"not_picked":["Anger","Flame Barrier"],"picked":"Warcry","floor":46.0},{"not_picked":["Cleave+1","Sword Boomerang"],"picked":"Intimidate","floor":47.0},{"not_picked":["Clash","Headbutt"],"picked":"Wild Strike+1","floor":48.0}],"player_experience":924878,"relics_obtained":[{"floor":8.0,"key":"Old Coin"},{"floor":9.0,"key":"Calipers"},{"floor":20.0,"key":"Charon\u0027s Ashes"},{"floor":20.0,"key":"Mummified Hand"},{"floor":26.0,"key":"Bag of Marbles"},{"floor":43.0,"key":"Du-Vu Doll"}],"event_choices":[{"event_name":"Big Fish","player_choice":"Donut","floor":10.0,"damage_taken":0.0},{"event_name":"Wheel of Change","player_choice":"Full Heal","floor":12.0,"damage_taken":0.0},{"event_name":"Colosseum","player_choice":"Fight","floor":20.0,"damage_taken":0.0},{"event_name":"Colosseum","player_choice":"Fought Nobs","floor":20.0,"damage_taken":0.0},{"event_name":"Falling","player_choice":"Removed Attack","floor":36.0,"damage_taken":0.0},{"event_name":"Duplicator","player_choice":"One dupe","floor":39.0,"damage_taken":0.0}],"is_beta":false,"boss_relics":[{"not_picked":["Orrery","Pandora\u0027s Box"],"picked":"Ectoplasm"},{"not_picked":["Black Star","Coffee Dripper"],"picked":"Astrolabe"}],"items_purged_floors":[4],"is_endless":false,"potions_floor_spawned":[1,14,16,20,21,24,28,31,46,47,48],"killed_by":"Time Eater","ascension_level":0}