{"path_per_floor":["M","T","M","M","M","R","M","M","T","R","E","$","M","M","R","B",null,"M","M","M","M","M","R","$","R","T","M","R","M","M","M","R","B",null,"M","?","$","M","M","R","M","M","T","R","?","M","M"],"character_chosen":"THE_SILENT","items_purchased":["Caltrops","Backstab","Anchor","Backstab"],"gold_per_floor":[113,113,128,138,149,149,167,177,204,204,231,20,31,48,48,150,150,167,179,191,209,226,226,126,126,126,139,139,152,169,184,184,284,284,301,301,83,100,114,114,131,146,173,173,173,188,201,201],"floor_reached":48,"campfire_rested":3,"playtime":2368,"current_hp_per_floor":[70,70,70,70,59,59,59,59,59,59,56,56,51,51,51,25,70,66,66,66,66,50,50,50,50,50,33,54,51,43,34,55,24,70,57,57,57,53,36,57,57,57,57,57,57,55,31,0],"items_purged":["Strike_G","Strike_G"],"gold":201,"score":473,"play_id":"9b96e727-29f8-4cdc-87c9-32b9be6fd293","local_time":"20180405201313","is_prod":false,"is_daily":false,"is_ascension_mode":false,"campfire_upgraded":6,"timestamp":1522951993,"path_taken":["M","?","M","M","M","R","M","?","T","R","E","$","M","?","R","BOSS","M","M","M","M","M","R","?","R","T","M","R","?","M","M","R","BOSS","M","?","$","M","M","R","M","M","T","R","?","M","M","?"],"build_version":"2018-03-29v2","purchased_purges":2,"victory":false,"master_deck":["Defend_G","Defend_G","Defend_G","Defend_G","Defend_G","Strike_G","Survivor","Neutralize","Skewer+1","Dagger Spray+1","PiercingWail","Blur","Backstab","Calculated Gamble","Escape Plan+1","Flying Knee","Caltrops+1","Backstab","All Out Attack+1","Dodge and Roll","Predator+1","Dodge and Roll+1","Prepared","Flying Knee","Sucker Punch","Malaise","Leg Sweep+1","Noxious Fumes+1","Deflect","Footwork+1","Escape Plan+1","Die Die Die","Terror+1","Backstab","Distraction","Dodge and Roll+1","PiercingWail+1","Glass Knife"],"max_hp_per_floor":[70,70,70,70,70,70,70,70,70,70,70,70,70,70,70,70,70,70,70,70,70,70,70,70,70,70,70,70,70,70,70,70,70,70,70,70,70,70,70,70,70,70,70,70,70,70,70,70],"relics":["Ring of the Snake","Dead Branch","Art of War","Frozen Egg 2","Orrery","Calipers","Anchor","Blood Vial"],"card_choices":[{"not_picked":["Calculated Gamble","Dodge and Roll"],"picked":"Dagger Spray","floor":1},{"not_picked":["Bane","Backflip"],"picked":"PiercingWail","floor":3},{"not_picked":["Dagger Spray","Bane"],"picked":"Blur","floor":4},{"not_picked":["Dagger Spray","PiercingWail"],"picked":"Backstab","floor":5},{"not_picked":["Prepared","Deadly Poison"],"picked":"Calculated Gamble","floor":7},{"not_picked":["Bullet Time","Endless Agony"],"picked":"Escape Plan","floor":8},{"not_picked":["Tools of the Trade","Quick Slash"],"picked":"Flying Knee","floor":11},{"not_picked":["Cloak And Dagger","Poisoned Stab"],"picked":"All Out Attack","floor":13},{"not_picked":["Outmaneuver","Crippling Poison"],"picked":"Dodge and Roll","floor":14},{"not_picked":["Crippling Poison","Quick Slash"],"picked":"Predator","floor":17},{"not_picked":["Dagger Throw","Backflip"],"picked":"Dodge and Roll","floor":17},{"not_picked":["Flying Knee","Poisoned Stab"],"picked":"Prepared","floor":17},{"not_picked":["Bane","Choke"],"picked":"Flying Knee","floor":17},{"not_picked":["Outmaneuver","Riddle With Holes"],"picked":"Sucker Punch","floor":19},{"not_picked":["Bane","Tools of the Trade"],"picked":"Malaise","floor":20},{"not_picked":["Backflip","Expertise"],"picked":"Leg Sweep","floor":21},{"not_picked":["Riddle With Holes","Blur"],"picked":"Noxious Fumes","floor":22},{"not_picked":["Distraction","Backflip"],"picked":"Deflect","floor":29},{"not_picked":["Sucker Punch","Bane"],"picked":"Footwork","floor":30},{"not_picked":["Outmaneuver","Accuracy"],"picked":"Escape Plan","floor":31},{"not_picked":["Night Terror","Adrenaline"],"picked":"Die Die Die","floor":33},{"not_picked":["Cloak And Dagger","Outmaneuver"],"picked":"Terror","floor":35},{"not_picked":["Heel Hook","Catalyst"],"picked":"Distraction","floor":38},{"not_picked":["Caltrops","Flying Knee"],"picked":"Dodge and Roll","floor":42},{"not_picked":["Skewer","Bouncing Flask"],"picked":"PiercingWail","floor":46},{"not_picked":["Underhanded Strike","Masterful Stab"],"picked":"Glass Knife","floor":47}],"player_experience":326280,"potions_floor_usage":[18,19,21,30,33,48],"damage_taken":[{"damage":0,"enemies":"Cultist","floor":1,"turns":3},{"damage":0,"enemies":"Small Slimes","floor":3,"turns":2},{"damage":0,"enemies":"2 Louse","floor":4,"turns":2},{"damage":11,"enemies":"Exordium Wildlife","floor":5,"turns":4},{"damage":0,"enemies":"2 Fungi Beasts","floor":7,"turns":2},{"damage":0,"enemies":"Lots of Slimes","floor":8,"turns":3},{"damage":3,"enemies":"3 Sentries","floor":11,"turns":6},{"damage":5,"enemies":"Red Slaver","floor":13,"turns":2},{"damage":0,"enemies":"Blue Slaver","floor":14,"turns":1},{"damage":26,"enemies":"Hexaghost","floor":16,"turns":9},{"damage":4,"enemies":"Shell Parasite","floor":18,"turns":3},{"damage":0,"enemies":"Spheric Guardian","floor":19,"turns":3},{"damage":0,"enemies":"Centurion and Healer","floor":20,"turns":8},{"damage":0,"enemies":"Chosen and Byrds","floor":21,"turns":6},{"damage":16,"enemies":"Cultist and Chosen","floor":22,"turns":8},{"damage":17,"enemies":"3 Cultists","floor":27,"turns":5},{"damage":3,"enemies":"Snake Plant","floor":29,"turns":4},{"damage":8,"enemies":"Centurion and Healer","floor":30,"turns":7},{"damage":9,"enemies":"Snecko","floor":31,"turns":5},{"damage":46,"enemies":"Champ","floor":33,"turns":17},{"damage":13,"enemies":"3 Darklings","floor":35,"turns":5},{"damage":4,"enemies":"Orb Walker","floor":38,"turns":4},{"damage":17,"enemies":"3 Darklings","floor":39,"turns":5},{"damage":0,"enemies":"Maw","floor":41,"turns":8},{"damage":0,"enemies":"4 Shapes","floor":42,"turns":5},{"damage":4,"enemies":"Sphere and 2 Shapes","floor":46,"turns":5},{"damage":26,"enemies":"3 Darklings","floor":47,"turns":5},{"damage":36,"enemies":"Maw","floor":48,"turns":9}],"event_choices":[{"event_name":"Bonfire Elementals","player_choice":"BASIC","floor":36,"damage_taken":0},{"event_name":"Tomb of Lord Red Mask","player_choice":"Ignored","floor":45,"damage_taken":0}],"boss_relics":[{"not_picked":["Eternal Feather","Ectoplasm"],"picked":"Orrery"},{"not_picked":[]}],"potions_floor_spawned":[4,8,14,16,20,27,29,35,46,47],"seed_played":"-6808160232879752132","killed_by":"Maw","ascension_level":0,"is_trial":false}