{"path_per_floor":["M","M","?","M","?","E","M","M","T","$","E","R","M","E","R","B",null,"M","M","?","$","?","R","E","R","T","E","M","$","E","M","R","B",null,"M","?","M","$","?","R","$","E","T","E","M","E","M","E","R","B"],"character_chosen":"IRONCLAD","items_purchased":["Shuriken","War Paint","Frozen Egg 2","Fire Breathing","Juggernaut","Shrug It Off","Happy Flower","Metallicize","Clash","Gambling Chip","Self Forming Clay"],"gold_per_floor":[144,189,139,184,184,274,319,364,364,39,129,129,174,264,264,564,564,609,654,654,186,186,186,276,276,326,416,461,292,382,427,427,727,727,772,772,817,585,585,585,35,125,200,290,335,425,470,560,560,560],"floor_reached":51,"campfire_rested":7,"playtime":25989,"current_hp_per_floor":[80,80,80,80,80,41,35,10,10,10,26,51,79,74,88,45,88,73,54,100,100,80,105,79,105,107,87,90,90,38,67,99,90,107,109,109,109,109,95,109,109,90,92,97,104,103,113,113,113,113],"items_purged":["Decay"],"gold":560,"score":944,"play_id":"ee7f53a7-33d5-4969-b04a-aa0a92abec09","local_time":"20180401202036","daily_mods":["Diverse","Midas","Elite Swarm"],"is_prod":false,"is_daily":true,"is_ascension_mode":false,"campfire_upgraded":0,"timestamp":1522606836,"path_taken":["M","M","?","M","?","E","?","M","T","$","E","R","?","E","R","BOSS","M","M","?","$","?","R","E","R","T","E","M","$","E","M","R","BOSS","M","?","M","$","?","R","?","E","T","E","M","E","M","E","R","BOSS"],"build_version":"2018-03-29v2","purchased_purges":4,"victory":true,"master_deck":["Bash","Blade Dance","Malaise+1","Clash","Headbutt","Second Wind+1","Reaper","Demon Form","Burning Pact","Searing Blow","Disarm","Combust","Reckless Charge","Burning Pact","Pommel Strike","Carnage","Feel No Pain","Fire Breathing+1","Reaper","Impervious","Warcry+1","Juggernaut+1","Shrug It Off","Reaper","Flex+1","Juggernaut+1","Reaper","Spot Weakness+1","Metallicize+1","Clash","Madness","Madness","Impervious","Impervious","Iron Wave+1","Juggernaut+1","Demon Form+1"],"max_hp_per_floor":[80,80,80,80,80,80,82,84,84,84,84,84,86,88,88,88,88,90,90,100,100,105,105,105,105,107,107,107,107,107,107,107,107,107,109,109,109,109,109,109,109,109,111,111,111,111,113,113,113,113],"relics":["Burning Blood","Singing Bowl","Sundial","Shuriken","Whetstone","Prayer Wheel","Pandora\u0027s Box","War Paint","Frozen Egg 2","Anchor","Bag of Preparation","Dodecahedron","Toolbox","Lizard Tail","Happy Flower","Gambling Chip","Self Forming Clay","Thread and Needle","Pantograph","Lantern","Mummified Hand","Darkstone Periapt"],"card_choices":[{"not_picked":["Sword Boomerang","Perfected Strike"],"picked":"Clash","floor":1},{"not_picked":["True Grit","Flex"],"picked":"Headbutt","floor":2},{"not_picked":["Sever Soul","Berserk"],"picked":"Second Wind","floor":4},{"not_picked":["Exhume","Dark Embrace"],"picked":"Berserk","floor":6},{"not_picked":["Limit Break","Dark Embrace"],"picked":"Reaper","floor":11},{"not_picked":["Barricade","Exhume"],"picked":"Demon Form","floor":16},{"not_picked":["Anger","Armaments"],"picked":"Feel No Pain","floor":19},{"not_picked":["Feed","Impervious"],"picked":"Reaper","floor":24},{"not_picked":["Dark Embrace","Berserk"],"picked":"Impervious","floor":27},{"not_picked":["Sword Boomerang","True Grit"],"picked":"Warcry","floor":28},{"not_picked":["Exhume","Demon Form"],"picked":"Reaper","floor":30},{"not_picked":["Sever Soul","Armaments"],"picked":"Flex","floor":31},{"not_picked":["Barricade","Brutality"],"picked":"Juggernaut","floor":33},{"not_picked":["Hemokinesis","Headbutt"],"picked":"Spot Weakness","floor":37},{"not_picked":["Reaper","Exhume"],"picked":"Impervious","floor":42},{"not_picked":["Barricade","Offering"],"picked":"Impervious","floor":44},{"not_picked":["Corruption","Clothesline"],"picked":"Iron Wave","floor":45},{"not_picked":["Offering","Brutality"],"picked":"Juggernaut","floor":46},{"not_picked":["Impervious","Bludgeon"],"picked":"Demon Form","floor":48}],"player_experience":399225,"potions_floor_usage":[11,13,14,18,24,28,33,42,50,50,50],"damage_taken":[{"damage":5,"enemies":"2 Louse","floor":1,"turns":3},{"damage":6,"enemies":"Jaw Worm","floor":2,"turns":3},{"damage":0,"enemies":"Small Slimes","floor":4,"turns":2},{"damage":45,"enemies":"Gremlin Nob","floor":6,"turns":5},{"damage":14,"enemies":"Blue Slaver","floor":7,"turns":3},{"damage":33,"enemies":"Exordium Thugs","floor":8,"turns":6},{"damage":5,"enemies":"Lagavulin","floor":11,"turns":6},{"damage":0,"enemies":"Lots of Slimes","floor":13,"turns":1},{"damage":20,"enemies":"3 Sentries","floor":14,"turns":8},{"damage":59,"enemies":"Hexaghost","floor":16,"turns":7},{"damage":28,"enemies":"Spheric Guardian","floor":18,"turns":5},{"damage":30,"enemies":"Shell Parasite","floor":19,"turns":6},{"damage":73,"enemies":"Slavers","floor":24,"turns":7},{"damage":68,"enemies":"Gremlin Leader","floor":27,"turns":8},{"damage":14,"enemies":"Cultist and Chosen","floor":28,"turns":6},{"damage":88,"enemies":"Slavers","floor":30,"turns":8},{"damage":30,"enemies":"Centurion and Healer","floor":31,"turns":9},{"damage":93,"enemies":"Collector","floor":33,"turns":10},{"damage":0,"enemies":"3 Shapes","floor":35,"turns":4},{"damage":7,"enemies":"3 Darklings","floor":37,"turns":5},{"damage":50,"enemies":"Giant Head","floor":42,"turns":8},{"damage":45,"enemies":"2 Orb Walkers","floor":44,"turns":5},{"damage":17,"enemies":"Sphere and 2 Shapes","floor":45,"turns":6},{"damage":58,"enemies":"Giant Head","floor":46,"turns":10},{"damage":0,"enemies":"Maw","floor":47,"turns":5},{"damage":8,"enemies":"2 Orb Walkers","floor":48,"turns":3},{"damage":65,"enemies":"Time Eater","floor":50,"turns":8}],"event_choices":[{"event_name":"The Cleric","player_choice":"Card Removal","floor":3,"damage_taken":0},{"event_name":"Wheel of Change","player_choice":"Curse","floor":5,"damage_taken":0},{"event_name":"Bonfire Elementals","player_choice":"RARE","floor":20,"damage_taken":0},{"event_name":"Forgotten Altar","player_choice":"Shed Blood","floor":22,"damage_taken":0},{"event_name":"Match and Keep!","player_choice":"1 cards matched","floor":36,"damage_taken":0},{"event_name":"Winding Halls","player_choice":"Embrace Madness","floor":39,"damage_taken":0}],"boss_relics":[{"not_picked":["Philosopher\u0027s Stone","Black Blood"],"picked":"Pandora\u0027s Box"},{"not_picked":["Runic Pyramid","Orrery"],"picked":"Lizard Tail"}],"potions_floor_spawned":[6,7,8,11,14,16,19,27,28,31,37,42,44,45],"seed_played":"2322324997357656423","ascension_level":0,"is_trial":false}