{"path_per_floor":["M","?","?","M","M","R","E","M","T","M","?","?","M","$","R"],"character_chosen":"THE_SILENT","items_purchased":["Adrenaline","Panache"],"gold_per_floor":[141,141,171,188,200,200,229,244,244,254,318,393,408,40,40,40],"floor_reached":16,"campfire_rested":1,"playtime":1282,"current_hp_per_floor":[75,75,75,75,75,75,51,45,45,39,41,30,28,28,50,0],"items_purged":["Normality"],"gold":40,"score":117,"play_id":"8af8e565-24b8-4645-80d0-d93946a4f39e","local_time":"20180325233405","is_prod":false,"is_daily":false,"is_ascension_mode":true,"campfire_upgraded":1,"timestamp":1522013645,"path_taken":["M","?","?","M","M","R","E","M","T","M","?","?","M","$","R","BOSS"],"build_version":"2018-03-22v2","purchased_purges":1,"victory":false,"master_deck":["Defend_G","Defend_G","Defend_G","Defend_G","Defend_G","Strike_G","Strike_G","Strike_G+1","Strike_G","Strike_G","Survivor","Neutralize+1","Dagger Throw","Sucker Punch","Accuracy","Sucker Punch","Outmaneuver","Cloak And Dagger","Quick Slash","Heel Hook","PiercingWail","Adrenaline","Panache"],"max_hp_per_floor":[75,75,75,75,75,75,75,75,75,75,75,75,75,75,75,75],"relics":["Tiny House","Tiny Chest","Ginger","Bird Faced Urn","Juzu Bracelet"],"card_choices":[{"not_picked":["Acrobatics","PiercingWail"],"picked":"Dagger Throw","floor":0},{"not_picked":["Catalyst","Glass Knife"],"picked":"Sucker Punch","floor":1},{"not_picked":["Prepared","Eviscerate"],"picked":"Accuracy","floor":4},{"not_picked":["Escape Plan","Malaise"],"picked":"Sucker Punch","floor":5},{"not_picked":["Eviscerate","Malaise"],"picked":"Outmaneuver","floor":7},{"not_picked":["Deadly Poison","Eviscerate"],"picked":"Cloak And Dagger","floor":8},{"not_picked":["Deflect","Underhanded Strike"],"picked":"Quick Slash","floor":10},{"not_picked":["Flechettes","Deadly Poison"],"picked":"Heel Hook","floor":11},{"not_picked":["Calculated Gamble","Underhanded Strike"],"picked":"PiercingWail","floor":13}],"player_experience":359431,"potions_floor_usage":[7,8,11,11],"damage_taken":[{"damage":0,"enemies":"2 Louse","floor":1,"turns":3},{"damage":0,"enemies":"Jaw Worm","floor":4,"turns":5},{"damage":0,"enemies":"Small Slimes","floor":5,"turns":3},{"damage":24,"enemies":"Gremlin Nob","floor":7,"turns":5},{"damage":6,"enemies":"Red Slaver","floor":8,"turns":5},{"damage":6,"enemies":"2 Fungi Beasts","floor":10,"turns":4},{"damage":0,"enemies":"3 Sentries","floor":11,"turns":4},{"damage":4,"enemies":"Large Slime","floor":13,"turns":7},{"damage":54,"enemies":"Hexaghost","floor":16,"turns":16}],"event_choices":[{"event_name":"Golden Wing","player_choice":"Ignored","floor":2,"damage_taken":0},{"event_name":"Accursed Blacksmith","player_choice":"Rummage","floor":3,"damage_taken":0},{"event_name":"Dead Adventurer","player_choice":"Searched \u00272\u0027 times","floor":11,"damage_taken":0},{"event_name":"World of Goop","player_choice":"Gather Gold","floor":12,"damage_taken":0}],"boss_relics":[],"potions_floor_spawned":[5,7,10,13],"seed_played":"2621121275270934052","killed_by":"Hexaghost","ascension_level":3,"is_trial":false}