{"path_per_floor":["M","?","M","M","?","R","E","M","T","$","M","R","M","M","R","B",null,"M","M","M","M","?","R","M","R","T","R","M","$","M","M","R"],"character_chosen":"IRONCLAD","items_purchased":["Pen Nib","Shrug It Off","Uppercut","Torii"],"gold_per_floor":[217,317,327,342,342,342,371,386,413,100,119,119,137,148,148,244,244,262,276,295,312,312,312,328,328,408,408,418,11,21,36,36],"floor_reached":33,"campfire_rested":4,"playtime":1586,"current_hp_per_floor":[79,79,80,80,73,73,50,32,32,32,27,51,52,58,80,59,80,80,68,67,41,41,47,23,53,53,80,80,80,65,63,69],"items_purged":["Strike_R","Strike_R"],"gold":36,"score":293,"play_id":"7e36a500-b8ea-4ce7-9f18-178fb1a126de","local_time":"20180315174652","is_prod":false,"is_daily":false,"is_ascension_mode":true,"campfire_upgraded":3,"timestamp":1521132412,"path_taken":["M","?","?","M","?","R","E","?","T","$","M","R","M","M","R","BOSS","M","M","?","M","?","R","M","R","T","R","M","$","M","M","R","BOSS"],"build_version":"2018-03-09","purchased_purges":2,"victory":false,"master_deck":["Strike_R","Strike_R","Defend_R","Defend_R","Defend_R","Defend_R","Bash","Dropkick","Flame Barrier+1","Flex","Shrug It Off","Uppercut+1","Thunderclap","Offering","Dropkick","Flame Barrier+1","Dropkick+1","Shrug It Off+1","Body Slam+1"],"max_hp_per_floor":[80,80,80,80,80,80,80,80,80,80,80,80,80,80,80,80,80,80,80,80,80,80,80,80,80,80,80,80,80,80,80,80],"relics":["Burning Blood","Ice Cream","Bag of Marbles","Pen Nib","Eternal Feather","Darkstone Periapt","Torii"],"card_choices":[{"not_picked":["Thunderclap","Warcry"],"picked":"Dropkick"},{"not_picked":["Warcry","Inflame"],"picked":"Flame Barrier"},{"not_picked":["Twin Strike","Sever Soul"],"picked":"Flex"},{"not_picked":["Flex","Clothesline"],"picked":"Thunderclap"},{"not_picked":["Berserk","Juggernaut"],"picked":"Offering"},{"not_picked":["Clash","Anger"],"picked":"Dropkick"},{"not_picked":["Combust","Headbutt"],"picked":"Dropkick"},{"not_picked":["Fiend Fire","Heavy Blade"],"picked":"Shrug It Off"},{"not_picked":["Limit Break","Second Wind"],"picked":"Body Slam"}],"player_experience":94413,"potions_floor_usage":[7,7,20,24,33],"damage_taken":[{"damage":7,"enemies":"Jaw Worm","floor":1,"turns":4},{"damage":1,"enemies":"Cultist","floor":3,"turns":3},{"damage":0,"enemies":"2 Louse","floor":4,"turns":3},{"damage":29,"enemies":"Lagavulin","floor":7,"turns":10},{"damage":24,"enemies":"Red Slaver","floor":8,"turns":4},{"damage":11,"enemies":"Exordium Thugs","floor":11,"turns":7},{"damage":5,"enemies":"2 Fungi Beasts","floor":13,"turns":4},{"damage":0,"enemies":"3 Louse","floor":14,"turns":3},{"damage":27,"enemies":"The Guardian","floor":16,"turns":13},{"damage":4,"enemies":"Chosen","floor":18,"turns":4},{"damage":18,"enemies":"Shell Parasite","floor":19,"turns":8},{"damage":7,"enemies":"Snake Plant","floor":20,"turns":4},{"damage":32,"enemies":"Sentry and Sphere","floor":21,"turns":5},{"damage":30,"enemies":"Slaver and Parasite","floor":24,"turns":6},{"damage":4,"enemies":"3 Cultists","floor":28,"turns":3},{"damage":21,"enemies":"Snake Plant","floor":30,"turns":3},{"damage":8,"enemies":"Chosen and Byrds","floor":31,"turns":7},{"damage":73,"enemies":"Automaton","floor":33,"turns":10}],"event_choices":[{"event_name":"Golden Shrine","player_choice":"Pray","floor":2,"damage_taken":0},{"event_name":"Golden Wing","player_choice":"Card Removal","floor":5,"damage_taken":0},{"event_name":"Duplicator","player_choice":"One dupe","floor":22,"damage_taken":0}],"boss_relics":[{"not_picked":["Calling Bell","Mark of Pain"],"picked":"Eternal Feather"}],"potions_floor_spawned":[1,4,14,16,19,30],"seed_played":"5500333148227076658","killed_by":"Automaton","ascension_level":3,"is_trial":false}