{"gold_per_floor":[110,110,128,128,128,128,148,176,176,187,237,252,252,267,267,342,342,358,358,273,273,297,297,327,327,401,401,413,432,461,461,461,535,535,548,548,568,568,587,587,599,599,599,649,680,680,161,173,173,173,173,173,13,42,42],"floor_reached":55,"playtime":2136,"items_purged":["Defend_B"],"score":1357,"play_id":"18ce19c9-e7cf-478f-bc6f-bada8a2afdd6","local_time":"20190119014336","is_ascension_mode":true,"campfire_choices":[{"data":"Zap","floor":6.0,"key":"SMITH"},{"floor":13.0,"key":"REST"},{"data":"Hyperbeam","floor":15.0,"key":"SMITH"},{"floor":23.0,"key":"REST"},{"floor":25.0,"key":"REST"},{"floor":32.0,"key":"REST"},{"data":"Buffer","floor":40.0,"key":"SMITH"},{"floor":42.0,"key":"RECALL"},{"floor":46.0,"key":"REST"},{"floor":49.0,"key":"REST"},{"data":"Biased Cognition","floor":52.0,"key":"SMITH"}],"neow_cost":"NONE","seed_source_timestamp":0,"circlet_count":0,"master_deck":["AscendersBane","Strike_B+1","Defend_B","Zap+1","Dualcast","Ball Lightning","Defragment+1","Steam","Hyperbeam+1","Conserve Battery","Loop","Conserve Battery","Core Surge+1","Steam","Beam Cell+1","Writhe","Auto Shields+1","White Noise","Buffer+1","Barrage+1","Seek+1","Self Repair+1","Stack+1","Sunder+1","Parasite","Biased Cognition+1","Core Surge"],"special_seed":0,"relics":["FrozenCore","DataDisk","Bag of Marbles","Pantograph","Cables","MutagenicStrength","Singing Bowl","Juzu Bracelet","Oddly Smooth Stone","Bottled Tornado","Lantern","Whetstone","Astrolabe","Torii","Happy Flower","Runic Capacitor","PreservedInsect","Bag of Preparation","Ice Cream"],"potions_floor_usage":[55,55],"damage_taken":[{"damage":6.0,"enemies":"Small Slimes","floor":1.0,"turns":2.0},{"damage":2.0,"enemies":"Jaw Worm","floor":3.0,"turns":3.0},{"damage":0.0,"enemies":"2 Louse","floor":7.0,"turns":1.0},{"damage":20.0,"enemies":"Gremlin Nob","floor":8.0,"turns":4.0},{"damage":0.0,"enemies":"Blue Slaver","floor":10.0,"turns":2.0},{"damage":14.0,"enemies":"Large Slime","floor":12.0,"turns":4.0},{"damage":5.0,"enemies":"Lots of Slimes","floor":14.0,"turns":3.0},{"damage":43.0,"enemies":"Slime Boss","floor":16.0,"turns":8.0},{"damage":10.0,"enemies":"Shell Parasite","floor":18.0,"turns":6.0},{"damage":26.0,"enemies":"Book of Stabbing","floor":24.0,"turns":7.0},{"damage":0.0,"enemies":"Chosen","floor":28.0,"turns":4.0},{"damage":0.0,"enemies":"3 Cultists","floor":29.0,"turns":5.0},{"damage":16.0,"enemies":"Slavers","floor":30.0,"turns":6.0},{"damage":68.0,"enemies":"Automaton","floor":33.0,"turns":14.0},{"damage":5.0,"enemies":"3 Darklings","floor":35.0,"turns":5.0},{"damage":8.0,"enemies":"3 Shapes","floor":37.0,"turns":4.0},{"damage":15.0,"enemies":"Writhing Mass","floor":39.0,"turns":8.0},{"damage":9.0,"enemies":"3 Darklings","floor":41.0,"turns":7.0},{"damage":28.0,"enemies":"2 Orb Walkers","floor":44.0,"turns":7.0},{"damage":38.0,"enemies":"Reptomancer","floor":45.0,"turns":8.0},{"damage":0.0,"enemies":"Jaw Worm Horde","floor":48.0,"turns":4.0},{"damage":16.0,"enemies":"Donu and Deca","floor":50.0,"turns":16.0},{"damage":79.0,"enemies":"Shield and Spear","floor":54.0,"turns":6.0},{"damage":52,"enemies":"The Heart","floor":55,"turns":2}],"seed_played":"1870726618770943534","potions_obtained":[{"floor":1.0,"key":"Ancient Potion"},{"floor":8.0,"key":"SteroidPotion"},{"floor":10.0,"key":"Fruit Juice"},{"floor":16.0,"key":"SmokeBomb"},{"floor":24.0,"key":"PowerPotion"},{"floor":29.0,"key":"FearPotion"},{"floor":30.0,"key":"FocusPotion"},{"floor":37.0,"key":"Weak Potion"},{"floor":39.0,"key":"SpeedPotion"},{"floor":45.0,"key":"GamblersBrew"},{"floor":48.0,"key":"Dexterity Potion"},{"floor":54.0,"key":"Explosive Potion"}],"is_trial":false,"path_per_floor":["M","?","M","?","?","R","M","E","T","M","?","M","R","M","R","B",null,"M","?","?","?","T","R","E","R","T","?","M","M","E","?","R","B",null,"M","?","M","?","M","R","M","R","T","?","E","R","$","M","R","B",null,"R","$","E","B"],"character_chosen":"DEFECT","items_purchased":["Runic Capacitor","PreservedInsect","Block Potion","Bag of Preparation"],"campfire_rested":6,"item_purchase_floors":[47,47,47,53],"current_hp_per_floor":[58,58,56,49,31,31,31,11,11,16,16,2,24,19,19,1,57,47,47,47,25,25,49,23,47,47,47,47,49,33,33,57,14,66,71,71,73,73,70,70,73,73,73,47,11,37,37,47,73,81,86,86,86,7,0],"gold":42,"neow_bonus":"RANDOM_COMMON_RELIC","is_prod":false,"is_daily":false,"chose_seed":false,"campfire_upgraded":4,"win_rate":0,"timestamp":1547829816,"path_taken":["M","?","M","?","?","R","?","E","T","M","?","?","R","M","R","BOSS","M","?","?","?","?","R","E","R","T","?","M","M","E","?","R","BOSS","M","?","M","?","M","R","M","R","T","?","E","R","?","M","R","BOSS","R","$","E","BOSS"],"build_version":"2019-01-17v2","purchased_purges":1,"victory":false,"max_hp_per_floor":[71,71,71,71,71,71,71,71,71,76,76,76,76,76,76,76,76,76,76,76,81,81,81,81,81,81,81,81,83,83,83,83,83,83,83,83,83,79,81,81,83,83,83,85,87,87,87,87,87,87,87,87,87,87,87],"card_choices":[{"not_picked":["Scrape","Steam"],"picked":"Ball Lightning","floor":1.0},{"not_picked":["Consume","Glacier"],"picked":"Defragment","floor":3.0},{"not_picked":["Leap","Gash"],"picked":"Steam","floor":7.0},{"not_picked":["Gash","Skim"],"picked":"Hyperbeam","floor":8.0},{"not_picked":["Compile Driver","Stack"],"picked":"Conserve Battery","floor":10.0},{"not_picked":["Beam Cell","Turbo"],"picked":"Loop","floor":12.0},{"not_picked":["Barrage","Steam"],"picked":"Conserve Battery","floor":14.0},{"not_picked":["Biased Cognition","Thunder Strike"],"picked":"Core Surge","floor":16.0},{"not_picked":["Double Energy","Streamline"],"picked":"Steam","floor":18.0},{"not_picked":["Rebound+1","Compile Driver"],"picked":"Beam Cell+1","floor":24.0},{"not_picked":["Stack","Conserve Battery"],"picked":"Auto Shields+1","floor":28.0},{"not_picked":["Redo","Stack","Coolheaded"],"picked":"Singing Bowl","floor":29.0},{"not_picked":["Turbo+1","Go for the Eyes+1"],"picked":"White Noise","floor":30.0},{"not_picked":["Electrodynamics","Multi-Cast"],"picked":"Buffer","floor":33.0},{"not_picked":["Skim","Auto Shields"],"picked":"Stack+1","floor":35.0},{"not_picked":["Hello World","Steam"],"picked":"Sunder+1","floor":37.0},{"not_picked":["Go for the Eyes","Conserve Battery","Defragment"],"picked":"Singing Bowl","floor":39.0},{"not_picked":["Doom and Gloom","Turbo","Steam"],"picked":"Singing Bowl","floor":41.0},{"not_picked":["Redo","Compile Driver","Storm"],"picked":"Singing Bowl","floor":44.0},{"not_picked":["Undo","Hello World","Barrage"],"picked":"Singing Bowl","floor":45.0},{"not_picked":["Stack","Hologram"],"picked":"Biased Cognition","floor":48.0},{"not_picked":["Turbo","Steam Power"],"picked":"Core Surge","floor":54.0}],"player_experience":1052101,"relics_obtained":[{"floor":8.0,"key":"Pantograph"},{"floor":9.0,"key":"Cables"},{"floor":22.0,"key":"Juzu Bracelet"},{"floor":24.0,"key":"Oddly Smooth Stone"},{"floor":26.0,"key":"Bottled Tornado"},{"floor":30.0,"key":"Whetstone"},{"floor":44.0,"key":"Torii"},{"floor":45.0,"key":"Happy Flower"},{"floor":54.0,"key":"Ice Cream"}],"event_choices":[{"cards_removed":["Strike_B"],"damage_healed":0.0,"max_hp_gain":0.0,"max_hp_loss":0.0,"gold_gain":0.0,"event_name":"Living Wall","player_choice":"Forget","floor":2.0,"gold_loss":0.0,"damage_taken":0.0},{"cards_removed":["Strike_B"],"damage_healed":0.0,"max_hp_gain":0.0,"max_hp_loss":0.0,"gold_gain":0.0,"event_name":"Golden Wing","player_choice":"Card Removal","floor":4.0,"gold_loss":0.0,"damage_taken":7.0},{"damage_healed":0.0,"max_hp_gain":0.0,"max_hp_loss":0.0,"gold_gain":0.0,"event_name":"Scrap Ooze","player_choice":"Success","floor":5.0,"gold_loss":0.0,"damage_taken":18.0,"relics_obtained":["Bag of Marbles"]},{"damage_healed":0.0,"max_hp_gain":0.0,"max_hp_loss":0.0,"gold_gain":50.0,"event_name":"Golden Shrine","player_choice":"Pray","floor":11.0,"gold_loss":0.0,"damage_taken":0.0},{"damage_healed":0.0,"max_hp_gain":0.0,"max_hp_loss":0.0,"gold_gain":0.0,"event_name":"Drug Dealer","player_choice":"Inject Mutagens","floor":19.0,"gold_loss":0.0,"damage_taken":0.0,"relics_obtained":["MutagenicStrength"]},{"damage_healed":0.0,"max_hp_gain":0.0,"max_hp_loss":0.0,"gold_gain":0.0,"event_name":"Addict","player_choice":"Obtained Relic","floor":20.0,"gold_loss":85.0,"damage_taken":0.0,"relics_obtained":["Singing Bowl"]},{"damage_healed":0.0,"max_hp_gain":5.0,"max_hp_loss":0.0,"gold_gain":0.0,"event_name":"Forgotten Altar","player_choice":"Shed Blood","floor":21.0,"gold_loss":0.0,"damage_taken":27.0},{"damage_healed":0.0,"max_hp_gain":0.0,"max_hp_loss":0.0,"gold_gain":0.0,"event_name":"The Mausoleum","player_choice":"Opened","floor":27.0,"gold_loss":0.0,"damage_taken":0.0,"relics_obtained":["Lantern"],"cards_obtained":["Writhe"]},{"damage_healed":0.0,"max_hp_gain":0.0,"max_hp_loss":0.0,"gold_gain":0.0,"event_name":"Ghosts","player_choice":"Ignored","floor":31.0,"gold_loss":0.0,"damage_taken":0.0},{"damage_healed":0.0,"max_hp_gain":0.0,"max_hp_loss":0.0,"gold_gain":0.0,"event_name":"Upgrade Shrine","player_choice":"Upgraded","floor":36.0,"gold_loss":0.0,"damage_taken":0.0,"cards_upgraded":["Defragment"]},{"damage_healed":0.0,"max_hp_gain":0.0,"max_hp_loss":4.0,"gold_gain":0.0,"event_name":"Winding Halls","player_choice":"Max HP","floor":38.0,"gold_loss":0.0,"damage_taken":0.0},{"damage_healed":0.0,"max_hp_gain":0.0,"max_hp_loss":0.0,"gold_gain":0.0,"event_name":"Mysterious Sphere","player_choice":"Fight","floor":44.0,"gold_loss":0.0,"damage_taken":0.0}],"is_beta":false,"boss_relics":[{"not_picked":["Fusion Hammer","Sozu"],"picked":"FrozenCore"},{"not_picked":["Empty Cage","Runic Pyramid"],"picked":"Astrolabe"}],"items_purged_floors":[47],"is_endless":false,"potions_floor_spawned":[1,8,10,16,24,29,30,37,39,45,48,54],"killed_by":"The Heart","ascension_level":19}