{"gold_per_floor":[117,135,135,155,180,180,192,192,192,202,237,237,247,322,322,399,449,463,463,170,181,200,200,220,220,220,235,252,266,266,266,266,338,338,349,363,363,382,0,0,10,110,110,129,129,160,172,204,216,228],"floor_reached":50,"playtime":1705,"items_purged":["Strike_B"],"score":932,"play_id":"ddfe2850-4516-431f-9184-09be5224d6b5","local_time":"20190107203149","is_ascension_mode":true,"campfire_choices":[{"data":"Zap","floor":6.0,"key":"SMITH"},{"data":"Redo","floor":8.0,"key":"SMITH"},{"data":"Genetic Algorithm","floor":12.0,"key":"SMITH"},{"floor":15.0,"key":"REST"},{"data":"Echo Form","floor":23.0,"key":"SMITH"},{"floor":25.0,"key":"REST"},{"data":"Aggregate","floor":30.0,"key":"SMITH"},{"floor":32.0,"key":"REST"},{"floor":40,"key":"REST"},{"floor":45,"key":"REST"},{"data":"Creative AI","floor":47,"key":"SMITH"},{"floor":49,"key":"REST"}],"neow_cost":"NONE","seed_source_timestamp":0,"circlet_count":0,"master_deck":["AscendersBane","Strike_B","Defend_B","Defend_B","Defend_B","Defend_B","Zap+1","Dualcast","Cold Snap","Ball Lightning","Redo+1","Doom and Gloom","Genetic Algorithm+1","Echo Form+1","Buffer+1","Ball Lightning","Ball Lightning","Electrodynamics","Aggregate+1","Steam","Core Surge","Barrage+1","Static Discharge+1","Double Energy","Creative AI+1","White Noise"],"special_seed":0,"relics":["Cracked Core","WarpedTongs","Lantern","Cables","Vajra","Tiny House","Sling","Ice Cream","MutagenicStrength","Empty Cage","Red Mask","StoneCalendar","Bag of Marbles","MawBank"],"potions_floor_usage":[38,44,49,50],"damage_taken":[{"damage":0.0,"enemies":"Cultist","floor":1.0,"turns":3.0},{"damage":5.0,"enemies":"2 Louse","floor":2.0,"turns":3.0},{"damage":10.0,"enemies":"Jaw Worm","floor":4.0,"turns":2.0},{"damage":5.0,"enemies":"Gremlin Gang","floor":7.0,"turns":4.0},{"damage":9.0,"enemies":"Looter","floor":10.0,"turns":2.0},{"damage":18.0,"enemies":"Lagavulin","floor":11.0,"turns":5.0},{"damage":2.0,"enemies":"2 Fungi Beasts","floor":13.0,"turns":2.0},{"damage":32.0,"enemies":"Hexaghost","floor":16.0,"turns":8.0},{"damage":14.0,"enemies":"Spheric Guardian","floor":18.0,"turns":4.0},{"damage":0.0,"enemies":"Shell Parasite","floor":21.0,"turns":6.0},{"damage":22.0,"enemies":"3 Cultists","floor":22.0,"turns":4.0},{"damage":18.0,"enemies":"Centurion and Healer","floor":24.0,"turns":5.0},{"damage":0.0,"enemies":"Sentry and Sphere","floor":27.0,"turns":3.0},{"damage":8.0,"enemies":"Snake Plant","floor":28.0,"turns":3.0},{"damage":0.0,"enemies":"Centurion and Healer","floor":29.0,"turns":3.0},{"damage":33.0,"enemies":"Collector","floor":33.0,"turns":10.0},{"damage":0.0,"enemies":"3 Darklings","floor":35.0,"turns":2.0},{"damage":16.0,"enemies":"3 Shapes","floor":36.0,"turns":2.0},{"damage":23,"enemies":"Spire Growth","floor":38,"turns":5},{"damage":8,"enemies":"4 Shapes","floor":41,"turns":4},{"damage":0,"enemies":"Mind Bloom Boss Battle","floor":42,"turns":4},{"damage":4,"enemies":"Transient","floor":44,"turns":6},{"damage":39,"enemies":"Nemesis","floor":46,"turns":5},{"damage":2,"enemies":"3 Darklings","floor":48,"turns":2},{"damage":65,"enemies":"Awakened One","floor":50,"turns":2}],"seed_played":"432812423829160733","potions_obtained":[{"floor":2.0,"key":"LiquidBronze"},{"floor":16.0,"key":"Ancient Potion"},{"floor":24.0,"key":"SkillPotion"},{"floor":33.0,"key":"AttackPotion"},{"floor":36.0,"key":"Regen Potion"},{"floor":42,"key":"FocusPotion"},{"floor":48,"key":"Fruit Juice"}],"is_trial":false,"path_per_floor":["M","M","?","M","T","R","M","R","T","M","E","R","M","?","R","B",null,"M","?","$","M","M","R","M","R","T","M","M","M","R","?","R","B",null,"M","M","?","M","?","R","M","?","T","M","R","E","R","M","R","B"],"character_chosen":"DEFECT","items_purchased":["Sling"],"campfire_rested":6,"item_purchase_floors":[20],"current_hp_per_floor":[71,66,66,56,56,56,51,51,51,42,24,24,22,11,34,2,64,50,50,50,50,28,28,10,34,34,34,26,26,26,26,50,17,67,67,51,51,28,28,52,44,44,44,40,64,25,25,23,54,0],"gold":228,"neow_bonus":"TEN_PERCENT_HP_BONUS","is_prod":false,"is_daily":false,"chose_seed":false,"campfire_upgraded":6,"win_rate":0,"timestamp":1546860709,"path_taken":["M","?","?","?","?","R","M","R","T","M","E","R","?","?","R","BOSS","M","?","$","M","M","R","M","R","T","M","M","?","R","?","R","BOSS","M","M","?","M","?","R","M","?","T","M","R","E","R","M","R","BOSS"],"build_version":"2019-01-03v4","purchased_purges":1,"victory":false,"max_hp_per_floor":[78,78,78,78,78,78,78,78,78,78,78,78,78,78,78,78,83,83,83,83,83,83,83,83,83,83,83,83,83,83,83,83,83,83,83,83,83,83,83,83,83,83,83,83,83,83,83,83,88,88],"card_choices":[{"not_picked":["Stack","Turbo"],"picked":"Cold Snap","floor":1.0},{"not_picked":["Cold Snap","Steam"],"picked":"Ball Lightning","floor":2.0},{"not_picked":["Beam Cell","Coolheaded"],"picked":"Redo","floor":4.0},{"not_picked":["Rebound","Compile Driver"],"picked":"Doom and Gloom","floor":7.0},{"not_picked":["Conserve Battery","Leap"],"picked":"Genetic Algorithm","floor":10.0},{"not_picked":["Hologram","Cold Snap"],"picked":"Auto Shields","floor":11.0},{"not_picked":["Barrage","Compile Driver"],"picked":"Echo Form","floor":13.0},{"not_picked":["Biased Cognition","Fission"],"picked":"Buffer","floor":16.0},{"not_picked":["Compile Driver","Leap"],"picked":"Ball Lightning","floor":18.0},{"not_picked":["Coolheaded","Leap"],"picked":"Ball Lightning","floor":21.0},{"not_picked":["Compile Driver","Barrage","Cold Snap"],"picked":"SKIP","floor":22.0},{"not_picked":["Scrape+1","Conserve Battery"],"picked":"Electrodynamics","floor":24.0},{"not_picked":["Streamline","Sweeping Beam"],"picked":"Aggregate","floor":27.0},{"not_picked":["Leap","Redo"],"picked":"Steam","floor":28.0},{"not_picked":["Leap","Consume+1","Cold Snap"],"picked":"SKIP","floor":29.0},{"not_picked":["Buffer","Meteor Strike"],"picked":"Core Surge","floor":33.0},{"not_picked":["Coolheaded","Gash","Beam Cell"],"picked":"SKIP","floor":35.0},{"not_picked":["Scrape","Chill"],"picked":"Barrage+1","floor":36.0},{"not_picked":["Doom and Gloom","Turbo"],"picked":"Static Discharge+1","floor":38},{"not_picked":["Static Discharge","Compile Driver","Streamline"],"picked":"SKIP","floor":41},{"not_picked":["BootSequence","Stack"],"picked":"Double Energy","floor":42},{"not_picked":["Coolheaded","Rebound","Self Repair"],"picked":"SKIP","floor":44},{"not_picked":["Self Repair+1","Conserve Battery"],"picked":"Creative AI","floor":46},{"not_picked":["Barrage","Turbo+1"],"picked":"White Noise","floor":48}],"player_experience":1016937,"relics_obtained":[{"floor":5.0,"key":"Lantern"},{"floor":9.0,"key":"Cables"},{"floor":11.0,"key":"Vajra"},{"floor":26.0,"key":"Ice Cream"},{"floor":42,"key":"StoneCalendar"},{"floor":43,"key":"Bag of Marbles"},{"floor":46,"key":"MawBank"}],"event_choices":[{"damage_healed":0.0,"max_hp_gain":0.0,"max_hp_loss":0.0,"gold_gain":0.0,"event_name":"Accursed Blacksmith","player_choice":"Rummage","floor":3.0,"gold_loss":0.0,"damage_taken":0.0,"relics_obtained":["WarpedTongs"],"cards_obtained":["Pain"]},{"damage_healed":0.0,"max_hp_gain":0.0,"max_hp_loss":0.0,"gold_gain":75.0,"event_name":"World of Goop","player_choice":"Gather Gold","floor":14.0,"gold_loss":0.0,"damage_taken":11.0},{"cards_removed":["Pain"],"damage_healed":0.0,"max_hp_gain":0.0,"max_hp_loss":0.0,"gold_gain":0.0,"event_name":"Fountain of Cleansing","player_choice":"Removed Curses","floor":19.0,"gold_loss":0.0,"damage_taken":0.0},{"damage_healed":0.0,"max_hp_gain":0.0,"max_hp_loss":0.0,"gold_gain":0.0,"event_name":"Drug Dealer","player_choice":"Inject Mutagens","floor":31.0,"gold_loss":0.0,"damage_taken":0.0,"relics_obtained":["MutagenicStrength"]},{"cards_removed":["Auto Shields"],"damage_healed":0.0,"max_hp_gain":0.0,"max_hp_loss":0.0,"gold_gain":0.0,"event_name":"Falling","player_choice":"Removed Skill","floor":37.0,"gold_loss":0.0,"damage_taken":0.0},{"damage_healed":0,"gold_gain":0,"player_choice":"Paid","damage_taken":0,"relics_obtained":["Red Mask"],"max_hp_gain":0,"max_hp_loss":0,"event_name":"Tomb of Lord Red Mask","floor":39,"gold_loss":382},{"damage_healed":0,"gold_gain":0,"player_choice":"Fight","damage_taken":0,"max_hp_gain":0,"max_hp_loss":0,"event_name":"MindBloom","floor":42,"gold_loss":0}],"is_beta":false,"boss_relics":[{"not_picked":["Snecko Eye","Pandora\u0027s Box"],"picked":"Tiny House"},{"not_picked":["Runic Dome","Fusion Hammer"],"picked":"Empty Cage"}],"items_purged_floors":[20],"is_endless":false,"potions_floor_spawned":[2,16,22,24,33,36,42,48],"killed_by":"Awakened One","ascension_level":19}