{"gold_per_floor":[118,137,34,209,240,280,0,0,0,0,34,96,143,167,167,279,279,299,74,74,87,115,115,162,162,162,162,6,6,39,39,39,140,140,151,76,90,117,117,117,144,144,144,144,155,155,175,31,31,31],"floor_reached":51,"playtime":1201,"items_purged":["Normality"],"score":968,"play_id":"f8beb45c-21bc-43e8-a8ca-91e5de1821f1","local_time":"20180703150103","daily_mods":["Draft","Allstar","Cursed Run"],"is_ascension_mode":false,"campfire_choices":[{"data":"HandOfGreed","floor":8,"key":"SMITH"},{"data":"Armaments","floor":15,"key":"SMITH"},{"data":"Dual Wield","floor":23,"key":"SMITH"},{"data":"Whirlwind","floor":25,"key":"SMITH"},{"data":"Heavy Blade","floor":29,"key":"SMITH"},{"data":"Immolate","floor":32,"key":"SMITH"},{"data":"Feed","floor":40,"key":"SMITH"},{"data":"Shockwave","floor":46,"key":"SMITH"},{"data":"Inflame","floor":49,"key":"SMITH"}],"neow_cost":"","seed_source_timestamp":0,"circlet_count":0,"master_deck":["Shockwave+1","Clothesline","Armaments+1","Headbutt","Havoc","Pummel","Inflame+1","Dropkick","Shrug It Off","Anger","Heavy Blade+1","Flame Barrier","Rage","Shockwave","Cleave","Dropkick","HandOfGreed+1","Doubt","Dual Wield+1","Shame","Regret","Shrug It Off","Feed+1","Injury","Demon Form+1","Disarm+1","Disarm","Sever Soul+1","Uppercut+1","Whirlwind+1","Decay","Immolate+1","Reaper","Dropkick+1","Corruption+1","Feel No Pain+1","Writhe","Clumsy","Inflame+1","Decay"],"relics":["Cursed Key","Darkstone Periapt","Du-Vu Doll","Frozen Egg 2","Tiny Chest","Bronze Scales","Kunai","Question Card","Anchor","Dream Catcher","Runic Dome","Bag of Marbles","Spirit Poop","Happy Flower","Bottled Flame","FaceOfCleric","Juzu Bracelet","Ancient Tea Set","Sozu","Toolbox","Molten Egg 2","Pen Nib"],"potions_floor_usage":[50,50],"damage_taken":[{"damage":0,"enemies":"Cultist","floor":1,"turns":2},{"damage":8,"enemies":"Jaw Worm","floor":2,"turns":2},{"damage":0,"enemies":"Small Slimes","floor":5,"turns":3},{"damage":5,"enemies":"3 Sentries","floor":6,"turns":3},{"damage":0,"enemies":"Exordium Wildlife","floor":11,"turns":3},{"damage":7,"enemies":"Gremlin Nob","floor":13,"turns":3},{"damage":0,"enemies":"The Guardian","floor":16,"turns":7},{"damage":0,"enemies":"Shell Parasite","floor":18,"turns":2},{"damage":0,"enemies":"Chosen","floor":21,"turns":3},{"damage":2,"enemies":"Centurion and Healer","floor":22,"turns":4},{"damage":3,"enemies":"Book of Stabbing","floor":24,"turns":3},{"damage":0,"enemies":"Slavers","floor":30,"turns":1},{"damage":1,"enemies":"Champ","floor":33,"turns":6},{"damage":0,"enemies":"3 Darklings","floor":35,"turns":1},{"damage":0,"enemies":"3 Shapes","floor":37,"turns":1},{"damage":0,"enemies":"Spire Growth","floor":38,"turns":2},{"damage":8,"enemies":"Giant Head","floor":41,"turns":5},{"damage":0,"enemies":"3 Darklings","floor":45,"turns":1},{"damage":16,"enemies":"Maw","floor":47,"turns":3},{"damage":39,"enemies":"Time Eater","floor":50,"turns":6}],"seed_played":"-2896509212232416992","potions_obtained":[{"floor":1,"key":"FearPotion"},{"floor":6,"key":"Explosive Potion"},{"floor":16,"key":"Fire Potion"}],"is_trial":true,"path_per_floor":["M","M","$","?","M","E","$","R","T","?","M","?","E","T","R","B",null,"M","$","?","M","M","R","E","R","T","?","$","R","E","?","R","B",null,"M","$","M","M","?","R","E","?","T","?","M","R","M","$","R","B"],"character_chosen":"IRONCLAD","items_purchased":["HandOfGreed","Tiny Chest","Bronze Scales","Disarm","Bag of Marbles","Juzu Bracelet","Pen Nib"],"campfire_rested":0,"item_purchase_floors":[3,7,7,19,19,28,48],"current_hp_per_floor":[80,72,72,78,78,73,73,73,79,85,85,85,78,84,84,90,110,110,110,110,110,108,108,105,105,111,111,111,111,112,112,112,118,124,125,125,126,127,127,127,120,134,140,140,141,141,126,126,126,94],"gold":31,"neow_bonus":"","is_prod":false,"is_daily":false,"chose_seed":false,"campfire_upgraded":9,"win_rate":0,"timestamp":1530655263,"path_taken":["M","M","$","?","M","E","$","R","T","?","?","?","E","?","R","BOSS","M","$","?","M","M","R","E","R","T","?","$","R","E","?","R","BOSS","M","$","M","M","?","R","E","?","T","?","M","R","M","$","R","BOSS"],"build_version":"2018-07-02","purchased_purges":1,"victory":true,"max_hp_per_floor":[80,80,80,86,86,86,86,86,92,98,98,98,98,104,104,110,110,110,110,110,110,110,110,110,110,116,116,116,116,117,117,117,124,124,125,125,126,127,127,127,128,134,140,140,141,141,142,142,142,149],"card_choices":[{"not_picked":["Perfected Strike","Twin Strike"],"picked":"Shockwave","floor":0},{"not_picked":["Blood for Blood","Sword Boomerang"],"picked":"Clothesline","floor":0},{"not_picked":["Sword Boomerang","Pommel Strike"],"picked":"Armaments","floor":0},{"not_picked":["Fire Breathing","Evolve"],"picked":"Headbutt","floor":0},{"not_picked":["Flex","Clash"],"picked":"Havoc","floor":0},{"not_picked":["Flex","Headbutt"],"picked":"Pummel","floor":0},{"not_picked":["True Grit","Anger"],"picked":"Inflame","floor":0},{"not_picked":["Iron Wave","Dual Wield"],"picked":"Dropkick","floor":0},{"not_picked":["Intimidate","Pommel Strike"],"picked":"Feel No Pain","floor":0},{"not_picked":["Evolve","Clash"],"picked":"Shrug It Off","floor":0},{"not_picked":["Entrench","Clash"],"picked":"Anger","floor":0},{"not_picked":["Armaments","Anger"],"picked":"Heavy Blade","floor":0},{"not_picked":["Body Slam","Cleave"],"picked":"Flame Barrier","floor":0},{"not_picked":["Fire Breathing","Perfected Strike"],"picked":"Rage","floor":0},{"not_picked":["Headbutt","Clash"],"picked":"Shockwave","floor":0},{"not_picked":["Clash","Wild Strike"],"picked":"Cleave","floor":1},{"not_picked":["Sentinel","Entrench"],"picked":"Dropkick","floor":2},{"not_picked":["Warcry","Clothesline"],"picked":"Dual Wield","floor":5},{"not_picked":["Juggernaut","Headbutt","Perfected Strike"],"picked":"SKIP","floor":6},{"not_picked":["Sentinel","Headbutt","Reckless Charge"],"picked":"Shrug It Off","floor":11},{"not_picked":["Perfected Strike","Corruption+1","Cleave"],"picked":"Feed","floor":13},{"not_picked":["Barricade+1","Double Tap","Limit Break"],"picked":"Demon Form+1","floor":16},{"not_picked":["Bloodletting+1","Reckless Charge","Body Slam"],"picked":"Disarm+1","floor":18},{"not_picked":["Body Slam","Pommel Strike","Anger+1"],"picked":"Sever Soul+1","floor":21},{"not_picked":["Fire Breathing+1","True Grit+1","Rupture+1"],"picked":"Uppercut+1","floor":22},{"not_picked":["Twin Strike","Havoc","Armaments"],"picked":"Whirlwind","floor":24},{"not_picked":["Evolve+1","Clash","Reaper"],"picked":"Immolate","floor":30},{"not_picked":["Juggernaut+1","Barricade+1","Brutality+1"],"picked":"Reaper","floor":33},{"not_picked":["Headbutt","Whirlwind+1","Shrug It Off"],"picked":"Dropkick+1","floor":35},{"not_picked":["Shockwave","Sword Boomerang+1","Shrug It Off"],"picked":"Corruption+1","floor":37},{"not_picked":["Rampage","Havoc+1","Rupture+1"],"picked":"Feel No Pain+1","floor":41},{"not_picked":["Uppercut+1","Battle Trance","Headbutt+1"],"picked":"Inflame+1","floor":45}],"player_experience":468390,"relics_obtained":[{"floor":6,"key":"Frozen Egg 2"},{"floor":9,"key":"Kunai"},{"floor":13,"key":"Anchor"},{"floor":14,"key":"Dream Catcher"},{"floor":24,"key":"Happy Flower"},{"floor":26,"key":"Bottled Flame"},{"floor":30,"key":"Ancient Tea Set"},{"floor":41,"key":"Toolbox"},{"floor":43,"key":"Molten Egg 2"}],"event_choices":[{"event_name":"Liars Game","player_choice":"agreed","floor":4,"damage_taken":0},{"event_name":"Big Fish","player_choice":"Box","floor":10,"damage_taken":0},{"event_name":"Golden Wing","player_choice":"Gained Gold","floor":12,"damage_taken":0},{"event_name":"Bonfire Elementals","player_choice":"CURSE","floor":20,"damage_taken":0},{"event_name":"FaceTrader","player_choice":"Trade","floor":27,"damage_taken":0},{"event_name":"Vampires","player_choice":"Ignored","floor":31,"damage_taken":0},{"event_name":"Tomb of Lord Red Mask","player_choice":"Ignored","floor":39,"damage_taken":0},{"event_name":"Winding Halls","player_choice":"Writhe","floor":42,"damage_taken":0},{"event_name":"Falling","player_choice":"Removed Power","floor":44,"damage_taken":0}],"boss_relics":[{"not_picked":["Velvet Choker","White Beast Statue"],"picked":"Runic Dome"},{"not_picked":["Astrolabe","Tiny House"],"picked":"Sozu"}],"items_purged_floors":[36],"is_endless":false,"potions_floor_spawned":[1,6,16,18,24,35,37,38],"ascension_level":0}