{"gold_per_floor":[109,109,109,126,86,104,116,19,19,46,57,70,70],"floor_reached":13,"playtime":1098,"items_purged":[],"score":87,"play_id":"79bc6366-0a6f-4a34-bd18-8a9091d2c0b5","local_time":"20190120201324","is_ascension_mode":false,"campfire_choices":[],"neow_cost":"NONE","seed_source_timestamp":0,"circlet_count":0,"master_deck":["Strike_R","Strike_R","Strike_R","Strike_R","Defend_R","Defend_R","Defend_R","Bash","Twin Strike","Sword Boomerang","Juggernaut","Pummel","Sword Boomerang","Warcry","Armaments","Seeing Red","Warcry","Clash","Clash"],"special_seed":0,"relics":["Burning Blood","Dead Branch","Kunai"],"potions_floor_usage":[11,12,13],"damage_taken":[{"damage":1.0,"enemies":"2 Louse","floor":1.0,"turns":3.0},{"damage":20.0,"enemies":"Jaw Worm","floor":4.0,"turns":4.0},{"damage":1.0,"enemies":"Cultist","floor":6.0,"turns":3.0},{"damage":2.0,"enemies":"Blue Slaver","floor":7.0,"turns":2.0},{"damage":49.0,"enemies":"3 Sentries","floor":10.0,"turns":5.0},{"damage":13,"enemies":"Red Slaver","floor":11,"turns":2},{"damage":16,"enemies":"Exordium Thugs","floor":12,"turns":4},{"damage":9,"enemies":"Lagavulin","floor":13,"turns":3}],"seed_played":"6654512769823379352","potions_obtained":[{"floor":5.0,"key":"BloodPotion"},{"floor":5.0,"key":"Fire Potion"},{"floor":5.0,"key":"AttackPotion"},{"floor":7.0,"key":"FearPotion"},{"floor":10.0,"key":"Fire Potion"},{"floor":12,"key":"EssenceOfSteel"}],"is_trial":false,"path_per_floor":["M","?","?","M","?","M","M","$","T","E","M","M","E"],"character_chosen":"IRONCLAD","items_purchased":["Armaments","Seeing Red"],"campfire_rested":0,"item_purchase_floors":[8,8],"current_hp_per_floor":[80,80,72,58,58,71,75,75,75,32,25,15,6],"gold":70,"neow_bonus":"TRANSFORM_CARD","is_prod":false,"is_daily":false,"chose_seed":false,"campfire_upgraded":0,"win_rate":0,"timestamp":1547968404,"path_taken":["M","?","?","?","?","?","M","$","T","E","M","M","E"],"build_version":"2019-01-17v2","purchased_purges":0,"victory":false,"max_hp_per_floor":[80,80,80,80,80,80,80,80,80,80,80,80,80],"card_choices":[{"not_picked":["Perfected Strike","Disarm"],"picked":"Sword Boomerang","floor":1.0},{"not_picked":["Shrug It Off","Carnage"],"picked":"Pummel","floor":4.0},{"not_picked":["Entrench","Corruption"],"picked":"Sword Boomerang","floor":6.0},{"not_picked":["Sever Soul","Heavy Blade"],"picked":"Warcry","floor":7.0},{"not_picked":["Thunderclap","Uppercut"],"picked":"Warcry","floor":10.0},{"not_picked":["Wild Strike","Evolve"],"picked":"Clash","floor":11},{"not_picked":["Burning Pact","Battle Trance"],"picked":"Clash","floor":12}],"player_experience":578532,"relics_obtained":[{"floor":9.0,"key":"Dead Branch"},{"floor":10.0,"key":"Kunai"}],"event_choices":[{"damage_healed":0.0,"max_hp_gain":0.0,"max_hp_loss":0.0,"gold_gain":0.0,"cards_transformed":["Strike_R"],"event_name":"Living Wall","player_choice":"Change","floor":2.0,"gold_loss":0.0,"damage_taken":0.0,"cards_obtained":["Juggernaut"]},{"damage_healed":0.0,"max_hp_gain":0.0,"max_hp_loss":0.0,"gold_gain":0.0,"event_name":"Wheel of Change","player_choice":"Damaged","floor":3.0,"gold_loss":0.0,"damage_taken":8.0},{"damage_healed":0.0,"max_hp_gain":0.0,"max_hp_loss":0.0,"gold_gain":0.0,"event_name":"The Woman in Blue","player_choice":"Bought 3 Potions","floor":5.0,"gold_loss":0.0,"damage_taken":0.0}],"is_beta":false,"boss_relics":[],"items_purged_floors":[],"is_endless":false,"potions_floor_spawned":[7,10,12],"killed_by":"Lagavulin","ascension_level":0}