{"gold_per_floor":[115,115,30,280,30,63,63,33,33,33,97,113,132,145,145,220,220,209,209,221,15,27,27,27,27,96,122,122,132,142,142,142,142],"floor_reached":33,"playtime":1227,"items_purged":["Regret"],"score":485,"play_id":"527f2205-dda2-4cba-83a2-a390fc1b6a61","local_time":"20180709121357","daily_mods":["Binary"],"is_ascension_mode":true,"campfire_choices":[{"data":"Loop","floor":7,"key":"SMITH"},{"data":"Leap","floor":10,"key":"SMITH"},{"floor":15,"key":"REST"},{"floor":23,"key":"REST"},{"data":"Rainbow","floor":25,"key":"SMITH"},{"floor":32,"key":"REST"}],"neow_cost":"","seed_source_timestamp":0,"circlet_count":0,"master_deck":["Strike_B+1","Strike_B+1","Strike_B+1","Strike_B+1","Defend_B+1","Defend_B+1","Defend_B+1","Defend_B+1","Zap+1","Dualcast","AscendersBane","Loop+1","Conserve Battery+1","Leap+1","White Noise","Cold Snap","Capacitor","Jack Of All Trades","Rainbow+1","Doubt","Redo","Ghostly","Ghostly","Ghostly","Ghostly","Ghostly","Barrage","Undo","Leap"],"relics":["Cracked Core","Busted Crown","CultistMask","The Courier","Gremlin Horn","Shovel","Cursed Key","Question Card","War Paint"],"potions_floor_usage":[14,16,27,27,33],"damage_taken":[{"damage":7,"enemies":"Jaw Worm","floor":1,"turns":3},{"damage":8,"enemies":"Lagavulin","floor":6,"turns":9},{"damage":35,"enemies":"Lagavulin Event","floor":11,"turns":6},{"damage":0,"enemies":"Cultist","floor":12,"turns":3},{"damage":0,"enemies":"2 Louse","floor":13,"turns":3},{"damage":2,"enemies":"Lots of Slimes","floor":14,"turns":4},{"damage":21,"enemies":"The Guardian","floor":16,"turns":12},{"damage":18,"enemies":"2 Thieves","floor":18,"turns":5},{"damage":5,"enemies":"Spheric Guardian","floor":20,"turns":4},{"damage":0,"enemies":"Snecko","floor":22,"turns":5},{"damage":50,"enemies":"Gremlin Leader","floor":27,"turns":11},{"damage":0,"enemies":"Sentry and Sphere","floor":29,"turns":7},{"damage":0,"enemies":"Snake Plant","floor":30,"turns":6},{"damage":42,"enemies":"Automaton","floor":33,"turns":12}],"seed_played":"8315997278839792129","potions_obtained":[{"floor":1,"key":"Strength Potion"},{"floor":6,"key":"LiquidBronze"},{"floor":14,"key":"Poison Potion"},{"floor":16,"key":"FearPotion"},{"floor":30,"key":"SpeedPotion"}],"is_trial":true,"path_per_floor":["M","?","$","?","$","E","R","$","T","R","?","M","M","M","R","B",null,"M","?","M","$","M","R","?","R","T","E","?","M","M","?","R"],"character_chosen":"DEFECT","items_purchased":["Loop","Conserve Battery","Leap","White Noise","Cold Snap","Capacitor","Jack Of All Trades","Rainbow"],"campfire_rested":3,"item_purchase_floors":[3,3,5,5,5,8,21,21],"current_hp_per_floor":[57,57,57,57,57,49,49,49,49,49,14,14,14,12,33,12,56,38,38,33,33,33,54,54,54,54,4,4,4,4,4,14,0],"gold":142,"neow_bonus":"","is_prod":false,"is_daily":false,"chose_seed":false,"campfire_upgraded":3,"win_rate":0,"timestamp":1531163637,"path_taken":["M","?","?","?","$","E","R","$","T","R","?","M","M","M","R","BOSS","M","?","M","$","M","R","?","R","T","E","?","M","M","?","R","BOSS"],"build_version":"2018-07-05","purchased_purges":1,"victory":false,"max_hp_per_floor":[71,71,71,71,71,71,71,71,71,71,71,71,71,71,71,71,71,71,71,71,71,71,71,71,71,71,71,35,35,35,35,35,35],"card_choices":[{"not_picked":[],"picked":"Redo","floor":27},{"not_picked":[],"picked":"Barrage","floor":29},{"not_picked":[],"picked":"Undo","floor":30}],"player_experience":545354,"relics_obtained":[{"floor":6,"key":"The Courier"},{"floor":9,"key":"Gremlin Horn"},{"floor":11,"key":"Shovel"},{"floor":26,"key":"Question Card"},{"floor":27,"key":"War Paint"}],"event_choices":[{"event_name":"FaceTrader","player_choice":"Trade","floor":2,"damage_taken":0},{"event_name":"Golden Shrine","player_choice":"Desecrate","floor":4,"damage_taken":0},{"event_name":"Dead Adventurer","player_choice":"Searched \u00271\u0027 times","floor":11,"damage_taken":0},{"event_name":"Back to Basics","player_choice":"Simplicity","floor":19,"damage_taken":0},{"event_name":"Addict","player_choice":"Ignored","floor":24,"damage_taken":0},{"event_name":"Ghosts","player_choice":"Became a Ghost","floor":28,"damage_taken":0},{"event_name":"The Library","player_choice":"Read","floor":31,"damage_taken":0}],"boss_relics":[{"not_picked":["Philosopher\u0027s Stone","Lizard Tail"],"picked":"Cursed Key"}],"items_purged_floors":[5],"is_endless":false,"potions_floor_spawned":[1,6,14,16,30],"killed_by":"Automaton","ascension_level":15}