{"gold_per_floor":[109,259,52,52,52,52,71,71,94,127,140,140,156,191,191,266,266,266,266,266,266,266,266,266],"floor_reached":24,"playtime":1161,"items_purged":["Doubt"],"score":412,"play_id":"7e5dc10c-0341-451b-8674-859043a1f46e","local_time":"20190123123106","is_ascension_mode":true,"campfire_choices":[{"data":"Footwork","floor":6.0,"key":"SMITH"},{"data":"Deadly Poison","floor":8.0,"key":"SMITH"},{"floor":12.0,"key":"REST"},{"data":"Cloak And Dagger","floor":15.0,"key":"SMITH"},{"floor":23,"key":"REST"}],"neow_cost":"NONE","seed_source_timestamp":2648200367141,"circlet_count":0,"master_deck":["AscendersBane","Defend_G","Defend_G","Defend_G","Defend_G","Defend_G","Strike_G+1","Strike_G","Strike_G","Strike_G","Strike_G","Survivor","Neutralize+1","Infinite Blades","Footwork+1","Cloak And Dagger+1","Deflect","Deadly Poison+1","Dodge and Roll","Masterful Stab","Backstab","Infinite Blades","A Thousand Cuts","Well Laid Plans","Poisoned Stab","Infinite Blades","Envenom","RitualDagger"],"special_seed":0,"relics":["Ring of the Snake","Pen Nib","Lantern","Boot","Vajra","Ectoplasm"],"potions_floor_usage":[24],"damage_taken":[{"damage":3.0,"enemies":"Small Slimes","floor":1.0,"turns":4.0},{"damage":0.0,"enemies":"2 Louse","floor":7.0,"turns":3.0},{"damage":11.0,"enemies":"Lagavulin","floor":10.0,"turns":8.0},{"damage":0.0,"enemies":"Cultist","floor":11.0,"turns":3.0},{"damage":2.0,"enemies":"Gremlin Gang","floor":13.0,"turns":6.0},{"damage":5.0,"enemies":"3 Sentries","floor":14.0,"turns":7.0},{"damage":24.0,"enemies":"Slime Boss","floor":16.0,"turns":8.0},{"damage":0.0,"enemies":"Shell Parasite","floor":18.0,"turns":4.0},{"damage":10.0,"enemies":"Chosen","floor":19.0,"turns":4.0},{"damage":23.0,"enemies":"Sentry and Sphere","floor":20.0,"turns":6.0},{"damage":11.0,"enemies":"Snecko","floor":21.0,"turns":5.0},{"damage":27,"enemies":"Slavers","floor":24,"turns":2}],"seed_played":"1672318308268024706","potions_obtained":[{"floor":10.0,"key":"LiquidBronze"},{"floor":14.0,"key":"Swift Potion"}],"is_trial":false,"path_per_floor":["M","?","$","?","?","R","M","R","T","E","M","R","M","E","R","B",null,"M","M","M","M","?","R","E"],"character_chosen":"THE_SILENT","items_purchased":["Footwork","Cloak And Dagger"],"campfire_rested":2,"item_purchase_floors":[3,3],"current_hp_per_floor":[56,56,56,36,36,36,36,36,36,25,25,44,42,37,37,13,53,53,43,20,9,3,22,0],"gold":266,"neow_bonus":"RANDOM_COMMON_RELIC","is_prod":false,"is_daily":false,"chose_seed":false,"campfire_upgraded":3,"win_rate":0,"timestamp":1548243066,"path_taken":["M","?","$","?","?","R","M","R","T","E","?","R","M","E","R","BOSS","M","M","M","?","?","R","E"],"build_version":"2019-01-17v2","purchased_purges":1,"victory":false,"max_hp_per_floor":[66,66,66,66,66,66,66,66,66,66,66,66,66,66,66,66,66,66,66,66,66,66,66,66],"card_choices":[{"not_picked":["Dagger Spray","Eviscerate"],"picked":"Infinite Blades","floor":1.0},{"not_picked":["Backflip","Poisoned Stab"],"picked":"Deadly Poison","floor":7.0},{"not_picked":["Slice","Dagger Throw"],"picked":"Dodge and Roll","floor":10.0},{"not_picked":["Doppelganger","Tactician"],"picked":"Masterful Stab","floor":11.0},{"not_picked":["Well Laid Plans","Acrobatics"],"picked":"Backstab","floor":13.0},{"not_picked":["Prepared","Acrobatics"],"picked":"Infinite Blades","floor":14.0},{"not_picked":["Burst","Glass Knife"],"picked":"A Thousand Cuts","floor":16.0},{"not_picked":["PiercingWail","Bouncing Flask"],"picked":"Well Laid Plans","floor":18.0},{"not_picked":["Riddle With Holes","Dagger Spray"],"picked":"Poisoned Stab","floor":19.0},{"not_picked":["Dodge and Roll","Accuracy"],"picked":"Infinite Blades","floor":20.0},{"not_picked":["Backflip","Setup"],"picked":"Envenom","floor":21.0}],"player_experience":2027735,"relics_obtained":[{"floor":9.0,"key":"Lantern"},{"floor":10.0,"key":"Boot"},{"floor":14.0,"key":"Vajra"}],"event_choices":[{"damage_healed":0.0,"max_hp_gain":0.0,"max_hp_loss":0.0,"gold_gain":150.0,"event_name":"Liars Game","player_choice":"AGREE","floor":2.0,"gold_loss":0.0,"damage_taken":0.0,"cards_obtained":["Doubt"]},{"damage_healed":0.0,"max_hp_gain":0.0,"max_hp_loss":0.0,"gold_gain":0.0,"event_name":"Shining Light","player_choice":"Entered Light","floor":4.0,"gold_loss":0.0,"damage_taken":20.0,"cards_upgraded":["Neutralize","Strike_G"]},{"damage_healed":0.0,"max_hp_gain":0.0,"max_hp_loss":0.0,"gold_gain":0.0,"event_name":"Match and Keep!","player_choice":"1 cards matched","floor":5.0,"gold_loss":0.0,"damage_taken":0.0,"cards_obtained":["Deflect"]},{"damage_healed":0,"gold_gain":0,"player_choice":"Joined the Cult","damage_taken":6,"max_hp_gain":0,"max_hp_loss":0,"event_name":"Nest","floor":22,"gold_loss":0,"cards_obtained":["RitualDagger"]}],"is_beta":false,"boss_relics":[{"not_picked":["Tiny House","Velvet Choker"],"picked":"Ectoplasm"}],"items_purged_floors":[3],"is_endless":false,"potions_floor_spawned":[10,14,18],"killed_by":"Slavers","ascension_level":20}