{"gold_per_floor":[110,120,120,140,140,140,167,92,92,121,121,21,21,40,40,142,142,160,160,170,170,170,198,73,89,167,167,201,51,61,94,94,199,199,216,228,228,228,273,273,292,292,292,303,5,5,5,20,20,20],"floor_reached":51,"playtime":2562,"items_purged":["Defend_B","Defend_B","Shame","Defend_B+1"],"score":791,"play_id":"0b78fa90-1911-49ec-9e28-3581ebb52bdc","local_time":"20181124204825","is_ascension_mode":false,"campfire_choices":[{"data":"Beam Cell","floor":6,"key":"SMITH"},{"data":"Rip and Tear","floor":11,"key":"SMITH"},{"data":"Zap","floor":13,"key":"SMITH"},{"floor":15,"key":"REST"},{"data":"RitualDagger","floor":27,"key":"SMITH"},{"floor":32,"key":"REST"},{"floor":40,"key":"REST"},{"floor":42,"key":"REST"},{"data":"Seek","floor":46,"key":"SMITH"},{"data":"Transmutation","floor":49,"key":"SMITH"}],"neow_cost":"NONE","seed_source_timestamp":30013799806200,"circlet_count":0,"master_deck":["Strike_B+1","Strike_B+1","Strike_B+1","Strike_B+1","Defend_B+1","Zap+1","Dualcast","Sweeping Beam+1","Beam Cell+1","Melter","Rip and Tear+1","Reprogram","Hyperbeam","Ball Lightning+1","RitualDagger+1","White Noise+1","Static Discharge+1","Seek+1","Transmutation+1","Parasite"],"relics":["Cracked Core","NeowsBlessing","Mercury Hourglass","Mummified Hand","Anchor","Omamori","Calling Bell","Bag of Marbles","Sundial","Thread and Needle","Molten Egg 2","Bottled Lightning","Frozen Egg 2","Red Mask","Oddly Smooth Stone","Philosopher\u0027s Stone","Dead Branch","Singing Bowl","Lee\u0027s Waffle"],"potions_floor_usage":[16,18,31,39,50,50,50],"damage_taken":[{"damage":0,"enemies":"Small Slimes","floor":1,"turns":1},{"damage":0,"enemies":"Jaw Worm","floor":2,"turns":1},{"damage":0,"enemies":"2 Louse","floor":4,"turns":1},{"damage":5,"enemies":"Gremlin Nob","floor":7,"turns":3},{"damage":9,"enemies":"3 Sentries","floor":10,"turns":3},{"damage":0,"enemies":"Exordium Wildlife","floor":14,"turns":2},{"damage":47,"enemies":"Hexaghost","floor":16,"turns":5},{"damage":0,"enemies":"Shell Parasite","floor":18,"turns":2},{"damage":0,"enemies":"2 Thieves","floor":20,"turns":3},{"damage":10,"enemies":"Slavers","floor":23,"turns":3},{"damage":0,"enemies":"Snecko","floor":25,"turns":2},{"damage":0,"enemies":"Masked Bandits","floor":28,"turns":1},{"damage":0,"enemies":"Sentry and Sphere","floor":30,"turns":3},{"damage":11,"enemies":"Gremlin Leader","floor":31,"turns":4},{"damage":37,"enemies":"Collector","floor":33,"turns":6},{"damage":0,"enemies":"Orb Walker","floor":35,"turns":2},{"damage":0,"enemies":"3 Darklings","floor":36,"turns":2},{"damage":64,"enemies":"2 Orb Walkers","floor":39,"turns":4},{"damage":4,"enemies":"Writhing Mass","floor":41,"turns":3},{"damage":0,"enemies":"Jaw Worm Horde","floor":44,"turns":1},{"damage":8,"enemies":"3 Darklings","floor":48,"turns":3},{"damage":72,"enemies":"Donu and Deca","floor":50,"turns":5}],"seed_played":"-5149510791000933180","potions_obtained":[{"floor":1,"key":"Ancient Potion"},{"floor":2,"key":"SteroidPotion"},{"floor":7,"key":"GamblersBrew"},{"floor":16,"key":"GamblersBrew"},{"floor":18,"key":"Regen Potion"},{"floor":28,"key":"Block Potion"},{"floor":35,"key":"FearPotion"}],"is_trial":false,"path_per_floor":["M","M","?","M","?","R","E","$","T","E","R","$","R","M","R","B",null,"M","?","M","?","?","E","$","M","T","R","?","$","M","E","R","B",null,"M","M","?","?","?","R","M","R","T","M","$","R","$","M","R","B",null],"character_chosen":"DEFECT","items_purchased":["Lee\u0027s Waffle","Swift Potion","PowerPotion"],"campfire_rested":4,"item_purchase_floors":[45,45,45],"current_hp_per_floor":[75,75,60,60,53,53,48,48,48,39,39,39,39,39,61,14,75,75,75,75,69,69,59,59,59,59,59,59,59,59,48,70,33,75,75,75,71,71,7,28,24,45,45,47,80,80,80,74,74,2],"gold":20,"neow_bonus":"THREE_ENEMY_KILL","is_prod":false,"is_daily":false,"chose_seed":false,"campfire_upgraded":6,"win_rate":0.0,"timestamp":1543088905,"path_taken":["M","M","?","M","?","R","E","?","T","E","R","$","R","M","R","BOSS","M","?","M","?","?","E","$","?","T","R","?","?","M","E","R","BOSS","M","M","?","?","?","R","?","R","T","M","$","R","$","M","R","BOSS"],"build_version":"2018-11-15","purchased_purges":4,"victory":true,"max_hp_per_floor":[75,75,75,75,75,75,75,75,75,75,75,75,75,75,75,75,75,75,75,75,75,75,75,75,75,75,75,75,75,75,75,75,75,75,75,75,71,71,71,71,71,71,71,73,80,80,80,82,82,82],"card_choices":[{"not_picked":["Double Energy","Static Discharge"],"picked":"Sweeping Beam","floor":1},{"not_picked":["Hologram","Consume","Conserve Battery"],"picked":"SKIP","floor":2},{"not_picked":["Rip and Tear","Undo"],"picked":"Beam Cell","floor":4},{"not_picked":["Capacitor","Hologram"],"picked":"Melter","floor":7},{"not_picked":["Beam Cell","Gash"],"picked":"Rip and Tear","floor":10},{"not_picked":["Barrage","Hello World"],"picked":"Reprogram","floor":14},{"not_picked":["Electrodynamics","Core Surge"],"picked":"Hyperbeam","floor":16},{"not_picked":["Rip and Tear","Scrape","Blizzard"],"picked":"SKIP","floor":18},{"not_picked":["Compile Driver+1","Multi-Cast"],"picked":"Ball Lightning+1","floor":20},{"not_picked":["All For One+1","Barrage+1","Reprogram"],"picked":"SKIP","floor":23},{"not_picked":["Rebound+1","Coolheaded","Stack"],"picked":"SKIP","floor":25},{"not_picked":["Compile Driver+1","Leap"],"picked":"White Noise+1","floor":30},{"not_picked":["Cold Snap+1","Hologram+1"],"picked":"Static Discharge+1","floor":31},{"not_picked":["Thunder Strike+1","All For One+1"],"picked":"Seek","floor":33},{"not_picked":["Glacier+1","Steam+1","Scrape+1"],"picked":"SKIP","floor":35},{"not_picked":["Darkness","Redo","Beam Cell+1"],"picked":"SKIP","floor":36},{"not_picked":["HandOfGreed+1","Trip"],"picked":"Transmutation","floor":38},{"not_picked":["Auto Shields+1","Stack+1","Rebound+1"],"picked":"SKIP","floor":41},{"not_picked":["Tempest+1","Stack","Steam"],"picked":"Singing Bowl","floor":44},{"not_picked":["Redo","Recycle","Reinforced Body+1"],"picked":"Singing Bowl","floor":48}],"player_experience":226446,"relics_obtained":[{"floor":7,"key":"Mummified Hand"},{"floor":9,"key":"Anchor"},{"floor":10,"key":"Omamori"},{"floor":17,"key":"Bag of Marbles"},{"floor":17,"key":"Sundial"},{"floor":17,"key":"Thread and Needle"},{"floor":23,"key":"Bottled Lightning"},{"floor":26,"key":"Frozen Egg 2"},{"floor":28,"key":"Red Mask"},{"floor":31,"key":"Oddly Smooth Stone"},{"floor":39,"key":"Dead Branch"},{"floor":43,"key":"Singing Bowl"}],"event_choices":[{"damage_healed":0,"gold_gain":0,"player_choice":"Entered Light","damage_taken":15,"max_hp_gain":0,"max_hp_loss":0,"event_name":"Shining Light","floor":3,"gold_loss":0,"cards_upgraded":["Sweeping Beam","Strike_B"]},{"damage_healed":0,"gold_gain":0,"player_choice":"Success","damage_taken":7,"relics_obtained":["Mercury Hourglass"],"max_hp_gain":0,"max_hp_loss":0,"event_name":"Scrap Ooze","floor":5,"gold_loss":0},{"damage_healed":0,"gold_gain":0,"player_choice":"Simplicity","damage_taken":0,"max_hp_gain":0,"max_hp_loss":0,"event_name":"Back to Basics","floor":19,"gold_loss":0,"cards_upgraded":["Strike_B","Strike_B","Strike_B","Defend_B","Defend_B"]},{"damage_healed":0,"gold_gain":0,"player_choice":"Joined the Cult","damage_taken":6,"max_hp_gain":0,"max_hp_loss":0,"event_name":"Nest","floor":21,"gold_loss":0,"cards_obtained":["RitualDagger"]},{"damage_healed":0,"gold_gain":0,"player_choice":"Opened","damage_taken":0,"relics_obtained":["Molten Egg 2"],"max_hp_gain":0,"max_hp_loss":0,"event_name":"The Mausoleum","floor":22,"gold_loss":0},{"damage_healed":0,"gold_gain":0,"player_choice":"Fought Bandits","damage_taken":0,"max_hp_gain":0,"max_hp_loss":0,"event_name":"Masked Bandits","floor":28,"gold_loss":0},{"damage_healed":0,"gold_gain":0,"player_choice":"Max HP","damage_taken":0,"max_hp_gain":0,"max_hp_loss":4,"event_name":"Winding Halls","floor":37,"gold_loss":0},{"damage_healed":0,"gold_gain":0,"player_choice":"Memory 1","damage_taken":0,"max_hp_gain":0,"max_hp_loss":0,"event_name":"SensoryStone","floor":38,"gold_loss":0},{"damage_healed":0,"gold_gain":0,"player_choice":"Fight","damage_taken":0,"max_hp_gain":0,"max_hp_loss":0,"event_name":"Mysterious Sphere","floor":39,"gold_loss":0}],"is_beta":false,"boss_relics":[{"not_picked":["Runic Pyramid","Orrery"],"picked":"Calling Bell"},{"not_picked":["Runic Dome","Pandora\u0027s Box"],"picked":"Philosopher\u0027s Stone"}],"items_purged_floors":[8,12,24,29],"is_endless":false,"potions_floor_spawned":[1,2,7,14,16,18,25,28,35],"ascension_level":0}