{"gold_per_floor":[17,17,167,242,242,242,270,282,282,298,298,332,332,332,332,409,409,428,428,428,438,438,484,496,519,554,566],"floor_reached":27,"playtime":601,"items_purged":[],"score":560,"play_id":"8ccb13f9-0f63-4dc3-9f53-a6eb82f87aed","local_time":"20190106012806","is_ascension_mode":true,"campfire_choices":[{"data":"Zap","floor":6.0,"key":"SMITH"},{"data":"Beam Cell","floor":11.0,"key":"SMITH"},{"data":"Dualcast","floor":13.0,"key":"SMITH"},{"data":"Streamline","floor":15.0,"key":"SMITH"},{"floor":24.0,"key":"REST"}],"neow_cost":"NO_GOLD","seed_source_timestamp":0,"circlet_count":0,"master_deck":["AscendersBane","Zap+1","Dualcast+1","Streamline+1","Sweeping Beam","Beam Cell+1","Melter","Cold Snap","All For One","Electrodynamics","Genetic Algorithm","Consume","Scrape","Fusion","Chill","Coolheaded","Amplify","Conserve Battery","Beam Cell+1","Meteor Strike","Melter+1"],"special_seed":0,"relics":["Cracked Core","FossilizedHelix","Peace Pipe","Mercury Hourglass","Orichalcum","Pandora\u0027s Box","Blood Vial","MawBank","Cables","Vajra"],"potions_floor_usage":[],"damage_taken":[{"damage":7.0,"enemies":"Small Slimes","floor":1.0,"turns":3.0},{"damage":10.0,"enemies":"Lagavulin","floor":7.0,"turns":5.0},{"damage":0.0,"enemies":"Jaw Worm","floor":8.0,"turns":2.0},{"damage":0.0,"enemies":"Cultist","floor":10.0,"turns":2.0},{"damage":19.0,"enemies":"3 Sentries","floor":12.0,"turns":8.0},{"damage":0.0,"enemies":"Slime Boss","floor":16.0,"turns":7.0},{"damage":0.0,"enemies":"3 Byrds","floor":18.0,"turns":1.0},{"damage":14.0,"enemies":"2 Thieves","floor":21.0,"turns":3.0},{"damage":58.0,"enemies":"Slavers","floor":23.0,"turns":4.0},{"damage":8.0,"enemies":"Shelled Parasite and Fungi","floor":25.0,"turns":3.0},{"damage":18,"enemies":"Book of Stabbing","floor":27,"turns":2}],"seed_played":"-6190089996431669392","potions_obtained":[{"floor":1.0,"key":"PowerPotion"},{"floor":8.0,"key":"SneckoOil"},{"floor":16.0,"key":"SteroidPotion"},{"floor":18.0,"key":"Regen Potion"},{"floor":23.0,"key":"GamblersBrew"},{"floor":25.0,"key":"Explosive Potion"}],"is_trial":false,"path_per_floor":["M","?","?","?","?","R","E","M","T","M","R","E","R","?","R","B",null,"M","?","?","M","T","E","R","M","T","E"],"character_chosen":"DEFECT","items_purchased":[],"campfire_rested":1,"item_purchase_floors":[],"current_hp_per_floor":[57,57,57,46,46,46,36,36,36,36,36,17,17,10,10,10,56,56,70,70,57,57,1,22,16,16,0],"gold":566,"neow_bonus":"ONE_RARE_RELIC","is_prod":false,"is_daily":false,"chose_seed":false,"campfire_upgraded":4,"win_rate":0,"timestamp":1546705686,"path_taken":["M","?","?","?","?","R","E","?","T","M","R","E","R","?","R","BOSS","M","?","?","?","?","E","R","M","T","E"],"build_version":"2019-01-03v4","purchased_purges":0,"victory":false,"max_hp_per_floor":[71,71,71,71,71,71,71,71,71,71,71,71,71,71,71,71,71,71,71,71,71,71,71,71,71,71,71],"card_choices":[{"not_picked":["Glacier","Hologram"],"picked":"Streamline","floor":1.0},{"not_picked":["Steam Power","Compile Driver"],"picked":"Beam Cell","floor":7.0},{"not_picked":["Hello World","Blizzard"],"picked":"Melter","floor":8.0},{"not_picked":["Beam Cell","Glacier"],"picked":"Cold Snap","floor":10.0},{"not_picked":["Defragment","Amplify"],"picked":"All For One","floor":12.0},{"not_picked":["Reboot","Multi-Cast"],"picked":"Electrodynamics","floor":16.0},{"not_picked":["Coolheaded","Darkness"],"picked":"Conserve Battery","floor":18.0},{"not_picked":["Sunder","Redo"],"picked":"Beam Cell+1","floor":21.0},{"not_picked":["Melter","Compile Driver"],"picked":"Meteor Strike","floor":23.0},{"not_picked":["Reprogram","Blizzard"],"picked":"Melter+1","floor":25.0}],"player_experience":1007403,"relics_obtained":[{"floor":7.0,"key":"Peace Pipe"},{"floor":9.0,"key":"Mercury Hourglass"},{"floor":12.0,"key":"Orichalcum"},{"floor":22.0,"key":"MawBank"},{"floor":23.0,"key":"Cables"},{"floor":26.0,"key":"Vajra"}],"event_choices":[{"cards_removed":["Strike_B"],"damage_healed":0.0,"max_hp_gain":0.0,"max_hp_loss":0.0,"gold_gain":0.0,"event_name":"Living Wall","player_choice":"Forget","floor":2.0,"gold_loss":0.0,"damage_taken":0.0},{"damage_healed":0.0,"max_hp_gain":0.0,"max_hp_loss":0.0,"gold_gain":150.0,"event_name":"Liars Game","player_choice":"AGREE","floor":3.0,"gold_loss":0.0,"damage_taken":0.0,"cards_obtained":["Doubt"]},{"damage_healed":0.0,"max_hp_gain":0.0,"max_hp_loss":0.0,"gold_gain":75.0,"event_name":"World of Goop","player_choice":"Gather Gold","floor":4.0,"gold_loss":0.0,"damage_taken":11.0},{"damage_healed":0.0,"max_hp_gain":0.0,"max_hp_loss":0.0,"gold_gain":0.0,"event_name":"Match and Keep!","player_choice":"1 cards matched","floor":5.0,"gold_loss":0.0,"damage_taken":0.0,"cards_obtained":["Sweeping Beam"]},{"cards_removed":["Doubt"],"damage_healed":0.0,"max_hp_gain":0.0,"max_hp_loss":0.0,"gold_gain":0.0,"event_name":"Golden Wing","player_choice":"Card Removal","floor":14.0,"gold_loss":0.0,"damage_taken":7.0},{"damage_healed":14.0,"max_hp_gain":0.0,"max_hp_loss":0.0,"gold_gain":0.0,"event_name":"The Library","player_choice":"Heal","floor":19.0,"gold_loss":0.0,"damage_taken":0.0},{"damage_healed":0.0,"max_hp_gain":0.0,"max_hp_loss":0.0,"gold_gain":0.0,"event_name":"WeMeetAgain","player_choice":"Gave Potion","floor":20.0,"gold_loss":0.0,"damage_taken":0.0,"relics_obtained":["Blood Vial"]}],"is_beta":false,"boss_relics":[{"not_picked":["Lizard Tail","Snecko Eye"],"picked":"Pandora\u0027s Box"}],"items_purged_floors":[],"is_endless":false,"potions_floor_spawned":[1,8,16,18,23,25],"killed_by":"Book of Stabbing","ascension_level":19}