{"gold_per_floor":[109,109,124,124,137,137,170,206,257,292,292,307,307,347,347,347],"floor_reached":16,"playtime":480,"items_purged":[],"score":230,"play_id":"03d1409a-9f9d-4231-a2be-200092005437","local_time":"20190106023934","is_ascension_mode":true,"campfire_choices":[{"data":"Zap","floor":6.0,"key":"SMITH"},{"floor":11.0,"key":"REST"},{"data":"Rainbow","floor":13.0,"key":"SMITH"},{"data":"Genetic Algorithm","floor":15.0,"key":"SMITH"}],"neow_cost":"NONE","seed_source_timestamp":0,"circlet_count":0,"master_deck":["AscendersBane","Strike_B","Strike_B","Strike_B","Strike_B","Defend_B","Defend_B","Defend_B","Defend_B","Zap+1","Dualcast","Glacier","Doom and Gloom","Ball Lightning","Reboot","Genetic Algorithm+1","Rainbow+1","Glacier"],"special_seed":0,"relics":["Cracked Core","Golden Idol","Anchor","Odd Mushroom","Centennial Puzzle","Ancient Tea Set","Happy Flower"],"potions_floor_usage":[],"damage_taken":[{"damage":7.0,"enemies":"Jaw Worm","floor":1.0,"turns":3.0},{"damage":0.0,"enemies":"2 Louse","floor":3.0,"turns":4.0},{"damage":6.0,"enemies":"Small Slimes","floor":5.0,"turns":4.0},{"damage":11.0,"enemies":"3 Sentries","floor":7.0,"turns":6.0},{"damage":13.0,"enemies":"The Mushroom Lair","floor":8.0,"turns":4.0},{"damage":5.0,"enemies":"Lagavulin","floor":10.0,"turns":7.0},{"damage":0.0,"enemies":"Exordium Wildlife","floor":12.0,"turns":2.0},{"damage":13.0,"enemies":"3 Sentries","floor":14.0,"turns":5.0},{"damage":16,"enemies":"Slime Boss","floor":16,"turns":6}],"seed_played":"-5166850136306632195","potions_obtained":[{"floor":1.0,"key":"FocusPotion"},{"floor":3.0,"key":"PowerPotion"}],"is_trial":false,"path_per_floor":["M","?","M","?","M","R","E","?","T","E","R","M","R","E","R","B"],"character_chosen":"DEFECT","items_purchased":[],"campfire_rested":1,"item_purchase_floors":[],"current_hp_per_floor":[64,69,69,40,34,34,23,10,10,5,29,29,29,16,16,0],"gold":347,"neow_bonus":"TEN_PERCENT_HP_BONUS","is_prod":false,"is_daily":false,"chose_seed":false,"campfire_upgraded":3,"win_rate":0,"timestamp":1546709974,"path_taken":["M","?","M","?","M","R","E","?","T","E","R","M","R","E","R","BOSS"],"build_version":"2019-01-03v4","purchased_purges":0,"victory":false,"max_hp_per_floor":[78,83,83,83,83,83,83,83,83,83,83,83,83,83,83,83],"card_choices":[{"not_picked":["Steam Power","Barrage"],"picked":"Glacier","floor":1.0},{"not_picked":["Double Energy","Rebound"],"picked":"Doom and Gloom","floor":3.0},{"not_picked":["BootSequence","Rebound"],"picked":"Ball Lightning","floor":5.0},{"not_picked":["Storm","Defragment"],"picked":"Reboot","floor":7.0},{"not_picked":["Conserve Battery","Redo"],"picked":"Genetic Algorithm","floor":8.0},{"not_picked":["Leap","Redo"],"picked":"Rainbow","floor":10.0},{"not_picked":["Reinforced Body","Compile Driver"],"picked":"Glacier","floor":12.0},{"not_picked":["Fusion","Redo","Cold Snap"],"picked":"SKIP","floor":14.0}],"player_experience":1010635,"relics_obtained":[{"floor":7.0,"key":"Anchor"},{"floor":8.0,"key":"Odd Mushroom"},{"floor":9.0,"key":"Centennial Puzzle"},{"floor":10.0,"key":"Ancient Tea Set"},{"floor":14.0,"key":"Happy Flower"}],"event_choices":[{"damage_healed":0.0,"max_hp_gain":5.0,"max_hp_loss":0.0,"gold_gain":0.0,"event_name":"Big Fish","player_choice":"Donut","floor":2.0,"gold_loss":0.0,"damage_taken":0.0},{"damage_healed":0.0,"max_hp_gain":0.0,"max_hp_loss":0.0,"gold_gain":0.0,"event_name":"Golden Idol","player_choice":"Take Damage","floor":4.0,"gold_loss":0.0,"damage_taken":29.0,"relics_obtained":["Golden Idol"]},{"damage_healed":0.0,"max_hp_gain":0.0,"max_hp_loss":0.0,"gold_gain":0.0,"event_name":"Mushrooms","player_choice":"Fought Mushrooms","floor":8.0,"gold_loss":0.0,"damage_taken":0.0}],"is_beta":false,"boss_relics":[],"items_purged_floors":[],"is_endless":false,"potions_floor_spawned":[1,3],"killed_by":"Slime Boss","ascension_level":19}