{"gold_per_floor":[114,114,130,58,78,78,111,111,136,155,155,166,185,360,360,360],"floor_reached":16,"playtime":762,"items_purged":[],"score":173,"play_id":"0afea469-22bf-4015-8ca9-9c1e2429ef3f","local_time":"20190120105614","is_ascension_mode":true,"campfire_choices":[{"data":"Zap","floor":6,"key":"SMITH"},{"data":"Beam Cell","floor":8,"key":"SMITH"},{"data":"Conserve Battery","floor":11,"key":"SMITH"},{"data":"Ball Lightning","floor":15,"key":"SMITH"}],"neow_cost":"NONE","seed_source_timestamp":1338878973632,"circlet_count":0,"master_deck":["AscendersBane","Strike_B","Strike_B","Strike_B","Strike_B","Defend_B","Defend_B+1","Defend_B","Defend_B","Zap+1","Dualcast","Genetic Algorithm+1","Beam Cell+1","Ball Lightning+1","Conserve Battery+1","Leap","Core Surge","Gash","Go for the Eyes","Coolheaded","Doubt"],"relics":["Cracked Core","Bronze Scales","War Paint","Potion Belt"],"potions_floor_usage":[7,13,13],"damage_taken":[{"damage":8,"enemies":"Jaw Worm","floor":1,"turns":4},{"damage":0,"enemies":"2 Louse","floor":3,"turns":2},{"damage":6,"enemies":"Cultist","floor":5,"turns":3},{"damage":17,"enemies":"Lagavulin","floor":7,"turns":7},{"damage":1,"enemies":"Looter","floor":10,"turns":2},{"damage":6,"enemies":"Exordium Wildlife","floor":12,"turns":4},{"damage":2,"enemies":"Exordium Thugs","floor":13,"turns":4},{"damage":48,"enemies":"Slime Boss","floor":16,"turns":10}],"seed_played":"3098712491115102701","potions_obtained":[{"floor":3,"key":"Dexterity Potion"},{"floor":7,"key":"Explosive Potion"},{"floor":10,"key":"Regen Potion"}],"is_trial":false,"path_per_floor":["M","?","M","$","M","R","E","R","T","M","R","M","M","?","R","B"],"character_chosen":"DEFECT","items_purchased":["Ball Lightning","Conserve Battery"],"campfire_rested":0,"item_purchase_floors":[4,4],"current_hp_per_floor":[56,61,61,61,55,55,38,38,38,37,37,31,41,41,41,0],"gold":360,"neow_bonus":"RANDOM_COMMON_RELIC","is_prod":false,"is_daily":false,"chose_seed":false,"campfire_upgraded":4,"win_rate":0,"timestamp":1547978174,"path_taken":["M","?","M","$","M","R","E","R","T","M","R","M","M","?","R","BOSS"],"build_version":"2019-01-17v2","purchased_purges":0,"victory":false,"max_hp_per_floor":[71,76,76,76,76,76,76,76,76,76,76,76,76,76,76,76],"card_choices":[{"not_picked":["Rebound","Skim"],"picked":"Genetic Algorithm","floor":1},{"not_picked":["Compile Driver","Leap"],"picked":"Beam Cell","floor":3},{"not_picked":["Turbo","Compile Driver"],"picked":"Leap","floor":5},{"not_picked":["Barrage","Steam Power"],"picked":"Core Surge","floor":7},{"not_picked":["Leap","Rebound"],"picked":"Gash","floor":10},{"not_picked":["Leap","Steam Power"],"picked":"Go for the Eyes","floor":12},{"not_picked":["Double Energy","Loop"],"picked":"Coolheaded","floor":13}],"player_experience":1068679,"relics_obtained":[{"floor":7,"key":"War Paint"},{"floor":9,"key":"Potion Belt"}],"event_choices":[{"damage_healed":0,"gold_gain":0,"player_choice":"Donut","damage_taken":0,"max_hp_gain":5,"max_hp_loss":0,"event_name":"Big Fish","floor":2,"gold_loss":0},{"damage_healed":0,"gold_gain":175,"player_choice":"AGREE","damage_taken":0,"max_hp_gain":0,"max_hp_loss":0,"event_name":"Liars Game","floor":14,"gold_loss":0,"cards_obtained":["Doubt"]}],"is_beta":false,"boss_relics":[],"items_purged_floors":[],"is_endless":false,"potions_floor_spawned":[3,7,10],"killed_by":"Slime Boss","ascension_level":14}