{"path_per_floor":["M","M","?","M","M","R","E","R","T","?","$","E","M","$","R","B",null,"M","$","M","?","M"],"character_chosen":"THE_SILENT","items_purchased":["War Paint"],"gold_per_floor":[119,132,132,150,169,169,202,202,202,202,46,78,98,23,23,125,125,143,43,54,54,65,65],"floor_reached":23,"campfire_rested":0,"playtime":1382,"current_hp_per_floor":[69,69,62,62,62,62,49,49,49,49,49,49,51,51,51,2,70,46,46,52,52,39,0],"items_purged":["Strike_G","Defend_G"],"gold":65,"score":231,"play_id":"5b030285-dc4d-4ada-a7c8-155a27d75249","local_time":"20180402213758","is_prod":false,"is_daily":false,"is_ascension_mode":true,"campfire_upgraded":3,"timestamp":1522697878,"path_taken":["M","M","?","M","M","R","E","R","T","?","$","E","M","$","R","BOSS","M","$","M","?","M","E"],"build_version":"2018-03-29v2","purchased_purges":3,"victory":false,"master_deck":["Defend_G+1","Strike_G","Strike_G+1","Strike_G+1","Survivor","Neutralize+1","Dagger Throw","Backflip","Dodge and Roll+1","Cloak And Dagger+1","PiercingWail+1","Eviscerate","Choke","A Thousand Cuts","Finisher+1","Noxious Fumes+1","Bane+1","Dodge and Roll+1","Cloak And Dagger+1"],"max_hp_per_floor":[70,70,70,70,70,70,70,70,70,70,70,70,70,70,70,70,70,70,70,70,70,70,70],"relics":["Ring of the Snake","Ice Cream","Whetstone","Blood Vial","War Paint","Bird Faced Urn","Astrolabe","Blue Candle"],"card_choices":[{"not_picked":["Endless Agony","Well Laid Plans"],"picked":"Dagger Throw","floor":1.0},{"not_picked":["Bane","Dagger Throw"],"picked":"Backflip","floor":2.0},{"not_picked":["Acrobatics","Poisoned Stab"],"picked":"Dodge and Roll","floor":4.0},{"not_picked":["Deadly Poison","Malaise"],"picked":"Cloak And Dagger","floor":5.0},{"not_picked":["Concentrate","Slice"],"picked":"PiercingWail","floor":7.0},{"not_picked":["Deflect","Masterful Stab"],"picked":"Choke","floor":13.0},{"not_picked":["Grand Finale","Venomology"],"picked":"A Thousand Cuts","floor":16.0},{"not_picked":["Dagger Throw","Flying Knee"],"picked":"Dodge and Roll","floor":18.0},{"not_picked":["Slice","Riddle With Holes"],"picked":"Cloak And Dagger","floor":22.0}],"player_experience":442830,"potions_floor_usage":[],"damage_taken":[{"damage":1.0,"enemies":"Jaw Worm","floor":1.0,"turns":5.0},{"damage":0.0,"enemies":"2 Louse","floor":2.0,"turns":2.0},{"damage":0.0,"enemies":"Cultist","floor":4.0,"turns":4.0},{"damage":0.0,"enemies":"2 Fungi Beasts","floor":5.0,"turns":6.0},{"damage":13.0,"enemies":"Lagavulin","floor":7.0,"turns":9.0},{"damage":2.0,"enemies":"3 Sentries","floor":12.0,"turns":9.0},{"damage":0.0,"enemies":"Blue Slaver","floor":13.0,"turns":4.0},{"damage":51.0,"enemies":"Slime Boss","floor":16.0,"turns":12.0},{"damage":24.0,"enemies":"Spheric Guardian","floor":18.0,"turns":4.0},{"damage":0.0,"enemies":"3 Byrds","floor":20.0,"turns":4.0},{"damage":19.0,"enemies":"3 Cultists","floor":22.0,"turns":5.0},{"damage":47,"enemies":"Book of Stabbing","floor":23,"turns":7}],"event_choices":[{"event_name":"Golden Wing","player_choice":"Card Removal","floor":3.0,"damage_taken":0.0},{"event_name":"Transmorgrifier","player_choice":"Transform","floor":10.0,"damage_taken":0.0},{"event_name":"The Mausoleum","player_choice":"Yes","floor":21.0,"damage_taken":0.0}],"boss_relics":[],"potions_floor_spawned":[1,5,13],"seed_played":"-5817266151807757552","killed_by":"Book of Stabbing","ascension_level":3,"is_trial":false}