{"gold_per_floor":[112,124,34,52,17,17,48,48,48,79,79,114,114,125,125,204,204,224,149,149,149,164,164,189,189],"floor_reached":25,"playtime":1557,"items_purged":[],"score":427,"play_id":"b5a73cc5-ec7a-476a-a59a-5e2ff12c58f6","local_time":"20180909203608","is_ascension_mode":true,"campfire_choices":[{"data":"Footwork","floor":6.0,"key":"SMITH"},{"data":"Noxious Fumes","floor":8.0,"key":"SMITH"},{"data":"Noxious Fumes","floor":13.0,"key":"SMITH"},{"data":"Glass Knife","floor":15.0,"key":"SMITH"},{"data":"Footwork","floor":23,"key":"SMITH"}],"neow_cost":"NONE","seed_source_timestamp":0,"circlet_count":0,"master_deck":["Defend_G","Defend_G","Defend_G","Defend_G","Defend_G","Strike_G","Strike_G","Survivor","Neutralize","AscendersBane","Quick Slash","Bouncing Flask","Noxious Fumes+1","Footwork+1","Noxious Fumes+1","Cloak And Dagger","Cloak And Dagger","Infinite Blades","Glass Knife+1","Adrenaline","Dagger Spray+1","Footwork+1"],"special_seed":0,"relics":["Ring of the Snake","Letter Opener","Pantograph","Pen Nib","Singing Bowl","Cursed Key","Centennial Puzzle"],"potions_floor_usage":[24,24,25],"damage_taken":[{"damage":0.0,"enemies":"Cultist","floor":1.0,"turns":3.0},{"damage":12.0,"enemies":"Jaw Worm","floor":2.0,"turns":4.0},{"damage":2.0,"enemies":"Small Slimes","floor":4.0,"turns":4.0},{"damage":18.0,"enemies":"3 Sentries","floor":7.0,"turns":6.0},{"damage":23.0,"enemies":"Gremlin Nob","floor":10.0,"turns":4.0},{"damage":1.0,"enemies":"Lagavulin","floor":12.0,"turns":8.0},{"damage":1.0,"enemies":"2 Fungi Beasts","floor":14.0,"turns":3.0},{"damage":6.0,"enemies":"Hexaghost","floor":16.0,"turns":9.0},{"damage":4,"enemies":"Shell Parasite","floor":18,"turns":4},{"damage":16,"enemies":"Spheric Guardian","floor":22,"turns":4},{"damage":27,"enemies":"Gremlin Leader","floor":24,"turns":6},{"damage":15,"enemies":"Snake Plant","floor":25,"turns":1}],"seed_played":"2824943471481945553","potions_obtained":[{"floor":1.0,"key":"FearPotion"},{"floor":4.0,"key":"EssenceOfSteel"},{"floor":7.0,"key":"Ancient Potion"},{"floor":14.0,"key":"EssenceOfSteel"},{"floor":22,"key":"Fire Potion"},{"floor":24,"key":"EssenceOfSteel"}],"is_trial":false,"path_per_floor":["M","M","$","M","?","R","E","R","T","E","?","E","R","M","R","B",null,"M","?","?","?","M","R","E"],"character_chosen":"THE_SILENT","items_purchased":["Footwork"],"campfire_rested":0,"item_purchase_floors":[3],"current_hp_per_floor":[59,47,47,45,61,61,43,43,43,20,20,19,19,18,18,37,59,55,55,55,55,39,39,14,0],"gold":189,"neow_bonus":"THREE_CARDS","is_prod":false,"is_daily":false,"chose_seed":false,"campfire_upgraded":5,"win_rate":0,"timestamp":1536518168,"path_taken":["M","M","$","M","?","R","E","R","T","E","?","E","R","M","R","BOSS","M","?","?","?","M","R","E","M"],"build_version":"2018-09-06","purchased_purges":0,"victory":false,"max_hp_per_floor":[66,66,66,66,66,66,66,66,66,66,66,66,66,66,66,66,66,66,66,66,66,66,66,68,68],"card_choices":[{"not_picked":["Bane","Underhanded Strike"],"picked":"Quick Slash","floor":0.0},{"not_picked":["Quick Slash","Acrobatics"],"picked":"Bouncing Flask","floor":1.0},{"not_picked":["Choke","Flying Knee"],"picked":"Noxious Fumes","floor":2.0},{"not_picked":["Prepared","Dagger Throw"],"picked":"Noxious Fumes","floor":4.0},{"not_picked":["Choke","Poisoned Stab"],"picked":"Cloak And Dagger","floor":7.0},{"not_picked":["Flying Knee","Slice"],"picked":"Cloak And Dagger","floor":10.0},{"not_picked":["Cloak And Dagger","Flechettes"],"picked":"Infinite Blades","floor":12.0},{"not_picked":["Blade Dance","Dagger Spray"],"picked":"Glass Knife","floor":14.0},{"not_picked":["Phantasmal Killer","After Image"],"picked":"Adrenaline","floor":16.0},{"not_picked":["Finisher","Skewer"],"picked":"Dagger Spray+1","floor":18},{"not_picked":["Acrobatics","Slice"],"picked":"Footwork","floor":22},{"not_picked":["Masterful Stab","Expertise","Acrobatics"],"picked":"Singing Bowl","floor":24}],"player_experience":932227,"relics_obtained":[{"floor":7.0,"key":"Letter Opener"},{"floor":9.0,"key":"Pantograph"},{"floor":10.0,"key":"Pen Nib"},{"floor":12.0,"key":"Singing Bowl"},{"floor":24,"key":"Centennial Puzzle"}],"event_choices":[{"event_name":"The Cleric","player_choice":"Healed","floor":5.0,"damage_taken":0.0},{"event_name":"Liars Game","player_choice":"disagreed","floor":11.0,"damage_taken":0.0},{"event_name":"Beggar","player_choice":"Gave Gold","floor":19,"damage_taken":0},{"event_name":"Bonfire Elementals","player_choice":"BASIC","floor":20,"damage_taken":0},{"event_name":"Purifier","player_choice":"One Purge","floor":21,"damage_taken":0}],"is_beta":false,"boss_relics":[{"not_picked":["White Beast Statue","Coffee Dripper"],"picked":"Cursed Key"}],"items_purged_floors":[],"is_endless":false,"potions_floor_spawned":[1,4,7,14,22,24],"killed_by":"Snake Plant","ascension_level":16}