{"path_per_floor":["M","M","M","?","?","E","R","M","T","$","E","M","M","M","R","B",null,"M","?","M","?","?","E","M","M","T","R","$","R","$","M","R"],"character_chosen":"IRONCLAD","items_purchased":["Heavy Blade","Fire Potion"],"gold_per_floor":[112,131,149,149,149,182,182,201,201,101,135,146,163,173,173,275,275,286,211,223,223,223,258,270,286,286,286,137,137,12,29,29],"floor_reached":33,"campfire_rested":0,"playtime":1129,"current_hp_per_floor":[80,80,80,80,73,65,65,67,67,67,59,65,65,66,66,63,80,68,68,67,52,36,48,38,33,33,33,33,33,33,41,41],"items_purged":["Defend_R","Strike_R","Strike_R"],"gold":29,"score":279,"play_id":"5e8455fa-996c-4f3b-ac00-2e5f2e366886","is_prod":false,"is_daily":false,"is_ascension_mode":false,"campfire_upgraded":4,"path_taken":["M","?","M","?","?","E","R","M","T","?","E","M","M","M","R","BOSS","M","?","M","?","?","E","M","?","T","R","$","R","$","M","R","BOSS"],"build_version":"2018-02-15-PROD1","purchased_purges":3,"victory":false,"master_deck":["Strike_R","Strike_R","Bash","Flex+1","Clash","Heavy Blade+1","Seeing Red","Double Tap+1","Flex+1","Heavy Blade+1","Inflame"],"max_hp_per_floor":[80,80,80,80,80,80,80,80,80,80,80,80,80,80,80,80,80,80,80,80,85,85,85,85,85,85,85,85,85,85,85,85],"relics":["Burning Blood","NeowsBlessing","Orichalcum","Peace Pipe","Du-Vu Doll","Lizard Tail","Enchiridion","Self Forming Clay","Bird Faced Urn"],"card_choices":[{"not_picked":["Clothesline","Sword Boomerang"],"picked":"Flex"},{"not_picked":["Anger","Clothesline"],"picked":"Clash"},{"not_picked":["Headbutt","Searing Blow"],"picked":"Seeing Red"},{"not_picked":["Reaper","Fiend Fire"],"picked":"Double Tap"},{"not_picked":["Bloodletting","Clothesline"],"picked":"Flex"},{"not_picked":["Pummel","Second Wind"],"picked":"Heavy Blade"},{"not_picked":["Clash","Power Through"],"picked":"Inflame"}],"player_experience":86042,"potions_floor_usage":[6,11,16,23,23,24,33],"damage_taken":[{"damage":0,"enemies":"Cultist","floor":1,"turns":1},{"damage":0,"enemies":"2 Louse","floor":2,"turns":1},{"damage":0,"enemies":"Small Slimes","floor":3,"turns":2},{"damage":14,"enemies":"Gremlin Nob","floor":6,"turns":3},{"damage":4,"enemies":"3 Louse","floor":8,"turns":4},{"damage":14,"enemies":"Lagavulin","floor":11,"turns":5},{"damage":0,"enemies":"Large Slime","floor":12,"turns":3},{"damage":6,"enemies":"Blue Slaver","floor":13,"turns":2},{"damage":5,"enemies":"Looter","floor":14,"turns":2},{"damage":9,"enemies":"Slime Boss","floor":16,"turns":7},{"damage":18,"enemies":"2 Thieves","floor":18,"turns":3},{"damage":7,"enemies":"Chosen","floor":20,"turns":3},{"damage":48,"enemies":"Slavers","floor":23,"turns":5},{"damage":16,"enemies":"Snake Plant","floor":24,"turns":2},{"damage":11,"enemies":"Cultist and Chosen","floor":25,"turns":5},{"damage":0,"enemies":"Snecko","floor":31,"turns":2},{"damage":67,"enemies":"Automaton","floor":33,"turns":6}],"event_choices":[{"event_name":"Living Wall","player_choice":"Forget","floor":4,"damage_taken":0},{"event_name":"Golden Wing","player_choice":"Card Removal","floor":5,"damage_taken":0},{"event_name":"Beggar","player_choice":"Gave Gold","floor":19,"damage_taken":0},{"event_name":"Forgotten Altar","player_choice":"Shed Blood","floor":21,"damage_taken":0},{"event_name":"Cursed Tome","player_choice":"Obtained Book","floor":22,"damage_taken":0}],"boss_relics":[{"not_picked":["Runic Pyramid","Calling Bell"],"picked":"Lizard Tail"}],"potions_floor_spawned":[3,6,11,16,18,23,25],"seed_played":"-3747257276055093562","killed_by":"Automaton","ascension_level":0,"is_trial":false}