{"gold_per_floor":[119,119,119,133,143,143,156,45,70,70,20,20,51,63,75,186,198,222,234],"floor_reached":19,"playtime":1128,"items_purged":["Defend_B"],"score":157,"play_id":"885789ca-deb2-46a4-b3f8-8479ab51d29b","local_time":"20181020122344","is_ascension_mode":false,"campfire_choices":[{"data":"Coolheaded","floor":6,"key":"SMITH"},{"data":"Hello World","floor":10,"key":"SMITH"},{"floor":15,"key":"REST"}],"neow_cost":"NONE","seed_source_timestamp":758459296599000,"circlet_count":0,"master_deck":["Strike_B","Strike_B","Defend_B+1","Defend_B","Defend_B","Zap","Dualcast","Reboot","Glacier+1","Regret","Rebound","Coolheaded+1","Genetic Algorithm","Hello World+1","Hologram","White Noise","Creative AI","Doubt","Normality","Doubt","Capacitor"],"relics":["Cracked Core","Centennial Puzzle","Art of War","MawBank","Calling Bell","Anchor","Darkstone Periapt","Shovel"],"potions_floor_usage":[7,16,19],"damage_taken":[{"damage":16,"enemies":"Jaw Worm","floor":1,"turns":4},{"damage":5,"enemies":"Cultist","floor":4,"turns":5},{"damage":0,"enemies":"Small Slimes","floor":5,"turns":3},{"damage":14,"enemies":"Blue Slaver","floor":7,"turns":3},{"damage":8,"enemies":"2 Fungi Beasts","floor":13,"turns":3},{"damage":28,"enemies":"Slime Boss","floor":16,"turns":11},{"damage":3,"enemies":"Chosen","floor":18,"turns":6},{"damage":0,"enemies":"Colosseum Slavers","floor":19,"turns":1},{"damage":79,"enemies":"Colosseum Nobs","floor":19,"turns":3}],"seed_played":"64888163547447041","potions_obtained":[{"floor":1,"key":"SmokeBomb"},{"floor":4,"key":"EssenceOfSteel"},{"floor":13,"key":"Strength Potion"}],"is_trial":false,"path_per_floor":["M","?","?","M","M","R","M","$","T","R","$","T","M","?","R","B",null,"M"],"character_chosen":"DEFECT","items_purchased":["Hello World","Hologram"],"campfire_rested":1,"item_purchase_floors":[8,11],"current_hp_per_floor":[59,59,52,47,47,47,33,33,33,33,33,33,25,10,32,4,75,72,0],"gold":234,"neow_bonus":"TRANSFORM_CARD","is_prod":false,"is_daily":false,"chose_seed":false,"campfire_upgraded":2,"win_rate":0.0,"timestamp":1539991424,"path_taken":["M","?","?","M","?","R","M","?","T","R","$","?","M","?","R","BOSS","M","?"],"build_version":"2018-10-18","purchased_purges":1,"victory":false,"max_hp_per_floor":[75,75,75,75,75,75,75,75,75,75,75,75,75,75,75,75,75,75,75],"card_choices":[{"not_picked":["Doom and Gloom","Recycle"],"picked":"Glacier","floor":1},{"not_picked":["Auto Shields","Steam"],"picked":"Rebound","floor":4},{"not_picked":["Leap","Reprogram"],"picked":"Coolheaded","floor":5},{"not_picked":["Sweeping Beam","Glacier"],"picked":"Genetic Algorithm","floor":7},{"not_picked":["Cold Snap","Steam"],"picked":"White Noise","floor":13},{"not_picked":["Meteor Strike","Core Surge"],"picked":"Creative AI","floor":16},{"not_picked":["Redo","Stack"],"picked":"Capacitor","floor":18}],"player_experience":114335,"relics_obtained":[{"floor":9,"key":"Art of War"},{"floor":12,"key":"MawBank"},{"floor":17,"key":"Anchor"},{"floor":17,"key":"Darkstone Periapt"},{"floor":17,"key":"Shovel"}],"event_choices":[{"damage_healed":0,"gold_gain":0,"player_choice":"Box","damage_taken":0,"relics_obtained":["Centennial Puzzle"],"max_hp_gain":0,"max_hp_loss":0,"event_name":"Big Fish","floor":2,"gold_loss":0,"cards_obtained":["Regret"]},{"cards_removed":["Strike_B"],"damage_healed":0,"gold_gain":0,"player_choice":"Card Removal","damage_taken":7,"max_hp_gain":0,"max_hp_loss":0,"event_name":"Golden Wing","floor":3,"gold_loss":0},{"damage_healed":0,"gold_gain":0,"player_choice":"Entered Light","damage_taken":15,"max_hp_gain":0,"max_hp_loss":0,"event_name":"Shining Light","floor":14,"gold_loss":0,"cards_upgraded":["Defend_B","Glacier"]},{"damage_healed":0,"gold_gain":0,"player_choice":"Fight","damage_taken":0,"max_hp_gain":0,"max_hp_loss":0,"event_name":"Colosseum","floor":19,"gold_loss":0},{"damage_healed":0,"gold_gain":0,"player_choice":"Fought Nobs","damage_taken":0,"max_hp_gain":0,"max_hp_loss":0,"event_name":"Colosseum","floor":19,"gold_loss":0}],"is_beta":false,"boss_relics":[{"not_picked":["Coffee Dripper","Runic Pyramid"],"picked":"Calling Bell"}],"items_purged_floors":[8],"is_endless":false,"potions_floor_spawned":[1,4,13,19],"killed_by":"Colosseum Nobs","ascension_level":0}