{"path_per_floor":["M","M","M","?","$","E","R","?","T","M","M","$","?","M","R","B",null,"M","M","?","?","?","R","M","R","T","M","R","M","R","E","R"],"character_chosen":"THE_SILENT","items_purchased":["Juzu Bracelet","Catalyst"],"gold_per_floor":[115,135,148,248,28,54,54,54,54,71,88,13,13,32,32,130,130,141,157,157,157,157,157,169,169,169,186,186,203,203,229,229,229],"floor_reached":33,"campfire_rested":6,"playtime":1212,"current_hp_per_floor":[70,70,69,69,69,22,43,36,36,32,32,32,32,31,52,36,70,39,27,27,27,11,32,15,36,36,33,33,22,43,12,33,0],"items_purged":["Strike_G"],"gold":229,"score":267,"play_id":"5b930479-3b20-41bf-9329-09d30cca058a","local_time":"20180411150829","is_prod":false,"is_daily":false,"is_ascension_mode":false,"campfire_upgraded":1,"timestamp":1523452109,"path_taken":["M","M","M","?","$","E","R","?","T","M","M","$","?","M","R","BOSS","M","M","?","?","?","R","M","R","T","M","R","M","R","E","R","BOSS"],"build_version":"2018-04-05v2","purchased_purges":1,"victory":false,"master_deck":["Defend_G","Defend_G","Defend_G","Defend_G","Defend_G","Strike_G","Strike_G","Strike_G","Survivor","Neutralize+1","Dagger Spray","Quick Slash","Cloak And Dagger","Venomology","Deadly Poison","Caltrops","Catalyst","Deadly Poison+1","Burst","Well Laid Plans","Sucker Punch","Backflip","Caltrops","Cloak And Dagger","Poisoned Stab+1","Envenom","Bane","Catalyst+1","Predator+1","Malaise","Blur"],"max_hp_per_floor":[70,70,70,70,70,70,70,70,70,70,70,70,70,70,70,70,70,70,70,70,70,70,70,70,70,70,70,70,70,70,70,70,70],"relics":["Ring of the Snake","Juzu Bracelet","Lantern","Prayer Wheel","Mummified Hand","Orrery","Enchiridion","Girya","Oddly Smooth Stone"],"card_choices":[{"not_picked":["Predator","Prepared"],"picked":"Dagger Spray","floor":1.0},{"not_picked":["Distraction","PiercingWail"],"picked":"Quick Slash","floor":2.0},{"not_picked":["Footwork","Masterful Stab"],"picked":"Cloak And Dagger","floor":3.0},{"not_picked":["Infinite Blades","Dagger Throw"],"picked":"Venomology","floor":6.0},{"not_picked":["Acrobatics","Dagger Throw"],"picked":"Deadly Poison","floor":10.0},{"not_picked":["Prepared","Skewer"],"picked":"Caltrops","floor":11},{"not_picked":["Caltrops","Prepared"],"picked":"Deadly Poison","floor":14},{"not_picked":["Bullet Time","Storm of Steel"],"picked":"Burst","floor":16},{"not_picked":["Choke","Distraction"],"picked":"Well Laid Plans","floor":17},{"not_picked":["Eviscerate","Backstab"],"picked":"Sucker Punch","floor":17},{"not_picked":["Outmaneuver","Prepared"],"picked":"Backflip","floor":17},{"not_picked":["Dagger Throw","Acrobatics"],"picked":"Caltrops","floor":17},{"not_picked":["Outmaneuver","Flying Knee"],"picked":"Cloak And Dagger","floor":17},{"not_picked":["Dodge and Roll","Dagger Throw"],"picked":"Poisoned Stab","floor":18},{"not_picked":["Dodge and Roll","Underhanded Strike"],"picked":"Envenom","floor":19},{"not_picked":["Choke","Poisoned Stab"],"picked":"Bane","floor":24},{"not_picked":["Predator","Deflect"],"picked":"Catalyst","floor":26},{"not_picked":["Infinite Blades","Cloak And Dagger"],"picked":"Predator","floor":27},{"not_picked":["Prepared","Deadly Poison"],"picked":"Malaise","floor":29},{"not_picked":["Sucker Punch","Underhanded Strike"],"picked":"Blur","floor":31}],"player_experience":400772,"potions_floor_usage":[11,14,14,16,16,16,24,24,24,27,29,31,31,31,33],"damage_taken":[{"damage":0.0,"enemies":"2 Louse","floor":1.0,"turns":3.0},{"damage":0.0,"enemies":"Cultist","floor":2.0,"turns":4.0},{"damage":1.0,"enemies":"Jaw Worm","floor":3.0,"turns":4.0},{"damage":47.0,"enemies":"Gremlin Nob","floor":6.0,"turns":7.0},{"damage":4.0,"enemies":"2 Fungi Beasts","floor":10.0,"turns":4.0},{"damage":0,"enemies":"Blue Slaver","floor":11,"turns":2},{"damage":1,"enemies":"Exordium Thugs","floor":14,"turns":2},{"damage":16,"enemies":"Slime Boss","floor":16,"turns":9},{"damage":31,"enemies":"Spheric Guardian","floor":18,"turns":5},{"damage":12,"enemies":"Shell Parasite","floor":19,"turns":4},{"damage":17,"enemies":"Sentry and Sphere","floor":24,"turns":5},{"damage":3,"enemies":"Snecko","floor":27,"turns":3},{"damage":11,"enemies":"Centurion and Healer","floor":29,"turns":5},{"damage":31,"enemies":"Slavers","floor":31,"turns":7},{"damage":61,"enemies":"Automaton","floor":33,"turns":6}],"event_choices":[{"event_name":"Golden Shrine","player_choice":"Pray","floor":4.0,"damage_taken":0.0},{"event_name":"Golden Wing","player_choice":"Card Removal","floor":8.0,"damage_taken":0.0},{"event_name":"Dead Adventurer","player_choice":"Searched \u00271\u0027 times","floor":13,"damage_taken":0},{"event_name":"Ghosts","player_choice":"Ignored","floor":20,"damage_taken":0},{"event_name":"The Woman in Blue","player_choice":"Bought 0 Potions","floor":21,"damage_taken":0},{"event_name":"Cursed Tome","player_choice":"Obtained Book","floor":22,"damage_taken":0}],"boss_relics":[{"not_picked":["Snecko Eye","Tiny House"],"picked":"Orrery"}],"potions_floor_spawned":[1,6,10,11,19,24,27,29],"seed_played":"-172516211779644629","killed_by":"Automaton","ascension_level":0,"is_trial":false}