{"gold_per_floor":[115,190,190,206,219,219,250,250,250,250,262,290,2,2,2,101,101,115,125,125,3,3,32,32,32,32,48,6,6,24,35,35,35],"floor_reached":33,"playtime":1165,"items_purged":["Strike_B"],"score":462,"play_id":"dfea43b8-ba22-4a42-8f02-abd397e4e38a","local_time":"20181005174940","is_ascension_mode":true,"campfire_choices":[{"data":"Sunder","floor":6,"key":"SMITH"},{"data":"Redo","floor":8,"key":"SMITH"},{"floor":10,"key":"REST"},{"floor":15,"key":"REST"},{"data":"Beam Cell","floor":24,"key":"SMITH"},{"floor":29,"key":"REST"},{"data":"Buffer","floor":32,"key":"SMITH"}],"neow_cost":"NONE","seed_source_timestamp":0,"circlet_count":0,"master_deck":["Strike_B","Defend_B","Defend_B","Defend_B","Defend_B","Zap","Dualcast","AscendersBane","Reboot","Sweeping Beam","Sunder+1","Turbo","Redo+1","All For One","Streamline","Leap","Buffer+1","Ball Lightning","Go for the Eyes","Beam Cell+1","Hologram","Beam Cell","Loop","Glacier","Steam"],"relics":["Cracked Core","Cables","Happy Flower","PreservedInsect","Bag of Preparation","Membership Card","Nuclear Battery","Meat on the Bone","Ornamental Fan","MutagenicStrength","Oddly Smooth Stone","Blood Vial"],"potions_floor_usage":[5,11,23,30,30,30,31,31],"damage_taken":[{"damage":4,"enemies":"Small Slimes","floor":1,"turns":4},{"damage":3,"enemies":"2 Louse","floor":4,"turns":2},{"damage":2,"enemies":"Jaw Worm","floor":5,"turns":4},{"damage":20,"enemies":"3 Sentries","floor":7,"turns":5},{"damage":9,"enemies":"Exordium Thugs","floor":11,"turns":3},{"damage":0,"enemies":"Gremlin Nob","floor":12,"turns":2},{"damage":39,"enemies":"Hexaghost","floor":16,"turns":9},{"damage":0,"enemies":"Chosen","floor":18,"turns":4},{"damage":15,"enemies":"3 Byrds","floor":19,"turns":4},{"damage":6,"enemies":"Book of Stabbing","floor":23,"turns":4},{"damage":0,"enemies":"3 Cultists","floor":27,"turns":3},{"damage":8,"enemies":"Snake Plant","floor":30,"turns":2},{"damage":0,"enemies":"Cultist and Chosen","floor":31,"turns":6},{"damage":66,"enemies":"Automaton","floor":33,"turns":6}],"seed_played":"136085732970","potions_obtained":[{"floor":4,"key":"Regen Potion"},{"floor":7,"key":"Fire Potion"},{"floor":16,"key":"Weak Potion"},{"floor":23,"key":"EssenceOfSteel"},{"floor":27,"key":"EntropicBrew"},{"floor":30,"key":"GamblersBrew"}],"is_trial":false,"path_per_floor":["M","?","T","M","M","R","E","R","T","R","M","E","$","?","R","B",null,"M","M","?","$","?","E","R","?","T","M","$","R","M","M","R"],"character_chosen":"DEFECT","items_purchased":["Membership Card","Streamline","Leap","Ornamental Fan","Beam Cell","Loop"],"campfire_rested":3,"item_purchase_floors":[13,13,13,21,28,28],"current_hp_per_floor":[64,53,53,50,60,60,40,40,40,62,53,53,53,46,68,29,64,64,49,49,49,49,43,43,43,43,45,45,67,61,63,63,0],"gold":35,"neow_bonus":"ONE_RANDOM_RARE_CARD","is_prod":false,"is_daily":false,"chose_seed":true,"campfire_upgraded":4,"win_rate":0,"timestamp":1538754580,"path_taken":["M","?","?","?","M","R","E","R","T","R","M","E","$","?","R","BOSS","M","M","?","$","?","E","R","?","T","M","$","R","M","M","R","BOSS"],"build_version":"2018-09-27","purchased_purges":1,"victory":false,"max_hp_per_floor":[75,75,75,75,75,75,75,75,75,75,75,75,75,75,75,75,75,75,75,75,75,75,75,75,75,75,75,75,75,75,75,75,75],"card_choices":[{"not_picked":["Hologram","Conserve Battery"],"picked":"Sweeping Beam","floor":1},{"not_picked":["Hologram","Conserve Battery"],"picked":"Sunder","floor":4},{"not_picked":["Sweeping Beam","Fusion"],"picked":"Turbo","floor":5},{"not_picked":["Compile Driver","Force Field"],"picked":"Redo","floor":7},{"not_picked":["Undo","FTL"],"picked":"All For One","floor":11},{"not_picked":["Barrage","Turbo","Hyperbeam"],"picked":"SKIP","floor":12},{"not_picked":["Meteor Strike","Reboot"],"picked":"Buffer","floor":16},{"not_picked":["Genetic Algorithm","Compile Driver"],"picked":"Ball Lightning","floor":18},{"not_picked":["Coolheaded+1","Capacitor"],"picked":"Go for the Eyes","floor":19},{"not_picked":["Static Discharge","Darkness"],"picked":"Beam Cell","floor":23},{"not_picked":["Double Energy","Streamline"],"picked":"Hologram","floor":27},{"not_picked":["Force Field","Beam Cell+1"],"picked":"Glacier","floor":30},{"not_picked":["Hologram","Cold Snap"],"picked":"Steam","floor":31}],"player_experience":854454,"relics_obtained":[{"floor":3,"key":"Cables"},{"floor":7,"key":"Happy Flower"},{"floor":9,"key":"PreservedInsect"},{"floor":12,"key":"Bag of Preparation"},{"floor":20,"key":"Meat on the Bone"},{"floor":23,"key":"Oddly Smooth Stone"},{"floor":26,"key":"Blood Vial"}],"event_choices":[{"event_name":"World of Goop","player_choice":"Gather Gold","floor":2,"damage_taken":0},{"event_name":"Golden Wing","player_choice":"Card Removal","floor":14,"damage_taken":0},{"event_name":"Wheel of Change","player_choice":"Relic","floor":20,"damage_taken":0},{"event_name":"Drug Dealer","player_choice":"Inject Mutagens","floor":22,"damage_taken":0},{"event_name":"Purifier","player_choice":"One Purge","floor":25,"damage_taken":0}],"is_beta":false,"boss_relics":[{"not_picked":["Eternal Feather","Velvet Choker"],"picked":"Nuclear Battery"}],"items_purged_floors":[13],"is_endless":false,"potions_floor_spawned":[4,7,16,23,27,30],"killed_by":"Automaton","ascension_level":11}