{"gold_per_floor":[16,28,28,28,42,42,42,42,65,65,85,10,34,57,57,181,181,197,197,222,17,42,42,85,85,85,108,124,124,138,159,159,159],"floor_reached":33,"playtime":5889,"items_purged":["Regret","Defend_R"],"score":261,"play_id":"5af8f0a3-af28-4acf-a384-47ad19b03b70","local_time":"20181014223428","is_ascension_mode":false,"campfire_choices":[{"data":"Heavy Blade","floor":6,"key":"SMITH"},{"data":"Inflame","floor":8,"key":"SMITH"},{"data":"Disarm","floor":10,"key":"SMITH"},{"data":"Whirlwind","floor":15,"key":"SMITH"},{"data":"Jack Of All Trades","floor":23,"key":"SMITH"},{"data":"Armaments","floor":25,"key":"SMITH"},{"floor":29,"key":"REST"},{"floor":32,"key":"REST"}],"neow_cost":"NO_GOLD","seed_source_timestamp":271919559662080,"circlet_count":0,"master_deck":["Strike_R","Strike_R","Strike_R","Strike_R","Defend_R","Defend_R","Bash","Disarm+1","Inflame+1","Dropkick","Heavy Blade+1","Thunderclap","Whirlwind+1","Perfected Strike","Dropkick","Reaper","Perfected Strike+1","Anger+1","Jack Of All Trades+1","Clash","Armaments+1","Limit Break","Intimidate","Sever Soul"],"relics":["Burning Blood","Golden Idol","Orichalcum","Ancient Tea Set","Lizard Tail","Gremlin Horn","Potion Belt"],"potions_floor_usage":[2,14,18,22,33],"damage_taken":[{"damage":0,"enemies":"2 Louse","floor":1,"turns":3},{"damage":9,"enemies":"Small Slimes","floor":2,"turns":3},{"damage":1,"enemies":"Cultist","floor":5,"turns":3},{"damage":6,"enemies":"Red Slaver","floor":11,"turns":3},{"damage":3,"enemies":"Blue Slaver","floor":13,"turns":4},{"damage":0,"enemies":"2 Fungi Beasts","floor":14,"turns":2},{"damage":28,"enemies":"The Guardian","floor":16,"turns":7},{"damage":18,"enemies":"Shell Parasite","floor":18,"turns":7},{"damage":22,"enemies":"Spheric Guardian","floor":20,"turns":5},{"damage":29,"enemies":"Centurion and Healer","floor":22,"turns":5},{"damage":60,"enemies":"Gremlin Leader","floor":24,"turns":6},{"damage":22,"enemies":"Chosen and Byrds","floor":27,"turns":6},{"damage":4,"enemies":"3 Cultists","floor":28,"turns":3},{"damage":13,"enemies":"Snake Plant","floor":30,"turns":3},{"damage":39,"enemies":"Sentry and Sphere","floor":31,"turns":6},{"damage":31,"enemies":"Champ","floor":33,"turns":6}],"seed_played":"-7517871649675112945","potions_obtained":[{"floor":1,"key":"FearPotion"},{"floor":2,"key":"SteroidPotion"},{"floor":16,"key":"BloodPotion"},{"floor":18,"key":"Fire Potion"},{"floor":30,"key":"Dexterity Potion"}],"is_trial":false,"path_per_floor":["M","M","$","?","M","R","?","R","T","R","M","$","M","M","R","B",null,"M","?","M","$","M","R","E","R","T","M","M","R","M","M","R"],"character_chosen":"IRONCLAD","items_purchased":["Jack Of All Trades"],"campfire_rested":2,"item_purchase_floors":[21],"current_hp_per_floor":[80,77,77,74,74,74,74,74,74,74,74,74,74,74,74,52,74,69,69,53,53,30,30,34,34,34,23,25,47,40,7,29,0],"gold":159,"neow_bonus":"TRANSFORM_TWO_CARDS","is_prod":false,"is_daily":false,"chose_seed":false,"campfire_upgraded":6,"win_rate":0.0,"timestamp":1539509668,"path_taken":["M","M","$","?","M","R","?","R","T","R","M","$","M","M","R","BOSS","M","?","M","?","M","R","E","R","T","M","M","R","M","M","R","BOSS"],"build_version":"2018-10-11","purchased_purges":2,"victory":false,"max_hp_per_floor":[80,80,80,74,74,74,74,74,74,74,74,74,74,74,74,74,74,74,74,74,74,74,74,74,74,74,74,74,74,74,74,74,74],"card_choices":[{"not_picked":["Pommel Strike","Bloodletting"],"picked":"Dropkick","floor":1},{"not_picked":["Anger","Headbutt"],"picked":"Heavy Blade","floor":2},{"not_picked":["True Grit","Hemokinesis"],"picked":"Thunderclap","floor":5},{"not_picked":["Thunderclap","Headbutt"],"picked":"Whirlwind","floor":11},{"not_picked":["True Grit","Metallicize"],"picked":"Perfected Strike","floor":13},{"not_picked":["Carnage","Combust"],"picked":"Dropkick","floor":14},{"not_picked":["Fiend Fire","Bludgeon"],"picked":"Reaper","floor":16},{"not_picked":["True Grit","Searing Blow"],"picked":"Perfected Strike+1","floor":18},{"not_picked":["Twin Strike","Perfected Strike"],"picked":"Anger+1","floor":20},{"not_picked":["Burning Pact","Body Slam"],"picked":"Clash","floor":22},{"not_picked":["Entrench","True Grit"],"picked":"Armaments","floor":24},{"not_picked":["Body Slam+1","Warcry"],"picked":"Limit Break","floor":27},{"not_picked":["Iron Wave","True Grit","Corruption"],"picked":"SKIP","floor":28},{"not_picked":["Entrench+1","Flex"],"picked":"Intimidate","floor":30},{"not_picked":["Pommel Strike","Perfected Strike"],"picked":"Sever Soul","floor":31}],"player_experience":49362,"relics_obtained":[{"floor":9,"key":"Ancient Tea Set"},{"floor":24,"key":"Gremlin Horn"},{"floor":26,"key":"Potion Belt"}],"event_choices":[{"event_name":"Golden Idol","player_choice":"Lose Max HP","floor":4,"damage_taken":0},{"event_name":"Big Fish","player_choice":"Box","floor":7,"damage_taken":0},{"event_name":"Ghosts","player_choice":"Ignored","floor":19,"damage_taken":0}],"is_beta":false,"boss_relics":[{"not_picked":["Fusion Hammer","Orrery"],"picked":"Lizard Tail"}],"items_purged_floors":[12,21],"is_endless":false,"potions_floor_spawned":[1,2,16,18,30],"killed_by":"Champ","ascension_level":0}