{"path_per_floor":["M","?","M","?","M","E","M","R","T","R","?","M","$","?","R","B",null,"M","M","M","M","?"],"character_chosen":"THE_SILENT","items_purchased":["Bag of Preparation"],"gold_per_floor":[111,111,131,131,150,181,199,199,199,199,164,179,36,56,56,159,189,206,216,226,241,241,241],"floor_reached":23,"campfire_rested":2,"playtime":2031,"current_hp_per_floor":[64,69,60,60,60,43,6,27,41,66,84,77,77,61,61,22,89,75,50,45,6,35,0],"items_purged":[],"gold":241,"score":247,"play_id":"0d74262a-88d2-49df-b948-5da772afae15","local_time":"20180326000809","is_prod":false,"is_daily":false,"is_ascension_mode":true,"campfire_upgraded":1,"timestamp":1522015689,"path_taken":["M","?","M","?","?","E","M","R","T","R","?","M","$","?","R","BOSS","M","M","?","M","?","E"],"build_version":"2018-03-22v2","purchased_purges":0,"victory":false,"master_deck":["Defend_G","Defend_G+1","Defend_G","Defend_G","Defend_G","Strike_G","Strike_G","Strike_G","Strike_G","Strike_G","Survivor","Neutralize","Calculated Gamble","Flying Knee","Noxious Fumes+1","Blade Dance","Quick Slash","Predator","Venomology","Bouncing Flask","Dagger Spray","Cloak And Dagger","Dagger Spray","Dash+1"],"max_hp_per_floor":[70,70,70,70,70,70,70,70,84,84,84,84,84,84,84,84,89,89,89,89,89,89,89],"relics":["White Beast Statue","Pen Nib","Mango","Bag of Preparation","Odd Mushroom","Tiny House"],"card_choices":[{"not_picked":["Dagger Throw","Choke"],"picked":"Flying Knee","floor":1},{"not_picked":["Choke","Finisher"],"picked":"Calculated Gamble","floor":3},{"not_picked":["Eviscerate","Setup"],"picked":"Flying Knee","floor":5},{"not_picked":["Masterful Stab","A Thousand Cuts"],"picked":"Noxious Fumes","floor":6},{"not_picked":["Slice","Backstab"],"picked":"Blade Dance","floor":7},{"not_picked":["Leg Sweep","Malaise"],"picked":"Quick Slash","floor":12},{"not_picked":["Slice","Deflect"],"picked":"Predator","floor":14},{"not_picked":["Tools of the Trade","Bullet Time"],"picked":"Venomology","floor":16},{"not_picked":["Blur","Blade Dance"],"picked":"Bouncing Flask","floor":17},{"not_picked":["Expertise","Prepared"],"picked":"Dagger Spray","floor":18},{"not_picked":["Eviscerate","Footwork"],"picked":"Cloak And Dagger","floor":19},{"not_picked":["Leg Sweep","Prepared"],"picked":"Dagger Spray","floor":20},{"not_picked":["Acrobatics","Dagger Throw"],"picked":"Dash","floor":21}],"player_experience":360713,"potions_floor_usage":[6,6,14,16,18,18,19,20,20,21,21,23,23],"damage_taken":[{"damage":6,"enemies":"Jaw Worm","floor":1,"turns":6},{"damage":9,"enemies":"Cultist","floor":3,"turns":5},{"damage":0,"enemies":"2 Louse","floor":5,"turns":3},{"damage":26,"enemies":"Gremlin Nob","floor":6,"turns":4},{"damage":37,"enemies":"Gremlin Gang","floor":7,"turns":5},{"damage":7,"enemies":"Blue Slaver","floor":12,"turns":3},{"damage":16,"enemies":"The Mushroom Lair","floor":14,"turns":5},{"damage":39,"enemies":"Slime Boss","floor":16,"turns":9},{"damage":14,"enemies":"2 Thieves","floor":18,"turns":4},{"damage":40,"enemies":"Chosen","floor":19,"turns":6},{"damage":17,"enemies":"Snecko","floor":20,"turns":5},{"damage":39,"enemies":"Chosen and Byrds","floor":21,"turns":5},{"damage":38,"enemies":"Gremlin Leader","floor":23,"turns":7}],"event_choices":[{"event_name":"Bonfire Elementals","player_choice":"COMMON","floor":2,"damage_taken":0},{"event_name":"The Woman in Blue","player_choice":"Bought 0 Potions","floor":4,"damage_taken":0},{"event_name":"The Cleric","player_choice":"Healed","floor":11,"damage_taken":0},{"event_name":"Mushrooms","player_choice":"Fought Mushrooms","floor":14,"damage_taken":0},{"event_name":"The Library","player_choice":"Heal","floor":22,"damage_taken":0}],"boss_relics":[{"not_picked":["Runic Pyramid","Philosopher\u0027s Stone"],"picked":"Tiny House"}],"potions_floor_spawned":[1,3,5,6,7,12,14,16,18,19,20,21],"seed_played":"-8611259885072730309","killed_by":"Gremlin Leader","ascension_level":3,"is_trial":false}