{"gold_per_floor":[115,40,51,51,51,76,76,107,107,119,119,119,119],"floor_reached":13,"playtime":313,"items_purged":[],"score":232,"play_id":"6380f650-a962-4edf-94da-2d4c7207068b","local_time":"20190110231823","is_ascension_mode":true,"campfire_choices":[{"data":"Crippling Poison","floor":7.0,"key":"SMITH"},{"floor":12.0,"key":"REST"}],"neow_cost":"NONE","seed_source_timestamp":42567866215145,"circlet_count":0,"master_deck":["AscendersBane","Defend_G","Defend_G","Defend_G","Defend_G","Defend_G","Strike_G","Strike_G","Strike_G","Strike_G","Survivor","Neutralize","Blade Dance","Footwork","Crippling Poison+1","Footwork","Bouncing Flask","Bouncing Flask"],"special_seed":0,"relics":["Ring of the Snake","NeowsBlessing","Blue Candle","Anchor","Strawberry","FaceOfCleric"],"potions_floor_usage":[13],"damage_taken":[{"damage":0.0,"enemies":"Cultist","floor":1.0,"turns":1.0},{"damage":0.0,"enemies":"Small Slimes","floor":3.0,"turns":1.0},{"damage":0.0,"enemies":"Gremlin Nob","floor":6.0,"turns":1.0},{"damage":51.0,"enemies":"3 Sentries","floor":8.0,"turns":11.0},{"damage":5.0,"enemies":"Jaw Worm","floor":10.0,"turns":3.0},{"damage":24,"enemies":"Gremlin Nob","floor":13,"turns":3}],"seed_played":"-4881037411419862155","potions_obtained":[{"floor":1.0,"key":"PowerPotion"},{"floor":10.0,"key":"Block Potion"}],"is_trial":false,"path_per_floor":["M","$","M","$","?","E","R","E","T","M","?","R","E"],"character_chosen":"THE_SILENT","items_purchased":["Footwork"],"campfire_rested":1,"item_purchase_floors":[2],"current_hp_per_floor":[59,59,59,59,52,52,52,1,8,3,3,24,0],"gold":119,"neow_bonus":"THREE_ENEMY_KILL","is_prod":false,"is_daily":false,"chose_seed":false,"campfire_upgraded":1,"win_rate":0,"timestamp":1547158703,"path_taken":["M","$","M","?","?","E","R","E","T","M","?","R","E"],"build_version":"2019-01-03v4","purchased_purges":0,"victory":false,"max_hp_per_floor":[66,66,66,66,66,66,66,66,73,73,73,73,73],"card_choices":[{"not_picked":["Calculated Gamble","Caltrops"],"picked":"Blade Dance","floor":1.0},{"not_picked":["Deflect","Slice"],"picked":"Crippling Poison","floor":3.0},{"not_picked":["Blade Dance","Blur"],"picked":"Footwork","floor":6.0},{"not_picked":["Outmaneuver","Acrobatics"],"picked":"Bouncing Flask","floor":8.0},{"not_picked":["Blade Dance","Masterful Stab"],"picked":"Bouncing Flask","floor":10.0}],"player_experience":2001646,"relics_obtained":[{"floor":6.0,"key":"Blue Candle"},{"floor":8.0,"key":"Anchor"},{"floor":9.0,"key":"Strawberry"}],"event_choices":[{"cards_removed":["Strike_G"],"damage_healed":0.0,"max_hp_gain":0.0,"max_hp_loss":0.0,"gold_gain":0.0,"event_name":"Golden Wing","player_choice":"Card Removal","floor":5.0,"gold_loss":0.0,"damage_taken":7.0},{"damage_healed":0.0,"max_hp_gain":0.0,"max_hp_loss":0.0,"gold_gain":0.0,"event_name":"FaceTrader","player_choice":"Trade","floor":11.0,"gold_loss":0.0,"damage_taken":0.0,"relics_obtained":["FaceOfCleric"]}],"is_beta":false,"boss_relics":[],"items_purged_floors":[],"is_endless":false,"potions_floor_spawned":[1,10],"killed_by":"Gremlin Nob","ascension_level":20}