{"path_per_floor":["M","?","M","M","?","R","E","M","T","$","M","M","R","M","R","B",null,"M","M","$","?","?","R","$","E","T","E","M","E","?","M","R","B",null,"M","M","T","?","M","R","E","R","T","M","M","R","M","M","R","B"],"character_chosen":"THE_SILENT","items_purchased":["Happy Flower"],"gold_per_floor":[113,188,200,215,165,165,195,207,254,32,50,66,66,82,82,178,178,195,211,111,111,111,111,111,139,139,165,183,218,218,235,235,337,337,348,360,360,360,374,374,409,439,519,529,544,544,562,581,581,581],"floor_reached":51,"campfire_rested":3,"playtime":9919,"current_hp_per_floor":[70,59,58,57,57,57,22,22,22,22,8,6,27,17,38,20,70,43,43,43,43,66,66,66,61,61,61,61,61,61,43,64,68,70,70,70,70,70,67,67,68,68,68,70,69,69,70,70,70,62],"items_purged":["Strike_G","Strike_G"],"gold":581,"score":938,"play_id":"3083dfe2-21eb-442b-b5a0-6242194c1602","local_time":"20180404213740","is_prod":false,"is_daily":false,"is_ascension_mode":true,"campfire_upgraded":2,"timestamp":1522870660,"path_taken":["M","?","M","M","?","R","E","M","T","$","M","M","R","M","R","BOSS","M","M","$","?","?","R","$","E","T","E","M","E","?","M","R","BOSS","M","M","?","?","M","R","E","R","T","?","M","R","?","M","R","BOSS"],"build_version":"2018-03-29v2","purchased_purges":2,"victory":true,"master_deck":["Defend_G+1","Defend_G+1","Defend_G+1","Defend_G+1","Defend_G+1","Strike_G+1","Survivor","Neutralize","Noxious Fumes+1","Footwork","Catalyst+1","Escape Plan","PiercingWail","Crippling Poison","Adrenaline","Bane+1","Escape Plan+1","Die Die Die","Catalyst+1","Corpse Explosion","Deadly Poison+1","Bandage Up","Backstab","Catalyst+1","Deadly Poison+1"],"max_hp_per_floor":[70,70,70,70,70,70,70,70,70,70,70,70,70,70,70,70,70,70,70,70,70,70,70,70,70,70,70,70,70,70,70,70,70,70,70,70,70,70,70,70,70,70,70,70,70,70,70,70,70,70],"relics":["Ring of the Snake","Bag of Preparation","Toolbox","Orichalcum","Happy Flower","Philosopher\u0027s Stone","Thread and Needle","Gambling Chip","Oddly Smooth Stone","Smiling Mask","Sozu","Shovel","Du-Vu Doll","Blood Vial","Tiny Chest","Mercury Hourglass","Dream Catcher","Snake Skull"],"card_choices":[{"not_picked":["Prepared","Outmaneuver"],"picked":"Noxious Fumes","floor":1.0},{"not_picked":["Dagger Spray","Deadly Poison"],"picked":"Footwork","floor":3.0},{"not_picked":["Prepared","Heel Hook"],"picked":"Catalyst","floor":7.0},{"not_picked":["Dagger Throw","Slice"],"picked":"Escape Plan","floor":8.0},{"not_picked":["Deadly Poison","Caltrops"],"picked":"PiercingWail","floor":11.0},{"not_picked":["Choke","Cloak And Dagger"],"picked":"Crippling Poison","floor":14.0},{"not_picked":["Unload","Night Terror"],"picked":"Adrenaline","floor":16.0},{"not_picked":["Deflect","Dagger Throw"],"picked":"Bane","floor":18.0},{"not_picked":["Flying Knee","Poisoned Stab"],"picked":"Escape Plan","floor":19.0},{"not_picked":["Prepared","Infinite Blades"],"picked":"Die Die Die","floor":25},{"not_picked":["Deadly Poison","Sucker Punch"],"picked":"Catalyst","floor":28},{"not_picked":["Glass Knife","Unload"],"picked":"Corpse Explosion","floor":33},{"not_picked":["Slice","Dagger Throw"],"picked":"Deadly Poison","floor":35},{"not_picked":["Jack Of All Trades","Madness"],"picked":"Bandage Up","floor":38},{"not_picked":["Expertise","Cloak And Dagger"],"picked":"Backstab","floor":39},{"not_picked":["Doppelganger","Terror"],"picked":"Catalyst","floor":44},{"not_picked":["PiercingWail","Quick Slash"],"picked":"Deadly Poison","floor":47}],"player_experience":461455,"potions_floor_usage":[25,27,50],"damage_taken":[{"damage":0.0,"enemies":"2 Louse","floor":1.0,"turns":4.0},{"damage":1.0,"enemies":"Jaw Worm","floor":3.0,"turns":6.0},{"damage":1.0,"enemies":"Small Slimes","floor":4.0,"turns":5.0},{"damage":35.0,"enemies":"Gremlin Nob","floor":7.0,"turns":6.0},{"damage":0.0,"enemies":"Gremlin Gang","floor":8.0,"turns":1.0},{"damage":14.0,"enemies":"Exordium Thugs","floor":11.0,"turns":4.0},{"damage":2.0,"enemies":"Exordium Wildlife","floor":12.0,"turns":5.0},{"damage":10.0,"enemies":"Gremlin Gang","floor":14.0,"turns":3.0},{"damage":18.0,"enemies":"Hexaghost","floor":16.0,"turns":11.0},{"damage":27.0,"enemies":"3 Byrds","floor":18.0,"turns":5.0},{"damage":0.0,"enemies":"Shell Parasite","floor":19.0,"turns":6.0},{"damage":5,"enemies":"Book of Stabbing","floor":25,"turns":7},{"damage":0,"enemies":"Slavers","floor":27,"turns":6},{"damage":0,"enemies":"Snecko","floor":28,"turns":5},{"damage":0,"enemies":"Book of Stabbing","floor":29,"turns":5},{"damage":18,"enemies":"Chosen and Byrds","floor":31,"turns":6},{"damage":0,"enemies":"Collector","floor":33,"turns":7},{"damage":0,"enemies":"3 Darklings","floor":35,"turns":4},{"damage":0,"enemies":"3 Shapes","floor":36,"turns":2},{"damage":3,"enemies":"Maw","floor":39,"turns":3},{"damage":2,"enemies":"Nemesis","floor":41,"turns":3},{"damage":0,"enemies":"4 Shapes","floor":44,"turns":4},{"damage":1,"enemies":"Sphere and 2 Shapes","floor":45,"turns":3},{"damage":0,"enemies":"3 Darklings","floor":47,"turns":5},{"damage":0,"enemies":"Maw","floor":48,"turns":2},{"damage":8,"enemies":"Time Eater","floor":50,"turns":3}],"event_choices":[{"event_name":"World of Goop","player_choice":"Gather Gold","floor":2.0,"damage_taken":0.0},{"event_name":"The Cleric","player_choice":"Card Removal","floor":5.0,"damage_taken":0.0},{"event_name":"Bonfire Elementals","player_choice":"BASIC","floor":21.0,"damage_taken":0.0},{"event_name":"The Library","player_choice":"Heal","floor":22.0,"damage_taken":0.0},{"event_name":"Back to Basics","player_choice":"Simplicity","floor":30,"damage_taken":0},{"event_name":"SensoryStone","player_choice":"Memory 1","floor":38,"damage_taken":0}],"boss_relics":[{"not_picked":["Orrery","White Beast Statue"],"picked":"Sozu"}],"potions_floor_spawned":[3,8,12,14,18,25,27,44,47,48],"seed_played":"-2208473794163119426","ascension_level":3,"is_trial":false}