{"gold_per_floor":[365,365,365,382,397,397,416,448,472,472,488,24,24,59,59,137,137,154,165,165,165,185,185,196,471,471,24,43,54,54,70,70,70],"floor_reached":33,"playtime":876,"items_purged":["Strike_B"],"score":505,"play_id":"2e3885bc-dcc0-4579-8308-b7046d5405c7","local_time":"20190112081946","is_ascension_mode":true,"campfire_choices":[{"data":"Steam","floor":6.0,"key":"SMITH"},{"floor":10.0,"key":"REST"},{"floor":13.0,"key":"REST"},{"data":"Defragment","floor":15.0,"key":"SMITH"},{"floor":23.0,"key":"REST"},{"floor":30,"key":"REST"},{"data":"Machine Learning","floor":32,"key":"SMITH"}],"neow_cost":"PERCENT_DAMAGE","seed_source_timestamp":0,"circlet_count":0,"master_deck":["AscendersBane","Strike_B","Strike_B+1","Strike_B","Defend_B+1","Defend_B","Defend_B","Defend_B","Zap+1","Dualcast","Rebound","Rip and Tear","Steam+1","Ball Lightning","Defragment+1","Thunder Strike","Echo Form","Ball Lightning","Machine Learning+1","Genetic Algorithm","Rebound+1","Auto Shields","Cold Snap+1","Force Field+1","Conserve Battery+1"],"special_seed":0,"relics":["Cracked Core","Bronze Scales","Pen Nib","PreservedInsect","Omamori","Eternal Feather","Strawberry","Toxic Egg 2","Symbiotic Virus","Blood Vial"],"potions_floor_usage":[29],"damage_taken":[{"damage":2.0,"enemies":"Jaw Worm","floor":1.0,"turns":3.0},{"damage":0.0,"enemies":"Small Slimes","floor":4.0,"turns":2.0},{"damage":0.0,"enemies":"Cultist","floor":5.0,"turns":2.0},{"damage":5.0,"enemies":"Gremlin Gang","floor":7.0,"turns":4.0},{"damage":8.0,"enemies":"3 Sentries","floor":8.0,"turns":6.0},{"damage":5.0,"enemies":"Large Slime","floor":11.0,"turns":4.0},{"damage":15.0,"enemies":"Lagavulin","floor":14.0,"turns":3.0},{"damage":12.0,"enemies":"Slime Boss","floor":16.0,"turns":7.0},{"damage":46.0,"enemies":"2 Thieves","floor":18.0,"turns":4.0},{"damage":1.0,"enemies":"Chosen","floor":19.0,"turns":6.0},{"damage":23.0,"enemies":"Snake Plant","floor":22.0,"turns":4.0},{"damage":20.0,"enemies":"Sentry and Sphere","floor":24.0,"turns":4.0},{"damage":6.0,"enemies":"Chosen and Byrds","floor":28.0,"turns":5.0},{"damage":16,"enemies":"Cultist and Chosen","floor":29,"turns":5},{"damage":24,"enemies":"3 Cultists","floor":31,"turns":5},{"damage":46,"enemies":"Automaton","floor":33,"turns":6}],"seed_played":"8821082858211295882","potions_obtained":[{"floor":4.0,"key":"SkillPotion"},{"floor":7.0,"key":"Poison Potion"},{"floor":11.0,"key":"Poison Potion"},{"floor":16.0,"key":"Weak Potion"},{"floor":24.0,"key":"EssenceOfSteel"},{"floor":31,"key":"Fire Potion"}],"is_trial":false,"path_per_floor":["M","?","?","M","M","R","M","E","T","R","M","$","R","E","R","B",null,"M","M","?","?","M","R","M","?","T","$","M","M","R","M","R","B"],"character_chosen":"DEFECT","items_purchased":["PreservedInsect","Echo Form","Ball Lightning","Symbiotic Virus","Blood Vial"],"campfire_rested":4,"item_purchase_floors":[12,12,12,27,27],"current_hp_per_floor":[44,44,23,23,23,23,18,10,10,31,26,26,47,32,32,20,58,12,11,18,34,11,46,26,26,26,26,22,8,43,21,36,0],"gold":70,"neow_bonus":"TWO_FIFTY_GOLD","is_prod":false,"is_daily":false,"chose_seed":false,"campfire_upgraded":3,"win_rate":0,"timestamp":1547248786,"path_taken":["M","?","?","?","M","R","M","E","T","R","M","$","R","E","R","BOSS","M","M","?","?","?","R","M","?","T","?","M","?","R","M","R","BOSS"],"build_version":"2019-01-10","purchased_purges":1,"victory":false,"max_hp_per_floor":[71,71,71,71,71,71,71,71,71,71,71,71,71,71,71,71,71,71,71,78,78,78,78,78,78,78,78,78,78,78,78,78,78],"card_choices":[{"not_picked":["Beam Cell","Go for the Eyes"],"picked":"Rebound","floor":1.0},{"not_picked":["Cold Snap","Leap"],"picked":"Rip and Tear","floor":4.0},{"not_picked":["Scrape","Barrage"],"picked":"Steam","floor":5.0},{"not_picked":["Hologram","Streamline"],"picked":"Ball Lightning","floor":7.0},{"not_picked":["Hologram","Gash"],"picked":"Defragment","floor":8.0},{"not_picked":["Steam","Redo"],"picked":"Thunder Strike","floor":11.0},{"not_picked":["Go for the Eyes","Barrage","Compile Driver"],"picked":"SKIP","floor":14.0},{"not_picked":["Echo Form","Hyperbeam"],"picked":"Machine Learning","floor":16.0},{"not_picked":["Go for the Eyes","Gash+1"],"picked":"Genetic Algorithm","floor":18.0},{"not_picked":["Streamline","Beam Cell"],"picked":"Rebound+1","floor":19.0},{"not_picked":["Steam","Compile Driver"],"picked":"Auto Shields","floor":22.0},{"not_picked":["Leap","Rebound"],"picked":"Cold Snap+1","floor":24.0},{"not_picked":["Compile Driver","Sweeping Beam","Lockon"],"picked":"SKIP","floor":28.0},{"not_picked":["Loop","Cold Snap"],"picked":"Force Field+1","floor":29},{"not_picked":["Coolheaded+1","BootSequence+1"],"picked":"Conserve Battery+1","floor":31}],"player_experience":1032851,"relics_obtained":[{"floor":8.0,"key":"Bronze Scales"},{"floor":9.0,"key":"Pen Nib"},{"floor":14.0,"key":"Omamori"},{"floor":26.0,"key":"Toxic Egg 2"}],"event_choices":[{"damage_healed":0.0,"max_hp_gain":0.0,"max_hp_loss":0.0,"gold_gain":0.0,"event_name":"Living Wall","player_choice":"Grow","floor":2.0,"gold_loss":0.0,"damage_taken":0.0,"cards_upgraded":["Zap"]},{"damage_healed":0.0,"max_hp_gain":0.0,"max_hp_loss":0.0,"gold_gain":0.0,"event_name":"Shining Light","player_choice":"Entered Light","floor":3.0,"gold_loss":0.0,"damage_taken":21.0,"cards_upgraded":["Strike_B","Defend_B"]},{"damage_healed":0.0,"max_hp_gain":0.0,"max_hp_loss":0.0,"gold_gain":0.0,"event_name":"The Mausoleum","player_choice":"Opened","floor":20.0,"gold_loss":0.0,"damage_taken":0.0,"relics_obtained":["Strawberry"],"cards_obtained":["Writhe"]},{"damage_healed":16.0,"max_hp_gain":0.0,"max_hp_loss":0.0,"gold_gain":0.0,"event_name":"The Library","player_choice":"Heal","floor":21.0,"gold_loss":0.0,"damage_taken":0.0},{"damage_healed":0.0,"max_hp_gain":0.0,"max_hp_loss":0.0,"gold_gain":275.0,"event_name":"Golden Shrine","player_choice":"Desecrate","floor":25.0,"gold_loss":0.0,"damage_taken":0.0,"cards_obtained":["Regret"]}],"is_beta":false,"boss_relics":[{"not_picked":["Ectoplasm","Snecko Eye"],"picked":"Eternal Feather"}],"items_purged_floors":[12],"is_endless":false,"potions_floor_spawned":[4,7,11,16,24,31],"killed_by":"Automaton","ascension_level":19}