{"path_per_floor":["M","M","M","T","T","E","M","R","T","R","M","$","R","?","R","B",null,"M","M","?","T","$","R","M","R","T","?","M","M","M","M","R","B",null,"M","M","M","?","T","R","?","M","T","M","R","M","?","M","R"],"character_chosen":"IRONCLAD","items_purchased":["Shrug It Off","Ghostly Armor"],"gold_per_floor":[118,128,143,143,168,203,214,214,214,214,225,103,103,178,178,275,275,291,309,309,334,160,160,180,180,180,180,195,210,224,234,234,337,367,381,396,406,406,433,433,433,449,449,467,467,485,0,10,10],"floor_reached":50,"campfire_rested":2,"playtime":2148,"current_hp_per_floor":[80,80,80,80,80,41,41,68,68,68,81,81,90,79,79,60,90,89,90,90,90,90,90,90,90,90,90,87,74,89,82,82,32,95,95,95,85,95,95,95,95,95,95,89,89,71,71,68,68],"items_purged":["Strike_R","Strike_R"],"gold":10,"score":498,"play_id":"527da74f-0981-4730-ae38-ce0336af1673","local_time":"20180320100653","is_prod":false,"is_daily":false,"is_ascension_mode":false,"campfire_upgraded":8,"timestamp":1521536813,"path_taken":["M","M","M","?","?","E","?","R","T","R","M","$","R","?","R","BOSS","M","?","?","?","$","R","M","R","T","?","M","M","M","M","R","BOSS","M","M","M","?","?","R","?","M","T","M","R","M","?","M","R","BOSS"],"build_version":"2018-03-15v3","purchased_purges":2,"victory":false,"master_deck":["Strike_R","Defend_R","Defend_R","Defend_R","Defend_R","Bash","Body Slam+1","Metallicize+1","Spot Weakness+1","Spot Weakness+1","Rampage+1","Twin Strike","Shrug It Off","Barricade+1","Shrug It Off+1","Writhe","Uppercut+1","Ghostly Armor+1","Battle Trance","Ghostly Armor+1","Body Slam+1"],"max_hp_per_floor":[80,80,80,80,80,90,90,90,90,90,90,90,90,90,90,90,90,90,90,90,90,90,90,90,90,90,90,90,90,90,90,90,90,95,95,95,95,95,95,95,95,95,95,95,95,95,95,95,95],"relics":["Burning Blood","Prayer Wheel","Anchor","Pear","Du-Vu Doll","Velvet Choker","Happy Flower","Juzu Bracelet","Omamori","Tiny House","Orichalcum","Bronze Scales","Red Mask"],"card_choices":[{"not_picked":["Thunderclap","Clash"],"picked":"Body Slam"},{"not_picked":["Shockwave","Sentinel"],"picked":"Metallicize"},{"not_picked":["Havoc","Clash"],"picked":"Spot Weakness"},{"not_picked":["Anger","Blood for Blood"],"picked":"Spot Weakness"},{"not_picked":["Cleave","Entrench"],"picked":"Rampage"},{"not_picked":["Carnage","Reaper"],"picked":"Twin Strike"},{"not_picked":["Reaper","Demon Form"],"picked":"Barricade"},{"not_picked":["Thunderclap","Clash"],"picked":"Shrug It Off"},{"not_picked":["Cleave","Clash"],"picked":"Uppercut"},{"not_picked":["Anger","Corruption"],"picked":"Battle Trance"},{"not_picked":["Pommel Strike","Entrench"],"picked":"Ghostly Armor"},{"not_picked":["Reaper","Thunderclap"],"picked":"Body Slam"}],"player_experience":115659,"potions_floor_usage":[11,19,29,30,33,37,50,50,50],"damage_taken":[{"damage":5,"enemies":"Cultist","floor":1,"turns":4},{"damage":3,"enemies":"Jaw Worm","floor":2,"turns":4},{"damage":3,"enemies":"Small Slimes","floor":3,"turns":4},{"damage":55,"enemies":"Gremlin Nob","floor":6,"turns":6},{"damage":6,"enemies":"3 Louse","floor":7,"turns":6},{"damage":2,"enemies":"Exordium Wildlife","floor":11,"turns":4},{"damage":25,"enemies":"Slime Boss","floor":16,"turns":7},{"damage":7,"enemies":"3 Byrds","floor":18,"turns":6},{"damage":5,"enemies":"Shell Parasite","floor":19,"turns":4},{"damage":6,"enemies":"Snake Plant","floor":24,"turns":5},{"damage":9,"enemies":"Centurion and Healer","floor":28,"turns":5},{"damage":19,"enemies":"Snecko","floor":29,"turns":6},{"damage":0,"enemies":"Cultist and Chosen","floor":30,"turns":8},{"damage":13,"enemies":"Snake Plant","floor":31,"turns":4},{"damage":56,"enemies":"Collector","floor":33,"turns":10},{"damage":0,"enemies":"Orb Walker","floor":35,"turns":3},{"damage":0,"enemies":"3 Shapes","floor":36,"turns":4},{"damage":16,"enemies":"3 Darklings","floor":37,"turns":6},{"damage":0,"enemies":"Maw","floor":42,"turns":8},{"damage":12,"enemies":"Sphere and 2 Shapes","floor":44,"turns":7},{"damage":24,"enemies":"4 Shapes","floor":46,"turns":7},{"damage":9,"enemies":"3 Darklings","floor":48,"turns":6},{"damage":77,"enemies":"Donu and Deca","floor":50,"turns":9}],"event_choices":[{"event_name":"World of Goop","player_choice":"Gather Gold","floor":14,"damage_taken":0},{"event_name":"The Mausoleum","player_choice":"Yes","floor":20,"damage_taken":0},{"event_name":"Vampires","player_choice":"Ignored","floor":27,"damage_taken":0},{"event_name":"Winding Halls","player_choice":"Writhe","floor":38,"damage_taken":0},{"event_name":"Tomb of Lord Red Mask","player_choice":"Paid","floor":47,"damage_taken":0}],"boss_relics":[{"not_picked":["Runic Dome","Philosopher\u0027s Stone"],"picked":"Velvet Choker"},{"not_picked":["Runic Pyramid","Pandora\u0027s Box"],"picked":"Tiny House"}],"potions_floor_spawned":[3,7,11,16,18,19,28,30,33,35,44,46,48],"seed_played":"-4093239123109117953","killed_by":"Donu and Deca","ascension_level":0,"is_trial":false}