{"gold_per_floor":[368,443,453,27,47,72,1,1,1,15,29,29,44,64,64,64],"floor_reached":16,"playtime":1030,"items_purged":["Strike_G"],"score":129,"play_id":"a8df675d-aacf-4ed0-86f9-df8c47b552d5","local_time":"20181219125058","is_ascension_mode":false,"campfire_choices":[{"floor":8,"key":"REST"},{"floor":12,"key":"REST"},{"floor":15,"key":"REST"}],"neow_cost":"TEN_PERCENT_HP_LOSS","seed_source_timestamp":266130800714981,"circlet_count":0,"master_deck":["Defend_G","Defend_G","Defend_G","Defend_G","Defend_G","Strike_G","Strike_G","Strike_G","Strike_G","Survivor","Neutralize","Dagger Throw","Sadistic Nature","Prepared","Poisoned Stab","Noxious Fumes","Underhanded Strike","Underhanded Strike","Noxious Fumes","Underhanded Strike","Well Laid Plans","Underhanded Strike","Adrenaline"],"relics":["Ring of the Snake","Darkstone Periapt","Bronze Scales"],"potions_floor_usage":[],"damage_taken":[{"damage":0,"enemies":"Jaw Worm","floor":1,"turns":4},{"damage":0,"enemies":"Small Slimes","floor":3,"turns":3},{"damage":5,"enemies":"2 Louse","floor":5,"turns":2},{"damage":33,"enemies":"Lagavulin","floor":6,"turns":7},{"damage":4,"enemies":"Red Slaver","floor":10,"turns":3},{"damage":4,"enemies":"2 Fungi Beasts","floor":11,"turns":3},{"damage":0,"enemies":"Large Slime","floor":13,"turns":4},{"damage":16,"enemies":"Exordium Thugs","floor":14,"turns":5},{"damage":46,"enemies":"Slime Boss","floor":16,"turns":6}],"seed_played":"1928825939741974072","potions_obtained":[{"floor":3,"key":"AttackPotion"},{"floor":6,"key":"SmokeBomb"},{"floor":10,"key":"PowerPotion"}],"is_trial":false,"path_per_floor":["M","?","M","$","M","E","$","R","T","M","M","R","M","M","R","B"],"character_chosen":"THE_SILENT","items_purchased":["Sadistic Nature","Prepared","Poisoned Stab","Noxious Fumes","Noxious Fumes"],"campfire_rested":3,"item_purchase_floors":[4,4,4,4,7],"current_hp_per_floor":[63,52,52,52,47,14,14,32,32,28,24,42,42,26,44,0],"gold":64,"neow_bonus":"TWO_FIFTY_GOLD","is_prod":false,"is_daily":false,"chose_seed":false,"campfire_upgraded":0,"win_rate":0.0,"timestamp":1545220258,"path_taken":["M","?","M","$","M","E","$","R","T","M","M","R","M","M","R","BOSS"],"build_version":"2018-12-13","purchased_purges":1,"victory":false,"max_hp_per_floor":[63,63,63,63,63,63,63,63,63,63,63,63,63,63,63,63],"card_choices":[{"not_picked":["Flechettes","Expertise"],"picked":"Dagger Throw","floor":1},{"not_picked":["Deflect","Blade Dance","Dagger Spray"],"picked":"SKIP","floor":3},{"not_picked":["Outmaneuver","Acrobatics"],"picked":"Underhanded Strike","floor":5},{"not_picked":["Deflect","Backflip"],"picked":"Underhanded Strike","floor":6},{"not_picked":["Outmaneuver","Flying Knee"],"picked":"Underhanded Strike","floor":10},{"not_picked":["Prepared","Acrobatics"],"picked":"Well Laid Plans","floor":11},{"not_picked":["Deflect","Deadly Poison"],"picked":"Underhanded Strike","floor":13},{"not_picked":["Underhanded Strike","Dodge and Roll"],"picked":"Adrenaline","floor":14}],"player_experience":5443,"relics_obtained":[{"floor":6,"key":"Darkstone Periapt"},{"floor":9,"key":"Bronze Scales"}],"event_choices":[{"damage_healed":0,"gold_gain":75,"player_choice":"Gather Gold","damage_taken":11,"max_hp_gain":0,"max_hp_loss":0,"event_name":"World of Goop","floor":2,"gold_loss":0}],"is_beta":false,"boss_relics":[],"items_purged_floors":[4],"is_endless":false,"potions_floor_spawned":[3,6,10,11],"killed_by":"Slime Boss","ascension_level":0}