{"gold_per_floor":[119,132,132,180,192,219,219,48,73,83,83,118,138,156,156,228,228,244,263,263,276,290,290,290],"floor_reached":24,"playtime":1695,"items_purged":[],"score":410,"play_id":"e9493f3d-d792-4b9f-bf29-e2eb07921bcf","local_time":"20180913192045","is_ascension_mode":true,"campfire_choices":[{"data":"Sweeping Beam","floor":7,"key":"SMITH"},{"floor":11,"key":"REST"},{"data":"Glacier","floor":15,"key":"SMITH"},{"floor":23,"key":"REST"}],"neow_cost":"","seed_source_timestamp":25063158577344,"circlet_count":0,"master_deck":["Strike_B","Strike_B","Strike_B","Strike_B","Defend_B","Defend_B","Defend_B","Defend_B","Zap","Dualcast","AscendersBane","Sweeping Beam+1","FTL","Capacitor","Ball Lightning","Self Repair","Coolheaded","Go for the Eyes","Glacier+1","Creative AI","Turbo","Barrage+1","Biased Cognition","Darkness"],"relics":["FrozenCore","Boot","WingedGreaves","Happy Flower","Strawberry","Sundial"],"potions_floor_usage":[12,16,18,21,24],"damage_taken":[{"damage":2,"enemies":"Cultist","floor":1,"turns":4},{"damage":7,"enemies":"Small Slimes","floor":2,"turns":4},{"damage":0,"enemies":"2 Louse","floor":5,"turns":2},{"damage":30,"enemies":"3 Sentries","floor":6,"turns":7},{"damage":14,"enemies":"Red Slaver","floor":10,"turns":2},{"damage":25,"enemies":"Lagavulin","floor":12,"turns":5},{"damage":7,"enemies":"Exordium Wildlife","floor":13,"turns":4},{"damage":0,"enemies":"Lots of Slimes","floor":14,"turns":2},{"damage":20,"enemies":"The Guardian","floor":16,"turns":11},{"damage":13,"enemies":"3 Byrds","floor":18,"turns":5},{"damage":7,"enemies":"Shell Parasite","floor":19,"turns":9},{"damage":41,"enemies":"Snake Plant","floor":21,"turns":9},{"damage":20,"enemies":"Snecko","floor":22,"turns":8},{"damage":42,"enemies":"Gremlin Leader","floor":24,"turns":3}],"seed_played":"8200389767030688823","potions_obtained":[{"floor":5,"key":"FearPotion"},{"floor":10,"key":"Explosive Potion"},{"floor":12,"key":"AttackPotion"},{"floor":16,"key":"Strength Potion"},{"floor":18,"key":"Explosive Potion"},{"floor":21,"key":"Fruit Juice"}],"is_trial":false,"path_per_floor":["M","M","?","T","M","E","R","$","T","M","R","E","M","M","R","B",null,"M","M","?","M","M","R"],"character_chosen":"DEFECT","items_purchased":["Happy Flower"],"campfire_rested":2,"item_purchase_floors":[8],"current_hp_per_floor":[62,55,55,55,55,25,25,25,32,18,41,23,23,30,30,17,63,50,50,50,21,8,32,0],"gold":290,"neow_bonus":"","is_prod":false,"is_daily":false,"chose_seed":false,"campfire_upgraded":2,"win_rate":0,"timestamp":1536859245,"path_taken":["M","?","?","?","M","E","R","$","T","M","R","E","?","M","R","BOSS","M","?","?","M","M","R","E"],"build_version":"2018-09-06","purchased_purges":0,"victory":false,"max_hp_per_floor":[71,71,71,71,71,71,71,71,78,78,78,78,78,78,78,78,78,78,78,78,83,83,83,83],"card_choices":[{"not_picked":["Steam","Go for the Eyes"],"picked":"Sweeping Beam","floor":1},{"not_picked":["Beam Cell","Reprogram"],"picked":"FTL","floor":2},{"not_picked":["Redo","Amplify"],"picked":"Capacitor","floor":5},{"not_picked":["Chill","Skim"],"picked":"Ball Lightning","floor":6},{"not_picked":["Steam","Gash"],"picked":"Self Repair","floor":10},{"not_picked":["Multi-Cast","Gash"],"picked":"Coolheaded","floor":12},{"not_picked":["Sweeping Beam","Streamline"],"picked":"Go for the Eyes","floor":13},{"not_picked":["Hologram","Conserve Battery"],"picked":"Glacier","floor":14},{"not_picked":["Buffer","Thunder Strike"],"picked":"Creative AI","floor":16},{"not_picked":["Ball Lightning","Gash"],"picked":"Turbo","floor":18},{"not_picked":["Go for the Eyes","Turbo+1"],"picked":"Barrage+1","floor":19},{"not_picked":["Chill+1","Conserve Battery"],"picked":"Biased Cognition","floor":21},{"not_picked":["Conserve Battery","Self Repair+1"],"picked":"Darkness","floor":22}],"player_experience":976972,"relics_obtained":[{"floor":4,"key":"Boot"},{"floor":6,"key":"WingedGreaves"},{"floor":9,"key":"Strawberry"},{"floor":12,"key":"Sundial"}],"event_choices":[{"event_name":"Shining Light","player_choice":"Ignored","floor":3,"damage_taken":0},{"event_name":"Ghosts","player_choice":"Ignored","floor":20,"damage_taken":0}],"is_beta":false,"boss_relics":[{"not_picked":["Ectoplasm","Calling Bell"],"picked":"FrozenCore"}],"items_purged_floors":[],"is_endless":false,"potions_floor_spawned":[5,10,12,14,16,18,21],"killed_by":"Gremlin Leader","ascension_level":19}