{"gold_per_floor":[139,40,40,55,65,65,98,98,98,63,63,83,83,94,94,173,173,193,193,219,233,233,233,233],"floor_reached":24,"playtime":2135,"items_purged":[],"score":384,"play_id":"d6e6af57-3cb2-4509-950e-1a17fc79cdee","local_time":"20181206230751","is_ascension_mode":true,"campfire_choices":[{"data":"Predator","floor":6,"key":"SMITH"},{"data":"Dash","floor":8,"key":"SMITH"},{"data":"Neutralize","floor":11,"key":"SMITH"},{"data":"Noxious Fumes","floor":15,"key":"SMITH"},{"floor":23,"key":"REST"}],"neow_cost":"NONE","seed_source_timestamp":91310623424877,"circlet_count":0,"master_deck":["AscendersBane","Defend_G","Defend_G","Defend_G","Defend_G","Defend_G","Strike_G","Strike_G","Strike_G","Strike_G+1","Strike_G+1","Survivor","Neutralize+1","Infinite Blades","Predator+1","Well Laid Plans","Dash+1","Noxious Fumes+1","Deadly Poison","After Image","Deflect+1"],"relics":["Ring of the Snake","Tiny Chest","Vajra","Blue Candle","Odd Mushroom","HoveringKite","MutagenicStrength","Boot"],"potions_floor_usage":[7,7,12,14],"damage_taken":[{"damage":6,"enemies":"2 Louse","floor":1,"turns":3},{"damage":0,"enemies":"Small Slimes","floor":4,"turns":4},{"damage":7,"enemies":"Jaw Worm","floor":5,"turns":6},{"damage":6,"enemies":"Gremlin Nob","floor":7,"turns":3},{"damage":12,"enemies":"The Mushroom Lair","floor":12,"turns":4},{"damage":5,"enemies":"Exordium Wildlife","floor":14,"turns":5},{"damage":8,"enemies":"Hexaghost","floor":16,"turns":9},{"damage":6,"enemies":"Chosen","floor":18,"turns":5},{"damage":16,"enemies":"Spheric Guardian","floor":21,"turns":4},{"damage":33,"enemies":"Slavers","floor":24,"turns":2}],"seed_played":"-3893160048184330420","potions_obtained":[{"floor":4,"key":"Fire Potion"},{"floor":7,"key":"GamblersBrew"},{"floor":12,"key":"EssenceOfSteel"}],"is_trial":false,"path_per_floor":["M","$","?","M","M","R","E","R","T","?","R","?","?","M","R","B",null,"M","?","T","M","?","R","E"],"character_chosen":"THE_SILENT","items_purchased":["Predator","AttackPotion"],"campfire_rested":1,"item_purchase_floors":[2,2],"current_hp_per_floor":[53,53,53,53,46,46,40,40,40,56,56,44,24,19,19,11,52,46,46,46,30,12,33,0],"gold":233,"neow_bonus":"RANDOM_COMMON_RELIC","is_prod":false,"is_daily":false,"chose_seed":false,"campfire_upgraded":4,"win_rate":0,"timestamp":1544134071,"path_taken":["M","$","?","M","M","R","E","R","T","?","R","?","?","?","R","BOSS","M","?","?","M","?","R","E"],"build_version":"2018-11-15","purchased_purges":0,"victory":false,"max_hp_per_floor":[66,66,66,66,66,66,66,66,66,66,66,66,66,66,66,66,66,66,66,66,66,71,71,71],"card_choices":[{"not_picked":["Deadly Poison","Prepared"],"picked":"Infinite Blades","floor":1},{"not_picked":["Underhanded Strike","Prepared","Setup"],"picked":"SKIP","floor":4},{"not_picked":["Endless Agony","Deflect"],"picked":"Well Laid Plans","floor":5},{"not_picked":["Reflex","Choke"],"picked":"Dash","floor":7},{"not_picked":["Flying Knee","Phantasmal Killer"],"picked":"Noxious Fumes","floor":12},{"not_picked":["Finisher","Outmaneuver"],"picked":"Deadly Poison","floor":14},{"not_picked":["Phantasmal Killer","Adrenaline"],"picked":"After Image","floor":16},{"not_picked":["Dagger Throw","Blade Dance","Dagger Spray"],"picked":"SKIP","floor":18},{"not_picked":["Flying Knee","Terror"],"picked":"Deflect+1","floor":21}],"player_experience":1816112,"relics_obtained":[{"floor":7,"key":"Vajra"},{"floor":9,"key":"Blue Candle"},{"floor":12,"key":"Odd Mushroom"},{"floor":20,"key":"Boot"}],"event_choices":[{"damage_healed":0,"gold_gain":0,"player_choice":"Ignored","damage_taken":0,"max_hp_gain":0,"max_hp_loss":0,"event_name":"Liars Game","floor":3,"gold_loss":0},{"damage_healed":16,"gold_gain":0,"player_choice":"Healed","damage_taken":0,"max_hp_gain":0,"max_hp_loss":0,"event_name":"The Cleric","floor":10,"gold_loss":35},{"damage_healed":0,"gold_gain":0,"player_choice":"Fought Mushrooms","damage_taken":0,"max_hp_gain":0,"max_hp_loss":0,"event_name":"Mushrooms","floor":12,"gold_loss":0},{"damage_healed":0,"gold_gain":0,"player_choice":"Entered Light","damage_taken":20,"max_hp_gain":0,"max_hp_loss":0,"event_name":"Shining Light","floor":13,"gold_loss":0,"cards_upgraded":["Strike_G","Strike_G"]},{"damage_healed":0,"gold_gain":0,"player_choice":"Inject Mutagens","damage_taken":0,"relics_obtained":["MutagenicStrength"],"max_hp_gain":0,"max_hp_loss":0,"event_name":"Drug Dealer","floor":19,"gold_loss":0},{"damage_healed":0,"gold_gain":0,"player_choice":"Shed Blood","damage_taken":23,"max_hp_gain":5,"max_hp_loss":0,"event_name":"Forgotten Altar","floor":22,"gold_loss":0}],"is_beta":false,"boss_relics":[{"not_picked":["Tiny House","Eternal Feather"],"picked":"HoveringKite"}],"items_purged_floors":[],"is_endless":false,"potions_floor_spawned":[4,5,7,12],"killed_by":"Slavers","ascension_level":20}