{"gold_per_floor":[117,192,207,207,224,224,250,250,329,345,375,385,385,411,411,411],"floor_reached":16,"playtime":822,"items_purged":[],"score":120,"play_id":"5319490c-fc34-464f-930e-8c133bc81eca","local_time":"20181219135250","is_ascension_mode":false,"campfire_choices":[{"floor":6,"key":"REST"},{"floor":8,"key":"REST"},{"floor":15,"key":"REST"}],"neow_cost":"NONE","seed_source_timestamp":270050568601570,"circlet_count":0,"master_deck":["Defend_G","Defend_G","Defend_G","Defend_G","Defend_G","Strike_G","Strike_G","Strike_G","Strike_G","Strike_G","Survivor","Neutralize","Die Die Die","Deflect+1","Deflect+1"],"relics":["Ring of the Snake","Lantern","Pen Nib","Toxic Egg 2","Incense Burner","Vajra"],"potions_floor_usage":[11,11,14,16],"damage_taken":[{"damage":0,"enemies":"Small Slimes","floor":1,"turns":1},{"damage":5,"enemies":"Jaw Worm","floor":3,"turns":4},{"damage":0,"enemies":"Cultist","floor":5,"turns":3},{"damage":25,"enemies":"3 Sentries","floor":7,"turns":12},{"damage":3,"enemies":"Exordium Thugs","floor":10,"turns":7},{"damage":5,"enemies":"Gremlin Nob","floor":11,"turns":4},{"damage":0,"enemies":"Blue Slaver","floor":12,"turns":3},{"damage":30,"enemies":"Lagavulin","floor":14,"turns":12},{"damage":52,"enemies":"The Guardian","floor":16,"turns":10}],"seed_played":"-6426490131262608975","potions_obtained":[{"floor":5,"key":"FearPotion"},{"floor":7,"key":"LiquidBronze"},{"floor":10,"key":"GhostInAJar"},{"floor":11,"key":"Dexterity Potion"}],"is_trial":false,"path_per_floor":["M","?","M","T","M","R","E","R","T","M","E","M","?","E","R","B"],"character_chosen":"THE_SILENT","items_purchased":[],"campfire_rested":3,"item_purchase_floors":[],"current_hp_per_floor":[70,59,54,54,54,70,45,66,66,63,58,58,58,28,49,0],"gold":411,"neow_bonus":"ONE_RANDOM_RARE_CARD","is_prod":false,"is_daily":false,"chose_seed":false,"campfire_upgraded":0,"win_rate":0.0,"timestamp":1545223970,"path_taken":["M","?","M","?","?","R","E","R","T","M","E","M","?","E","R","BOSS"],"build_version":"2018-12-13","purchased_purges":0,"victory":false,"max_hp_per_floor":[70,70,70,70,70,70,70,70,70,70,70,70,70,70,70,70],"card_choices":[{"not_picked":["Dagger Throw","Blade Dance","Outmaneuver"],"picked":"SKIP","floor":1},{"not_picked":["Quick Slash","Dagger Throw","Prepared"],"picked":"SKIP","floor":3},{"not_picked":["Underhanded Strike","Poisoned Stab","Flying Knee"],"picked":"SKIP","floor":5},{"not_picked":["PiercingWail","Blade Dance","Dagger Throw"],"picked":"SKIP","floor":7},{"not_picked":["Slice","Flying Knee"],"picked":"Deflect+1","floor":10},{"not_picked":["Dodge and Roll+1","Distraction+1","Predator"],"picked":"SKIP","floor":11},{"not_picked":["Dodge and Roll+1","Leg Sweep+1"],"picked":"Deflect+1","floor":12},{"not_picked":["Deflect+1","Tactician+1","Sucker Punch"],"picked":"SKIP","floor":14}],"player_experience":9297,"relics_obtained":[{"floor":4,"key":"Lantern"},{"floor":7,"key":"Pen Nib"},{"floor":9,"key":"Toxic Egg 2"},{"floor":11,"key":"Incense Burner"},{"floor":14,"key":"Vajra"}],"event_choices":[{"damage_healed":0,"gold_gain":75,"player_choice":"Gather Gold","damage_taken":11,"max_hp_gain":0,"max_hp_loss":0,"event_name":"World of Goop","floor":2,"gold_loss":0},{"damage_healed":0,"gold_gain":0,"player_choice":"Searched \u00270\u0027 times","damage_taken":0,"max_hp_gain":0,"max_hp_loss":0,"event_name":"Dead Adventurer","floor":13,"gold_loss":0}],"is_beta":false,"boss_relics":[],"items_purged_floors":[],"is_endless":false,"potions_floor_spawned":[5,7,10,11],"killed_by":"The Guardian","ascension_level":0}