{"path_per_floor":["M","M","M","?","$","R","M","R","T","R","M","T","E","M","R","B",null,"M","?","M","?","?","R","M","$","T","M","R","?","?","E","R","B",null,"M","?","$","?","?","R","E","M","T","?","M","R","T","?","R","B"],"character_chosen":"THE_SILENT","items_purchased":["Deadly Poison","Sucker Punch","Bottled Lightning"],"gold_per_floor":[118,128,148,148,1,1,21,21,89,89,102,125,157,167,167,262,262,275,275,288,288,288,288,299,51,51,67,67,67,67,94,94,191,191,206,206,106,106,106,106,131,148,173,173,186,186,186,186,186,186],"floor_reached":51,"campfire_rested":3,"playtime":2002,"current_hp_per_floor":[66,62,61,61,61,61,52,52,52,52,61,61,53,53,53,40,70,67,67,66,66,66,66,62,62,62,58,58,58,58,47,68,48,70,64,57,57,57,57,70,22,35,35,61,27,60,60,60,60,7],"items_purged":["Defend_G","Strike_G"],"gold":186,"score":691,"play_id":"44ea68ab-0747-4ea9-90a9-47081477d7ee","local_time":"20180406002947","is_prod":false,"is_daily":false,"is_ascension_mode":false,"campfire_upgraded":7,"timestamp":1522967387,"path_taken":["M","M","M","?","$","R","?","R","T","R","M","?","E","M","R","BOSS","M","?","M","?","?","R","M","$","T","M","R","?","?","E","R","BOSS","M","?","$","?","?","R","E","M","T","?","M","R","?","?","R","BOSS"],"build_version":"2018-03-29v2","purchased_purges":2,"victory":true,"master_deck":["Defend_G+1","Defend_G+1","Defend_G+1","Defend_G+1","Strike_G+1","Survivor","Neutralize","Masterful Stab","Setup","Noxious Fumes+1","Cloak And Dagger","Bane+1","Deadly Poison+1","Sucker Punch","Dodge and Roll+1","Backflip","Bane+1","Terror","After Image+1","Escape Plan+1","Deflect","Poisoned Stab","Bouncing Flask+1","Backflip+1","Adrenaline","Neutralize","Deflect+1"],"max_hp_per_floor":[70,70,70,70,70,70,70,70,70,70,70,70,70,70,70,70,70,70,70,70,70,70,70,70,70,70,70,70,70,70,70,70,70,70,70,70,70,70,70,70,70,70,70,61,61,61,61,61,61,61],"relics":["Ring of the Snake","Gremlin Horn","Juzu Bracelet","Mercury Hourglass","Lizard Tail","Bottled Lightning","Sundial","Pen Nib","Snake Skull","Shuriken","Regal Pillow","Gambling Chip"],"card_choices":[{"not_picked":["PiercingWail","Backflip"],"picked":"Setup","floor":1},{"not_picked":["Bouncing Flask","Tactician"],"picked":"Noxious Fumes","floor":2},{"not_picked":["Dodge and Roll","Distraction"],"picked":"Cloak And Dagger","floor":3},{"not_picked":["Underhanded Strike","Flying Knee"],"picked":"Dodge and Roll","floor":7},{"not_picked":["Flying Knee","Slice"],"picked":"Backflip","floor":11},{"not_picked":["Die Die Die","Quick Slash"],"picked":"Bane","floor":13},{"not_picked":["Flechettes","Dagger Spray"],"picked":"Terror","floor":14},{"not_picked":["Wraith Form","Corpse Explosion"],"picked":"After Image","floor":16},{"not_picked":["Prepared","Flying Knee"],"picked":"Escape Plan","floor":18},{"not_picked":["Heel Hook","Predator"],"picked":"Deflect","floor":20},{"not_picked":["Dagger Throw","Backflip"],"picked":"Poisoned Stab","floor":24},{"not_picked":["Underhanded Strike","Outmaneuver"],"picked":"Bouncing Flask","floor":27},{"not_picked":["Sucker Punch","Reflex"],"picked":"Backflip","floor":31},{"not_picked":["Glass Knife","A Thousand Cuts"],"picked":"Adrenaline","floor":33},{"not_picked":["Slice","Cloak And Dagger"],"picked":"Deflect","floor":45}],"player_experience":335150,"potions_floor_usage":[11,24,27,27,33,41,50],"damage_taken":[{"damage":4,"enemies":"Small Slimes","floor":1,"turns":5},{"damage":4,"enemies":"Jaw Worm","floor":2,"turns":4},{"damage":1,"enemies":"Cultist","floor":3,"turns":4},{"damage":9,"enemies":"Red Slaver","floor":7,"turns":5},{"damage":0,"enemies":"Exordium Wildlife","floor":11,"turns":4},{"damage":8,"enemies":"3 Sentries","floor":13,"turns":7},{"damage":0,"enemies":"Blue Slaver","floor":14,"turns":3},{"damage":13,"enemies":"The Guardian","floor":16,"turns":8},{"damage":3,"enemies":"3 Byrds","floor":18,"turns":4},{"damage":1,"enemies":"Shell Parasite","floor":20,"turns":5},{"damage":4,"enemies":"3 Cultists","floor":24,"turns":5},{"damage":4,"enemies":"Slaver and Parasite","floor":27,"turns":7},{"damage":11,"enemies":"Gremlin Leader","floor":31,"turns":8},{"damage":20,"enemies":"Automaton","floor":33,"turns":9},{"damage":6,"enemies":"3 Shapes","floor":35,"turns":5},{"damage":48,"enemies":"Giant Head","floor":41,"turns":9},{"damage":23,"enemies":"3 Darklings","floor":42,"turns":5},{"damage":34,"enemies":"Sphere and 2 Shapes","floor":45,"turns":5},{"damage":53,"enemies":"Time Eater","floor":50,"turns":13}],"event_choices":[{"event_name":"Living Wall","player_choice":"Change","floor":4,"damage_taken":0},{"event_name":"Drug Dealer","player_choice":"Ignored","floor":19,"damage_taken":0},{"event_name":"Back to Basics","player_choice":"Simplicity","floor":21,"damage_taken":0},{"event_name":"The Lab","player_choice":"Got Potions","floor":22,"damage_taken":0},{"event_name":"The Mausoleum","player_choice":"Yes","floor":29,"damage_taken":0},{"event_name":"Vampires","player_choice":"Ignored","floor":30,"damage_taken":0},{"event_name":"Wheel of Change","player_choice":"Damage","floor":36,"damage_taken":0},{"event_name":"Match and Keep!","player_choice":"1 cards matched","floor":38,"damage_taken":0},{"event_name":"Mysterious Sphere","player_choice":"Ignore","floor":39,"damage_taken":0},{"event_name":"The Moai Head","player_choice":"Heal","floor":44,"damage_taken":0}],"boss_relics":[{"not_picked":["Cursed Key","Astrolabe"],"picked":"Lizard Tail"},{"not_picked":["Runic Pyramid","Snecko Eye","Velvet Choker"]}],"potions_floor_spawned":[2,7,13,14,16,24,27,45],"seed_played":"-1274246825737740533","ascension_level":0,"is_trial":false}