{"gold_per_floor":[110,90,110,110,124,124,49,49,49,75,45,45,68,68,68,172,172,155,65,65,78,91,91,108,108,185,185,110,123,123,142,142,239,239,257,54,54,73,88,88,102,102,102,102,117,117,133,133],"floor_reached":48,"playtime":3963,"items_purged":[],"score":530,"play_id":"54609a4f-a279-4f01-8e7a-a52888069db6","local_time":"20181227015829","is_ascension_mode":false,"campfire_choices":[{"data":"Noxious Fumes","floor":6,"key":"SMITH"},{"data":"Noxious Fumes","floor":8,"key":"SMITH"},{"data":"Outmaneuver","floor":12,"key":"SMITH"},{"data":"Blur","floor":15,"key":"SMITH"},{"data":"Blur","floor":23,"key":"SMITH"},{"data":"Backflip","floor":25,"key":"SMITH"},{"data":"Tools of the Trade","floor":27,"key":"SMITH"},{"data":"Prepared","floor":32,"key":"SMITH"},{"data":"Catalyst","floor":40,"key":"SMITH"},{"floor":42,"key":"RECALL"}],"neow_cost":"NONE","seed_source_timestamp":376724808066051,"circlet_count":0,"master_deck":["Defend_G","Defend_G","Defend_G","Survivor+1","Neutralize+1","Noxious Fumes+1","PiercingWail+1","Outmaneuver+1","Noxious Fumes+1","Blur+1","Blur+1","Die Die Die","Tools of the Trade+1","Distraction+1","Sucker Punch+1","Night Terror+1","Escape Plan","PiercingWail","Backflip+1","Prepared+1","A Thousand Cuts","Backflip+1","Madness","Caltrops+1","Catalyst+1","Deadly Poison+1","Poisoned Stab+1"],"relics":["Ring of the Snake","Centennial Puzzle","Darkstone Periapt","Odd Mushroom","Astrolabe","Question Card","Sundial","Velvet Choker","TwistedFunnel"],"potions_floor_usage":[10,10,18,29,48,48],"damage_taken":[{"damage":0,"enemies":"2 Louse","floor":1,"turns":4},{"damage":0,"enemies":"Cultist","floor":3,"turns":5},{"damage":2,"enemies":"Small Slimes","floor":5,"turns":4},{"damage":16,"enemies":"3 Sentries","floor":10,"turns":6},{"damage":0,"enemies":"Looter","floor":11,"turns":4},{"damage":4,"enemies":"The Mushroom Lair","floor":13,"turns":5},{"damage":1,"enemies":"Slime Boss","floor":16,"turns":11},{"damage":0,"enemies":"2 Thieves","floor":18,"turns":5},{"damage":0,"enemies":"Chosen","floor":21,"turns":6},{"damage":18,"enemies":"3 Cultists","floor":22,"turns":6},{"damage":3,"enemies":"Centurion and Healer","floor":24,"turns":11},{"damage":0,"enemies":"Snake Plant","floor":29,"turns":6},{"damage":0,"enemies":"Cultist and Chosen","floor":31,"turns":8},{"damage":0,"enemies":"Champ","floor":33,"turns":19},{"damage":7,"enemies":"Orb Walker","floor":35,"turns":5},{"damage":0,"enemies":"3 Shapes","floor":38,"turns":7},{"damage":8,"enemies":"Maw","floor":39,"turns":9},{"damage":13,"enemies":"4 Shapes","floor":41,"turns":4},{"damage":0,"enemies":"Jaw Worm Horde","floor":45,"turns":5},{"damage":8,"enemies":"Transient","floor":47,"turns":5},{"damage":42,"enemies":"Reptomancer","floor":48,"turns":7}],"seed_played":"-4698396847384457004","potions_obtained":[{"floor":1,"key":"GhostInAJar"},{"floor":2,"key":"Explosive Potion"},{"floor":3,"key":"Strength Potion"},{"floor":16,"key":"Block Potion"},{"floor":22,"key":"SteroidPotion"},{"floor":24,"key":"Block Potion"},{"floor":31,"key":"Ancient Potion"},{"floor":39,"key":"Swift Potion"}],"is_trial":false,"path_per_floor":["M","?","M","?","M","R","$","R","T","E","M","R","?","?","R","B",null,"M","?","$","M","M","R","M","R","T","R","?","M","T","M","R","B",null,"M","$","?","M","M","R","M","R","T","?","M","?","M","E"],"character_chosen":"THE_SILENT","items_purchased":["Noxious Fumes","TwistedFunnel"],"campfire_rested":0,"item_purchase_floors":[7,36],"current_hp_per_floor":[77,77,77,62,60,60,60,60,60,44,44,44,40,40,40,39,77,77,77,77,77,59,59,56,56,56,56,56,56,56,56,56,56,77,70,70,70,70,62,62,49,49,49,49,49,49,41,0],"gold":133,"neow_bonus":"TEN_PERCENT_HP_BONUS","is_prod":false,"is_daily":false,"chose_seed":false,"campfire_upgraded":9,"win_rate":0,"timestamp":1545872309,"path_taken":["M","?","?","?","M","R","$","R","T","E","M","R","?","?","R","BOSS","M","?","?","M","M","R","M","R","T","R","?","?","?","?","R","BOSS","M","$","?","M","M","R","M","R","T","?","?","?","M","E"],"build_version":"2018-12-20","purchased_purges":0,"victory":false,"max_hp_per_floor":[77,77,77,77,77,77,77,77,77,77,77,77,77,77,77,77,77,77,77,77,77,77,77,77,77,77,77,77,77,77,77,77,77,77,77,77,77,77,77,77,77,77,77,77,77,77,77,77],"card_choices":[{"not_picked":["Flying Knee","Dodge and Roll"],"picked":"Noxious Fumes","floor":1},{"not_picked":["Slice","All Out Attack"],"picked":"PiercingWail","floor":3},{"not_picked":["Reflex","Flying Knee"],"picked":"Outmaneuver","floor":5},{"not_picked":["Well Laid Plans","PiercingWail"],"picked":"Blur","floor":10},{"not_picked":["Calculated Gamble","Sucker Punch"],"picked":"Blur","floor":11},{"not_picked":["Well Laid Plans","Quick Slash"],"picked":"Die Die Die","floor":13},{"not_picked":["Corpse Explosion","Phantasmal Killer"],"picked":"Tools of the Trade","floor":16},{"not_picked":["Blur","Underhanded Strike"],"picked":"Escape Plan","floor":18},{"not_picked":["Dagger Spray","Underhanded Strike","Endless Agony"],"picked":"SKIP","floor":21},{"not_picked":["Bane","Underhanded Strike"],"picked":"PiercingWail","floor":22},{"not_picked":["Tactician","Bouncing Flask+1"],"picked":"Backflip","floor":24},{"not_picked":["Finisher","Flying Knee","Dagger Spray"],"picked":"Prepared","floor":29},{"not_picked":["Terror+1","Dodge and Roll","Quick Slash+1","Backstab"],"picked":"SKIP","floor":31},{"not_picked":["Night Terror","Unload","Storm of Steel"],"picked":"A Thousand Cuts","floor":33},{"not_picked":["Deflect","Quick Slash","Backstab"],"picked":"Backflip+1","floor":35},{"not_picked":["HandOfGreed","Dramatic Entrance","Bandage Up"],"picked":"Madness","floor":37},{"not_picked":["Prepared+1","Blade Dance+1","Underhanded Strike+1"],"picked":"Caltrops+1","floor":38},{"not_picked":["Slice+1","Eviscerate+1","Flying Knee+1"],"picked":"Catalyst","floor":39},{"not_picked":["Well Laid Plans+1","Expertise+1","Distraction"],"picked":"Deadly Poison+1","floor":41},{"not_picked":["Deadly Poison","Backflip","Quick Slash","Well Laid Plans+1"],"picked":"SKIP","floor":45},{"not_picked":["Well Laid Plans+1","Quick Slash+1","Caltrops+1"],"picked":"Poisoned Stab+1","floor":47}],"player_experience":110432,"relics_obtained":[{"floor":9,"key":"Centennial Puzzle"},{"floor":10,"key":"Darkstone Periapt"},{"floor":13,"key":"Odd Mushroom"},{"floor":26,"key":"Question Card"},{"floor":30,"key":"Sundial"}],"event_choices":[{"damage_healed":0,"gold_gain":0,"player_choice":"Bought 1 Potion","damage_taken":0,"max_hp_gain":0,"max_hp_loss":0,"event_name":"The Woman in Blue","floor":2,"gold_loss":0},{"damage_healed":0,"gold_gain":0,"player_choice":"Entered Light","damage_taken":15,"max_hp_gain":0,"max_hp_loss":0,"event_name":"Shining Light","floor":4,"gold_loss":0,"cards_upgraded":["PiercingWail","Neutralize"]},{"damage_healed":0,"gold_gain":0,"player_choice":"Fought Mushrooms","damage_taken":0,"max_hp_gain":0,"max_hp_loss":0,"event_name":"Mushrooms","floor":13,"gold_loss":0},{"cards_removed":["Strike_G"],"damage_healed":0,"gold_gain":0,"player_choice":"Offered Basic","damage_taken":0,"max_hp_gain":0,"max_hp_loss":0,"event_name":"Bonfire Elementals","floor":14,"gold_loss":0},{"cards_removed":["Strike_G"],"damage_healed":0,"gold_gain":0,"player_choice":"Upgrade and Remove","damage_taken":0,"max_hp_gain":0,"max_hp_loss":0,"event_name":"Designer","floor":19,"gold_loss":90,"cards_upgraded":["Survivor"]},{"cards_removed":["Defend_G"],"damage_healed":0,"gold_gain":0,"player_choice":"Gave Gold","damage_taken":0,"max_hp_gain":0,"max_hp_loss":0,"event_name":"Beggar","floor":28,"gold_loss":75},{"damage_healed":0,"gold_gain":0,"player_choice":"Memory 1","damage_taken":0,"max_hp_gain":0,"max_hp_loss":0,"event_name":"SensoryStone","floor":37,"gold_loss":0},{"damage_healed":0,"gold_gain":0,"player_choice":"Ignored","damage_taken":0,"max_hp_gain":0,"max_hp_loss":0,"event_name":"Mysterious Sphere","floor":44,"gold_loss":0},{"cards_removed":["Defend_G"],"damage_healed":0,"gold_gain":0,"player_choice":"Removed Skill","damage_taken":0,"max_hp_gain":0,"max_hp_loss":0,"event_name":"Falling","floor":46,"gold_loss":0}],"is_beta":false,"boss_relics":[{"not_picked":["WristBlade","Philosopher\u0027s Stone"],"picked":"Astrolabe"},{"not_picked":["Empty Cage","Pandora\u0027s Box"],"picked":"Velvet Choker"}],"items_purged_floors":[],"is_endless":false,"potions_floor_spawned":[1,3,16,22,24,31,39],"killed_by":"Reptomancer","ascension_level":0}