{"path_per_floor":["M","?","M","M","?","R","M","M","T","R","$","E","R","M","R","B",null,"M","?","$","M","M","R","M","M","T","R","M","M","R","M","R","B",null,"M","$","M","?","?","E","R","?","T","M","M","R","M","$","R","B"],"character_chosen":"IRONCLAD","items_purchased":["Shrug It Off","Enlightenment","Mummified Hand","Trip"],"gold_per_floor":[14,14,30,47,47,47,63,80,131,131,56,82,82,101,101,202,202,214,214,64,77,87,87,106,121,147,147,157,176,176,193,193,298,298,308,3,18,18,118,446,446,446,469,486,499,499,510,21,21,21],"floor_reached":51,"campfire_rested":0,"playtime":2083,"current_hp_per_floor":[80,80,80,80,80,80,76,80,80,80,80,78,78,80,80,51,80,79,79,79,80,75,75,77,78,78,78,70,64,64,70,70,76,80,80,80,80,70,70,72,72,72,72,74,70,70,76,76,76,73],"items_purged":["Strike_R","Strike_R","Injury","Decay"],"gold":21,"score":808,"play_id":"20f3c789-0d5d-42d1-bb32-a2cf6eed1ea9","local_time":"20180331000008","is_prod":false,"is_daily":false,"is_ascension_mode":false,"campfire_upgraded":11,"timestamp":1522447208,"path_taken":["M","?","M","?","?","R","M","M","T","R","$","E","R","?","R","BOSS","M","?","$","M","?","R","M","M","T","R","M","M","R","M","R","BOSS","M","$","M","?","?","E","R","?","T","M","M","R","M","$","R","BOSS"],"build_version":"2018-03-29v2","purchased_purges":4,"victory":true,"master_deck":["Defend_R","Defend_R","Defend_R","Defend_R+1","Bash","Barricade+1","Spot Weakness+1","Power Through","Shockwave+1","Sword Boomerang+1","Rampage+1","Twin Strike","Demon Form+1","Shrug It Off+1","Body Slam+1","Entrench+1","Battle Trance","Offering+1","Enlightenment","Body Slam+1","Madness","Madness+1","Shrug It Off","Shrug It Off+1","Trip"],"max_hp_per_floor":[80,80,80,80,80,80,80,80,80,80,80,80,80,80,80,80,80,80,80,80,80,80,80,80,80,80,80,80,80,80,80,80,80,80,80,80,80,80,80,80,80,80,80,80,80,80,80,80,80,80],"relics":["Burning Blood","War Paint","Art of War","Cursed Key","Pen Nib","Black Star","Du-Vu Doll","Old Coin","Juzu Bracelet","Mummified Hand"],"card_choices":[{"not_picked":["Body Slam","Searing Blow"],"picked":"Barricade","floor":1},{"not_picked":["Reckless Charge","Clothesline"],"picked":"Power Through","floor":3},{"not_picked":["Clash","Burning Pact"],"picked":"Shockwave","floor":4},{"not_picked":["Anger","Shockwave"],"picked":"Sword Boomerang","floor":7},{"not_picked":["Dropkick","Perfected Strike"],"picked":"Rampage","floor":8},{"not_picked":["Sword Boomerang","Clash"],"picked":"Twin Strike","floor":14},{"not_picked":["Immolate","Limit Break"],"picked":"Demon Form","floor":16},{"not_picked":["Carnage","Hemokinesis"],"picked":"Body Slam","floor":24},{"not_picked":["Clash","Flex"],"picked":"Entrench","floor":28},{"not_picked":["Twin Strike","Clash"],"picked":"Battle Trance","floor":31},{"not_picked":["Fiend Fire","Dark Embrace"],"picked":"Offering","floor":33},{"not_picked":["Flex","Armaments"],"picked":"Body Slam","floor":37},{"not_picked":["Clash","Havoc"],"picked":"Shrug It Off","floor":44}],"player_experience":240810,"potions_floor_usage":[7,12,16,22,25,28,33,50,50,50],"damage_taken":[{"damage":2,"enemies":"Small Slimes","floor":1,"turns":6},{"damage":1,"enemies":"Cultist","floor":3,"turns":3},{"damage":2,"enemies":"Jaw Worm","floor":4,"turns":4},{"damage":10,"enemies":"Gremlin Gang","floor":7,"turns":7},{"damage":2,"enemies":"Large Slime","floor":8,"turns":7},{"damage":8,"enemies":"Gremlin Nob","floor":12,"turns":4},{"damage":4,"enemies":"2 Fungi Beasts","floor":14,"turns":3},{"damage":35,"enemies":"Slime Boss","floor":16,"turns":12},{"damage":7,"enemies":"Shell Parasite","floor":18,"turns":5},{"damage":1,"enemies":"Spheric Guardian","floor":21,"turns":5},{"damage":11,"enemies":"3 Cultists","floor":22,"turns":5},{"damage":4,"enemies":"Chosen and Byrds","floor":24,"turns":5},{"damage":5,"enemies":"Snecko","floor":25,"turns":5},{"damage":19,"enemies":"3 Cultists","floor":28,"turns":4},{"damage":12,"enemies":"Sentry and Sphere","floor":29,"turns":5},{"damage":0,"enemies":"Centurion and Healer","floor":31,"turns":5},{"damage":0,"enemies":"Champ","floor":33,"turns":9},{"damage":4,"enemies":"3 Darklings","floor":35,"turns":5},{"damage":4,"enemies":"Orb Walker","floor":37,"turns":4},{"damage":4,"enemies":"Giant Head","floor":40,"turns":5},{"damage":4,"enemies":"4 Shapes","floor":44,"turns":11},{"damage":10,"enemies":"Sphere and 2 Shapes","floor":45,"turns":4},{"damage":0,"enemies":"3 Darklings","floor":47,"turns":5},{"damage":24,"enemies":"Time Eater","floor":50,"turns":10}],"event_choices":[{"event_name":"Match and Keep!","player_choice":"2 cards matched","floor":2,"damage_taken":0},{"event_name":"Bonfire Elementals","player_choice":"BASIC","floor":5,"damage_taken":0},{"event_name":"Back to Basics","player_choice":"Elegance","floor":19,"damage_taken":0},{"event_name":"Winding Halls","player_choice":"Embrace Madness","floor":38,"damage_taken":0},{"event_name":"Golden Shrine","player_choice":"Pray","floor":39,"damage_taken":0},{"event_name":"Match and Keep!","player_choice":"1 cards matched","floor":42,"damage_taken":0}],"boss_relics":[{"not_picked":["Philosopher\u0027s Stone","Tiny House"],"picked":"Cursed Key"},{"not_picked":["Runic Cube","Pandora\u0027s Box"],"picked":"Black Star"}],"potions_floor_spawned":[3,4,7,16,21,24,25,29,37,44,45],"seed_played":"-2136787908404607369","ascension_level":0,"is_trial":false}