{"path_per_floor":["M","?","M","?","?","R","E","M","T","$","R","M","?","E","R","B",null,"M","M","M","?","?"],"character_chosen":"THE_SILENT","items_purchased":["Accuracy"],"gold_per_floor":[110,110,127,127,127,127,161,181,261,189,189,208,178,205,205,307,307,319,332,343,343,343],"floor_reached":23,"campfire_rested":2,"playtime":2149,"current_hp_per_floor":[73,73,73,73,73,73,44,44,44,44,67,64,64,58,77,44,77,70,62,33,38,38],"items_purged":[],"gold":343,"score":199,"play_id":"d8bec679-5fc6-4c28-b0ae-ca7a69bac969","local_time":"20180320190858","is_prod":false,"is_daily":false,"is_ascension_mode":false,"campfire_upgraded":1,"timestamp":1521569338,"path_taken":["M","?","M","?","?","R","E","M","T","$","R","?","?","E","R","BOSS","M","M","M","?","?","E"],"build_version":"2018-03-15v3","purchased_purges":1,"victory":false,"master_deck":["Defend_G","Defend_G","Defend_G","Defend_G","Defend_G","Strike_G","Strike_G","Strike_G","Strike_G","Strike_G","Survivor","Neutralize+1","Noxious Fumes+1","Blur","Blur","Accuracy","Slice","Bane","Storm of Steel","Backflip","Bane","Catalyst+1"],"max_hp_per_floor":[77,77,77,77,77,77,77,77,77,77,77,77,77,77,77,77,77,77,77,77,77,77],"relics":["Ring of the Snake","Bronze Scales","Smiling Mask","Prayer Wheel","Snecko Eye"],"card_choices":[{"not_picked":["Cloak And Dagger","Catalyst"],"picked":"Noxious Fumes"},{"not_picked":["Terror","Endless Agony"],"picked":"Backflip"},{"not_picked":["Underhanded Strike","Outmaneuver"],"picked":"Blur"},{"not_picked":["Unload","Underhanded Strike"],"picked":"Blur"},{"not_picked":["Outmaneuver","Terror"],"picked":"Slice"},{"not_picked":["Setup","Well Laid Plans"],"picked":"Bane"},{"not_picked":["After Image","Bullet Time"],"picked":"Storm of Steel"},{"not_picked":["Bane","Malaise"],"picked":"Backflip"},{"not_picked":["Quick Slash","Outmaneuver"],"picked":"Bane"},{"not_picked":["Escape Plan","Deadly Poison"],"picked":"Catalyst"}],"player_experience":227424,"potions_floor_usage":[7,16,16,23,23],"damage_taken":[{"damage":4,"enemies":"Jaw Worm","floor":1,"turns":6},{"damage":0,"enemies":"Small Slimes","floor":3,"turns":4},{"damage":29,"enemies":"Gremlin Nob","floor":7,"turns":5},{"damage":0,"enemies":"Cultist","floor":8,"turns":4},{"damage":3,"enemies":"Exordium Wildlife","floor":12,"turns":5},{"damage":6,"enemies":"Lagavulin","floor":14,"turns":8},{"damage":33,"enemies":"Slime Boss","floor":16,"turns":12},{"damage":7,"enemies":"3 Byrds","floor":18,"turns":3},{"damage":8,"enemies":"Shell Parasite","floor":19,"turns":4},{"damage":29,"enemies":"Centurion and Healer","floor":20,"turns":8},{"damage":38,"enemies":"Gremlin Leader","floor":23,"turns":7}],"event_choices":[{"event_name":"Golden Wing","player_choice":"Ignored","floor":2,"damage_taken":0},{"event_name":"The Cleric","player_choice":"Leave","floor":4,"damage_taken":0},{"event_name":"Living Wall","player_choice":"Grow","floor":5,"damage_taken":0},{"event_name":"The Woman in Blue","player_choice":"Bought 2 Potions","floor":13,"damage_taken":0},{"event_name":"Bonfire Elementals","player_choice":"COMMON","floor":21,"damage_taken":0},{"event_name":"Beggar","player_choice":"Ignored","floor":22,"damage_taken":0}],"boss_relics":[{"not_picked":["Runic Dome","Tiny House"],"picked":"Snecko Eye"}],"potions_floor_spawned":[3,8,14,16,20],"seed_played":"-8762185764299479384","killed_by":"Gremlin Leader","ascension_level":0,"is_trial":false}