{"gold_per_floor":[116,191,42,42,62,62,32,32,32,50,79,79,79,79,79,179,179,189,205,205,205,225,225,245,260,260,276,276,293,311,21,21,126,126,142,142,159,176,187,217,217,217,217,217,77,92,92,110,110,110],"floor_reached":50,"playtime":2876,"items_purged":["Strike_G","Strike_G","Strike_G"],"score":574,"play_id":"320104ad-fd33-4416-b647-7ae3436d9f19","local_time":"20181016173053","is_ascension_mode":false,"campfire_choices":[{"data":"Outmaneuver","floor":6,"key":"SMITH"},{"data":"Catalyst","floor":8,"key":"SMITH"},{"data":"Neutralize","floor":12,"key":"SMITH"},{"data":"Die Die Die","floor":15,"key":"SMITH"},{"data":"A Thousand Cuts","floor":23,"key":"SMITH"},{"data":"Catalyst","floor":28,"key":"SMITH"},{"floor":32,"key":"REST"},{"floor":42,"key":"REST"},{"data":"Madness","floor":44,"key":"SMITH"},{"floor":49,"key":"REST"}],"neow_cost":"NONE","seed_source_timestamp":429524752287006,"circlet_count":0,"master_deck":["Defend_G","Defend_G","Defend_G","Strike_G","Strike_G","Survivor","Neutralize+1","Catalyst+1","Bouncing Flask+1","Outmaneuver+1","Calculated Gamble","Bane","Die Die Die+1","A Thousand Cuts+1","Slice","Slice","Bane","Poisoned Stab","Catalyst+1","Parasite","Escape Plan","Poisoned Stab","Calculated Gamble+1","Crippling Poison","Dagger Throw+1","Madness","Madness+1","All Out Attack+1","Decay"],"relics":["Ring of the Snake","NeowsBlessing","Meat on the Bone","Vajra","Cursed Key","Dream Catcher","Membership Card","Busted Crown","FossilizedHelix","Incense Burner","Happy Flower","Snake Skull"],"potions_floor_usage":[11,16,16,16,17,19,22,27,33,38,38,39],"damage_taken":[{"damage":0,"enemies":"2 Louse","floor":1,"turns":2},{"damage":0,"enemies":"Small Slimes","floor":5,"turns":1},{"damage":0,"enemies":"Jaw Worm","floor":10,"turns":1},{"damage":0,"enemies":"Gremlin Nob","floor":11,"turns":3},{"damage":10,"enemies":"Hexaghost","floor":16,"turns":5},{"damage":6,"enemies":"Chosen","floor":18,"turns":2},{"damage":12,"enemies":"2 Thieves","floor":19,"turns":2},{"damage":17,"enemies":"Centurion and Healer","floor":22,"turns":4},{"damage":13,"enemies":"Snake Plant","floor":24,"turns":3},{"damage":20,"enemies":"Sentry and Sphere","floor":25,"turns":4},{"damage":0,"enemies":"Cultist and Chosen","floor":27,"turns":4},{"damage":22,"enemies":"Snake Plant","floor":29,"turns":4},{"damage":12,"enemies":"3 Cultists","floor":30,"turns":4},{"damage":27,"enemies":"Collector","floor":33,"turns":3},{"damage":5,"enemies":"Orb Walker","floor":35,"turns":2},{"damage":0,"enemies":"Mind Bloom Boss Battle","floor":36,"turns":2},{"damage":20,"enemies":"3 Darklings","floor":37,"turns":4},{"damage":25,"enemies":"Reptomancer","floor":38,"turns":4},{"damage":26,"enemies":"Spire Growth","floor":39,"turns":3},{"damage":0,"enemies":"Nemesis","floor":40,"turns":3},{"damage":26,"enemies":"Sphere and 2 Shapes","floor":46,"turns":5},{"damage":10,"enemies":"Maw","floor":48,"turns":7},{"damage":70,"enemies":"Donu and Deca","floor":50,"turns":4}],"seed_played":"7807374038164186832","potions_obtained":[{"floor":1,"key":"Block Potion"},{"floor":7,"key":"Block Potion"},{"floor":7,"key":"Dexterity Potion"},{"floor":10,"key":"Swift Potion"},{"floor":11,"key":"Explosive Potion"},{"floor":16,"key":"Fruit Juice"},{"floor":18,"key":"Swift Potion"},{"floor":19,"key":"Swift Potion"},{"floor":24,"key":"Energy Potion"},{"floor":30,"key":"Poison Potion"},{"floor":36,"key":"Energy Potion"},{"floor":37,"key":"FearPotion"},{"floor":38,"key":"SkillPotion"}],"is_trial":false,"path_per_floor":["M","?","$","?","M","R","?","R","T","M","E","R","?","$","R","B",null,"M","M","?","?","M","R","M","M","T","M","R","M","M","$","R","B",null,"M","?","M","M","M","E","?","R","T","R","$","M","?","M","R"],"character_chosen":"THE_SILENT","items_purchased":["Bouncing Flask","Membership Card","Crippling Poison","Snake Skull"],"campfire_rested":3,"item_purchase_floors":[3,31,31,45],"current_hp_per_floor":[70,59,59,59,59,59,59,59,59,59,59,59,59,59,59,49,75,69,57,57,50,45,45,44,36,36,48,48,38,38,38,60,45,75,70,70,50,37,23,35,26,48,48,48,48,34,34,36,58,0],"gold":110,"neow_bonus":"THREE_ENEMY_KILL","is_prod":false,"is_daily":false,"chose_seed":false,"campfire_upgraded":7,"win_rate":0.0,"timestamp":1539664253,"path_taken":["M","?","$","?","?","R","?","R","T","M","E","R","?","?","R","BOSS","M","M","?","?","M","R","M","M","T","?","R","M","M","$","R","BOSS","M","?","M","M","?","E","?","R","T","R","?","M","?","?","R","BOSS"],"build_version":"2018-10-11","purchased_purges":3,"victory":false,"max_hp_per_floor":[70,70,70,70,70,70,70,70,70,70,70,70,70,70,70,70,75,75,75,75,75,75,75,75,75,75,75,75,75,75,75,75,75,75,75,75,75,75,75,75,75,75,75,75,75,75,75,75,75,75],"card_choices":[{"not_picked":["Outmaneuver","Calculated Gamble"],"picked":"Catalyst","floor":1},{"not_picked":["Dodge and Roll","PiercingWail"],"picked":"Outmaneuver","floor":5},{"not_picked":["Backstab","Footwork"],"picked":"Calculated Gamble","floor":10},{"not_picked":["Tools of the Trade","Footwork"],"picked":"Bane","floor":11},{"not_picked":["Bullet Time","Adrenaline"],"picked":"A Thousand Cuts","floor":16},{"not_picked":["Acrobatics","All Out Attack"],"picked":"Slice","floor":18},{"not_picked":["Accuracy","Acrobatics"],"picked":"Slice","floor":19},{"not_picked":["Prepared+1","Flying Knee"],"picked":"Bane","floor":22},{"not_picked":["Accuracy","Dagger Spray"],"picked":"Poisoned Stab","floor":24},{"not_picked":["Infinite Blades","Flying Knee"],"picked":"Catalyst","floor":25},{"not_picked":["Flechettes","Underhanded Strike"],"picked":"Escape Plan","floor":27},{"not_picked":["Dash","Leg Sweep"],"picked":"Poisoned Stab","floor":29},{"not_picked":["Acrobatics","Masterful Stab+1"],"picked":"Calculated Gamble+1","floor":30},{"not_picked":["Blade Dance"],"picked":"SKIP","floor":35},{"not_picked":[],"picked":"Dagger Throw+1","floor":37},{"not_picked":["Deflect"],"picked":"SKIP","floor":38},{"not_picked":["Quick Slash"],"picked":"SKIP","floor":39},{"not_picked":[],"picked":"Outmaneuver+1","floor":40},{"not_picked":[],"picked":"All Out Attack+1","floor":42},{"not_picked":["After Image"],"picked":"SKIP","floor":46},{"not_picked":["Prepared"],"picked":"SKIP","floor":48}],"player_experience":79991,"relics_obtained":[{"floor":9,"key":"Meat on the Bone"},{"floor":11,"key":"Vajra"},{"floor":26,"key":"Dream Catcher"},{"floor":36,"key":"FossilizedHelix"},{"floor":40,"key":"Incense Burner"},{"floor":43,"key":"Happy Flower"}],"event_choices":[{"event_name":"World of Goop","player_choice":"Gather Gold","floor":2,"damage_taken":0},{"event_name":"Upgrade Shrine","player_choice":"Upgraded","floor":4,"damage_taken":0},{"event_name":"The Woman in Blue","player_choice":"Bought 2 Potions","floor":7,"damage_taken":0},{"event_name":"Living Wall","player_choice":"Change","floor":13,"damage_taken":0},{"event_name":"Back to Basics","player_choice":"Elegance","floor":20,"damage_taken":0},{"event_name":"Wheel of Change","player_choice":"Damage","floor":21,"damage_taken":0},{"event_name":"MindBloom","player_choice":"Fight","floor":36,"damage_taken":0},{"event_name":"Winding Halls","player_choice":"Embrace Madness","floor":41,"damage_taken":0},{"event_name":"Falling","player_choice":"Removed Skill","floor":47,"damage_taken":0}],"is_beta":false,"boss_relics":[{"not_picked":["Fusion Hammer","Velvet Choker"],"picked":"Cursed Key"},{"not_picked":["Runic Pyramid","HoveringKite"],"picked":"Busted Crown"}],"items_purged_floors":[3,31,45],"is_endless":false,"potions_floor_spawned":[1,10,11,16,18,19,24,30,36,37,38],"killed_by":"Donu and Deca","ascension_level":0}