{"gold_per_floor":[14,26,201,213,12,37,37,65,65,95,95,105,105,37,37,140,140,151,151,1,1,18,18,49,67,114,130,148,164,164,195,195,292,292,311,311,27,44,63,63,24,24,24,34,34,34,134,153,153,153],"floor_reached":51,"playtime":3202,"items_purged":["Doubt","Strike_G","Distraction"],"score":773,"play_id":"f54a4965-56a0-4a13-b846-2aea994b4226","local_time":"20190201174354","is_ascension_mode":true,"campfire_choices":[{"floor":7,"key":"REST"},{"data":"Wraith Form v2","floor":11,"key":"SMITH"},{"floor":13,"key":"REST"},{"data":"Bouncing Flask","floor":15,"key":"SMITH"},{"data":"Noxious Fumes","floor":23,"key":"SMITH"},{"floor":30,"key":"REST"},{"floor":32,"key":"REST"},{"data":"Noxious Fumes","floor":40,"key":"SMITH"},{"data":"Catalyst","floor":42,"key":"SMITH"},{"floor":49,"key":"REST"}],"neow_cost":"NO_GOLD","seed_source_timestamp":756346067282100,"circlet_count":0,"master_deck":["Defend_G","Defend_G","Defend_G","Defend_G","Strike_G","Strike_G","Survivor","Neutralize","Bouncing Flask+1","Dagger Spray","Noxious Fumes+1","Noxious Fumes+1","Bane","Leg Sweep","Wraith Form v2+1","Noxious Fumes+1","Venomology","Deadly Poison","PiercingWail","Flying Knee","Caltrops+1","Bullet Time","PiercingWail","Burst","After Image","Cloak And Dagger+1","Catalyst+1","Parasite","Well Laid Plans"],"relics":["Ring of the Snake","Bottled Flame","Bottled Tornado","Darkstone Periapt","Art of War","Eternal Feather","Ancient Tea Set","Potion Belt","Matryoshka","Regal Pillow","Sundial"],"potions_floor_usage":[6,8,10,16,24,24,25,25,27,27,27,29,29,33,33,35,38,39,39,50,50,50],"damage_taken":[{"damage":5,"enemies":"Jaw Worm","floor":1,"turns":6},{"damage":6,"enemies":"2 Louse","floor":2,"turns":2},{"damage":5,"enemies":"Small Slimes","floor":4,"turns":3},{"damage":29,"enemies":"3 Sentries","floor":6,"turns":5},{"damage":15,"enemies":"Gremlin Nob","floor":8,"turns":4},{"damage":9,"enemies":"3 Sentries","floor":10,"turns":5},{"damage":2,"enemies":"Exordium Thugs","floor":12,"turns":5},{"damage":3,"enemies":"Hexaghost","floor":16,"turns":8},{"damage":7,"enemies":"Spheric Guardian","floor":18,"turns":5},{"damage":6,"enemies":"Shell Parasite","floor":22,"turns":7},{"damage":27,"enemies":"Gremlin Leader","floor":24,"turns":7},{"damage":1,"enemies":"Snecko","floor":25,"turns":5},{"damage":24,"enemies":"Centurion and Healer","floor":27,"turns":5},{"damage":3,"enemies":"Cultist and Chosen","floor":28,"turns":6},{"damage":0,"enemies":"Snecko","floor":29,"turns":5},{"damage":31,"enemies":"Slavers","floor":31,"turns":4},{"damage":38,"enemies":"Champ","floor":33,"turns":11},{"damage":11,"enemies":"Orb Walker","floor":35,"turns":6},{"damage":2,"enemies":"3 Shapes","floor":38,"turns":4},{"damage":19,"enemies":"3 Darklings","floor":39,"turns":5},{"damage":64,"enemies":"Transient","floor":44,"turns":5},{"damage":0,"enemies":"Writhing Mass","floor":48,"turns":5},{"damage":51,"enemies":"Donu and Deca","floor":50,"turns":8}],"seed_played":"-8764419312944863820","potions_obtained":[{"floor":1,"key":"GamblersBrew"},{"floor":4,"key":"Weak Potion"},{"floor":8,"key":"Weak Potion"},{"floor":16,"key":"Swift Potion"},{"floor":24,"key":"AttackPotion"},{"floor":25,"key":"Fire Potion"},{"floor":28,"key":"PowerPotion"},{"floor":33,"key":"Block Potion"},{"floor":35,"key":"PowerPotion"},{"floor":38,"key":"LiquidBronze"},{"floor":48,"key":"Weak Potion"}],"is_trial":false,"path_per_floor":["M","M","?","M","$","E","R","E","T","E","R","M","R","$","R","B",null,"M","?","$","?","M","R","E","M","T","M","M","M","R","E","R","B",null,"M","?","$","M","M","R","$","R","T","M","?","$","?","M","R","B",null],"character_chosen":"THE_SILENT","items_purchased":["Noxious Fumes","AttackPotion","Noxious Fumes","PiercingWail","After Image","Catalyst"],"campfire_rested":5,"item_purchase_floors":[5,5,14,20,37,41],"current_hp_per_floor":[65,59,59,54,54,25,46,31,31,22,22,20,41,41,41,38,70,63,63,63,56,50,62,35,34,34,10,7,7,43,12,48,10,70,59,59,59,57,38,53,53,68,68,4,4,4,4,10,62,11],"gold":153,"neow_bonus":"REMOVE_TWO","is_prod":false,"is_daily":false,"chose_seed":false,"campfire_upgraded":5,"win_rate":0,"timestamp":1549043034,"path_taken":["M","M","?","M","$","E","R","E","T","E","R","M","R","$","R","BOSS","M","?","$","?","M","R","E","M","T","M","?","M","R","E","R","BOSS","M","?","$","M","?","R","$","R","T","?","?","$","?","M","R","BOSS"],"build_version":"2019-01-23","purchased_purges":3,"victory":true,"max_hp_per_floor":[70,70,70,70,70,70,70,70,70,70,70,70,70,70,70,70,70,70,70,70,70,70,70,70,70,70,70,70,70,70,70,70,70,70,70,70,70,70,70,70,70,70,70,70,70,70,70,76,76,76],"card_choices":[{"not_picked":["Quick Slash","Finisher"],"picked":"Bouncing Flask","floor":1},{"not_picked":["Deadly Poison","Poisoned Stab"],"picked":"Dagger Spray","floor":2},{"not_picked":["Dagger Spray","Quick Slash"],"picked":"Noxious Fumes","floor":4},{"not_picked":["Outmaneuver","Underhanded Strike"],"picked":"Bane","floor":6},{"not_picked":["Bullet Time","Blade Dance"],"picked":"Leg Sweep","floor":8},{"not_picked":["Unload","Leg Sweep"],"picked":"Wraith Form v2","floor":10},{"not_picked":["Finisher","Dodge and Roll"],"picked":"Distraction","floor":12},{"not_picked":["Die Die Die","Night Terror"],"picked":"Venomology","floor":16},{"not_picked":["Outmaneuver+1","Poisoned Stab"],"picked":"Deadly Poison","floor":18},{"not_picked":["Deadly Poison+1","Dodge and Roll"],"picked":"Flying Knee","floor":22},{"not_picked":["Dagger Throw","Concentrate"],"picked":"Caltrops+1","floor":24},{"not_picked":["Flying Knee","Concentrate","Outmaneuver"],"picked":"SKIP","floor":25},{"not_picked":["Underhanded Strike","Dagger Throw","Tactician"],"picked":"SKIP","floor":27},{"not_picked":["Endless Agony","Flying Knee"],"picked":"Bullet Time","floor":28},{"not_picked":["Backflip","Bouncing Flask"],"picked":"PiercingWail","floor":29},{"not_picked":["Heel Hook","Infinite Blades+1","Deadly Poison+1"],"picked":"SKIP","floor":31},{"not_picked":["Envenom","Night Terror"],"picked":"Burst","floor":33},{"not_picked":["Slice","Sucker Punch+1","Reflex+1"],"picked":"SKIP","floor":35},{"not_picked":["Flechettes+1","Acrobatics"],"picked":"Cloak And Dagger+1","floor":38},{"not_picked":["Setup+1","Footwork+1","Infinite Blades"],"picked":"SKIP","floor":39},{"not_picked":["Quick Slash+1","Bane+1","Expertise+1"],"picked":"SKIP","floor":44},{"not_picked":["Tactician","Deadly Poison"],"picked":"Well Laid Plans","floor":48}],"player_experience":229819,"relics_obtained":[{"floor":6,"key":"Bottled Flame"},{"floor":8,"key":"Bottled Tornado"},{"floor":9,"key":"Darkstone Periapt"},{"floor":10,"key":"Art of War"},{"floor":24,"key":"Ancient Tea Set"},{"floor":26,"key":"Potion Belt"},{"floor":31,"key":"Matryoshka"},{"floor":43,"key":"Regal Pillow"},{"floor":43,"key":"Sundial"}],"event_choices":[{"damage_healed":0,"gold_gain":175,"player_choice":"AGREE","damage_taken":0,"max_hp_gain":0,"max_hp_loss":0,"event_name":"Liars Game","floor":3,"gold_loss":0,"cards_obtained":["Doubt"]},{"damage_healed":0,"gold_gain":0,"player_choice":"Ignored","damage_taken":0,"max_hp_gain":0,"max_hp_loss":0,"event_name":"Cursed Tome","floor":19,"gold_loss":0},{"damage_healed":0,"gold_gain":0,"player_choice":"Damaged","damage_taken":7,"max_hp_gain":0,"max_hp_loss":0,"event_name":"Wheel of Change","floor":21,"gold_loss":0},{"damage_healed":0,"gold_gain":0,"player_choice":"Upgraded","damage_taken":0,"max_hp_gain":0,"max_hp_loss":0,"event_name":"Upgrade Shrine","floor":36,"gold_loss":0,"cards_upgraded":["Noxious Fumes"]},{"cards_removed":["Strike_G"],"damage_healed":0,"gold_gain":0,"player_choice":"Removed Attack","damage_taken":0,"max_hp_gain":0,"max_hp_loss":0,"event_name":"Falling","floor":45,"gold_loss":0},{"damage_healed":0,"gold_gain":100,"player_choice":"Pray","damage_taken":0,"max_hp_gain":0,"max_hp_loss":0,"event_name":"Golden Shrine","floor":47,"gold_loss":0}],"is_beta":false,"boss_relics":[{"not_picked":["Astrolabe","Velvet Choker"],"picked":"Eternal Feather"},{"not_picked":["Coffee Dripper","Fusion Hammer","Sozu"]}],"items_purged_floors":[5,20,37],"is_endless":false,"potions_floor_spawned":[1,4,8,16,24,25,28,33,35,38,48],"ascension_level":2}