{"path_per_floor":["M","M","M","$","M","R","E","$","T","M","?","E","R","M","R","B",null,"M","M","$"],"character_chosen":"THE_SILENT","items_purchased":[],"gold_per_floor":[117,131,148,73,87,87,117,117,172,189,139,171,171,183,183,283,283,302,286,286,286],"floor_reached":21,"campfire_rested":1,"playtime":1514,"current_hp_per_floor":[70,70,70,70,62,62,53,53,53,53,53,21,21,13,34,32,70,69,65,65,0],"items_purged":["Strike_G"],"gold":286,"score":229,"play_id":"980a6600-6b91-4afe-a11e-07e1cb6df210","local_time":"20180404222948","is_prod":false,"is_daily":false,"is_ascension_mode":true,"campfire_upgraded":2,"timestamp":1522873788,"path_taken":["M","M","M","$","M","R","E","?","T","M","?","E","R","M","R","BOSS","M","M","$","M"],"build_version":"2018-03-29v2","purchased_purges":1,"victory":false,"master_deck":["Defend_G","Defend_G","Defend_G","Defend_G","Defend_G","Strike_G","Strike_G","Strike_G","Survivor","Neutralize","Doppelganger+1","Dodge and Roll","Backflip","Blade Dance","Footwork","Infinite Blades","Dodge and Roll","Leg Sweep","Accuracy+1","Adrenaline","PiercingWail+1"],"max_hp_per_floor":[70,70,70,70,70,70,70,70,70,70,70,70,70,70,70,70,70,70,70,70,70],"relics":["Orrery","Omamori","Ancient Tea Set","Bronze Scales","Cursed Key"],"card_choices":[{"not_picked":["Setup","Dodge and Roll"],"picked":"Doppelganger","floor":0},{"not_picked":["Underhanded Strike","Sucker Punch"],"picked":"Dodge and Roll","floor":0},{"not_picked":["Underhanded Strike","Bane"],"picked":"Backflip","floor":0},{"not_picked":["Backflip","Bane"],"picked":"Blade Dance","floor":0},{"not_picked":["Terror","Flechettes"],"picked":"Footwork","floor":1},{"not_picked":["Outmaneuver","Concentrate"],"picked":"Infinite Blades","floor":3},{"not_picked":["Prepared","Bane"],"picked":"Dodge and Roll","floor":5},{"not_picked":["Tactician","Skewer"],"picked":"Leg Sweep","floor":7},{"not_picked":["Backflip","All Out Attack"],"picked":"Accuracy","floor":12},{"not_picked":["Glass Knife","After Image"],"picked":"Adrenaline","floor":16},{"not_picked":["All Out Attack","Slice"],"picked":"PiercingWail","floor":19}],"player_experience":471374,"potions_floor_usage":[3,7,12,21],"damage_taken":[{"damage":0,"enemies":"Cultist","floor":1,"turns":5},{"damage":0,"enemies":"Jaw Worm","floor":2,"turns":6},{"damage":0,"enemies":"Small Slimes","floor":3,"turns":3},{"damage":8,"enemies":"Red Slaver","floor":5,"turns":8},{"damage":9,"enemies":"Lagavulin","floor":7,"turns":12},{"damage":0,"enemies":"Blue Slaver","floor":10,"turns":5},{"damage":32,"enemies":"Gremlin Nob","floor":12,"turns":7},{"damage":8,"enemies":"Lots of Slimes","floor":14,"turns":4},{"damage":2,"enemies":"Hexaghost","floor":16,"turns":11},{"damage":1,"enemies":"Shell Parasite","floor":18,"turns":6},{"damage":4,"enemies":"2 Thieves","floor":19,"turns":4},{"damage":67,"enemies":"Cultist and Chosen","floor":21,"turns":6}],"event_choices":[{"event_name":"The Cleric","player_choice":"Card Removal","floor":11,"damage_taken":0}],"boss_relics":[{"not_picked":["Calling Bell","Ectoplasm"],"picked":"Cursed Key"}],"potions_floor_spawned":[2,5,7,10,18],"seed_played":"7926767232606503570","killed_by":"Cultist and Chosen","ascension_level":4,"is_trial":false}