{"gold_per_floor":[115,40,40,52,65,91,91,120,120,133,133,146,146,98,98,196,246,261,2,2,2,19,19,44,18,44,73,73,73,84,84,84,184,184,199,218,18,18,35,35,35,35,84,84,184,184],"floor_reached":46,"playtime":2323,"items_purged":["Defend_G","Strike_G","Finisher"],"score":558,"play_id":"32ac8d01-a1fc-4a99-9524-046f7e163865","local_time":"20190201002131","is_ascension_mode":true,"campfire_choices":[{"data":"Bouncing Flask","floor":7,"key":"SMITH"},{"floor":15,"key":"REST"},{"data":"Noxious Fumes","floor":23,"key":"SMITH"},{"data":"Leg Sweep","floor":29,"key":"SMITH"},{"floor":32,"key":"REST"},{"floor":40,"key":"REST"},{"floor":44,"key":"REST"}],"neow_cost":"NONE","seed_source_timestamp":694693826220200,"circlet_count":0,"master_deck":["Defend_G","Defend_G+1","Defend_G","Survivor","Neutralize","Cloak And Dagger","Bouncing Flask+1","Deadly Poison","Noxious Fumes+1","PiercingWail","Adrenaline","Leg Sweep+1","Deadly Poison","Corpse Explosion","Dagger Spray","Heel Hook","Dodge and Roll","Noxious Fumes+1","Bite","Bite","Bite","Bite","Bite","Bullet Time","Acrobatics","Noxious Fumes+1","Dash","Writhe","Noxious Fumes","Bandage Up","Deadly Poison+1"],"relics":["Ring of the Snake","NeowsBlessing","Juzu Bracelet","Kunai","Art of War","Bronze Scales","Tiny House","Tingsha","Happy Flower","Ancient Tea Set","Lizard Tail","Bag of Marbles","Torii"],"potions_floor_usage":[6,10,27,27,27,30,35,46],"damage_taken":[{"damage":0,"enemies":"Small Slimes","floor":1,"turns":1},{"damage":0,"enemies":"Cultist","floor":4,"turns":1},{"damage":0,"enemies":"Jaw Worm","floor":5,"turns":1},{"damage":18,"enemies":"Lagavulin","floor":6,"turns":5},{"damage":30,"enemies":"Gremlin Nob","floor":8,"turns":4},{"damage":0,"enemies":"Gremlin Gang","floor":10,"turns":2},{"damage":12,"enemies":"Exordium Thugs","floor":12,"turns":4},{"damage":24,"enemies":"The Guardian","floor":16,"turns":8},{"damage":17,"enemies":"Shell Parasite","floor":18,"turns":6},{"damage":0,"enemies":"Spheric Guardian","floor":22,"turns":3},{"damage":5,"enemies":"Book of Stabbing","floor":24,"turns":6},{"damage":36,"enemies":"Slavers","floor":27,"turns":4},{"damage":21,"enemies":"Shelled Parasite and Fungi","floor":30,"turns":5},{"damage":37,"enemies":"Automaton","floor":33,"turns":9},{"damage":12,"enemies":"3 Shapes","floor":35,"turns":4},{"damage":39,"enemies":"3 Darklings","floor":36,"turns":3},{"damage":51,"enemies":"4 Shapes","floor":39,"turns":6},{"damage":6,"enemies":"Mind Bloom Boss Battle","floor":45,"turns":6},{"damage":60,"enemies":"Transient","floor":46,"turns":5}],"seed_played":"-3279922622358654236","potions_obtained":[{"floor":5,"key":"FearPotion"},{"floor":6,"key":"Explosive Potion"},{"floor":8,"key":"SteroidPotion"},{"floor":16,"key":"Regen Potion"},{"floor":17,"key":"Energy Potion"},{"floor":18,"key":"Weak Potion"},{"floor":27,"key":"SkillPotion"},{"floor":33,"key":"SkillPotion"},{"floor":39,"key":"GamblersBrew"}],"is_trial":false,"path_per_floor":["M","$","?","M","M","E","R","E","T","M","?","M","?","?","R","B",null,"M","$","?","?","M","R","E","$","T","E","?","R","M","?","R","B",null,"M","M","$","?","M","R","?","?","T","R","?","M"],"character_chosen":"THE_SILENT","items_purchased":["Corpse Explosion","Dodge and Roll","Dash"],"campfire_rested":4,"item_purchase_floors":[19,25,37],"current_hp_per_floor":[70,70,70,70,70,52,52,22,22,22,22,10,10,10,31,7,75,58,58,58,58,58,58,53,53,53,31,31,31,18,18,33,4,52,42,5,5,18,6,21,21,21,21,36,42,0],"gold":184,"neow_bonus":"THREE_ENEMY_KILL","is_prod":false,"is_daily":false,"chose_seed":false,"campfire_upgraded":3,"win_rate":0,"timestamp":1548980491,"path_taken":["M","$","?","M","?","E","R","E","T","M","?","M","?","?","R","BOSS","M","$","?","?","M","R","E","$","T","E","?","R","M","?","R","BOSS","M","M","$","?","M","R","?","?","T","R","?","M"],"build_version":"2019-01-23","purchased_purges":3,"victory":false,"max_hp_per_floor":[70,70,70,70,70,70,70,70,70,70,70,70,70,70,70,70,75,75,75,75,75,75,75,75,75,75,75,52,52,52,52,52,52,52,52,52,52,52,52,52,52,52,52,52,52,52],"card_choices":[{"not_picked":["Underhanded Strike","Quick Slash"],"picked":"Cloak And Dagger","floor":1},{"not_picked":["Slice","Cloak And Dagger"],"picked":"Bouncing Flask","floor":4},{"not_picked":["Calculated Gamble","Footwork"],"picked":"Finisher","floor":5},{"not_picked":["Underhanded Strike","Terror"],"picked":"Deadly Poison","floor":6},{"not_picked":["Skewer","Bouncing Flask"],"picked":"Noxious Fumes","floor":8},{"not_picked":["A Thousand Cuts","Quick Slash"],"picked":"PiercingWail","floor":10},{"not_picked":["Acrobatics","Slice","Deflect"],"picked":"SKIP","floor":12},{"not_picked":["Grand Finale","Phantasmal Killer"],"picked":"Adrenaline","floor":16},{"not_picked":["Acrobatics","Riddle With Holes"],"picked":"Leg Sweep","floor":17},{"not_picked":["Dodge and Roll","Flying Knee"],"picked":"Deadly Poison","floor":18},{"not_picked":["Choke","Concentrate","Quick Slash"],"picked":"SKIP","floor":22},{"not_picked":["Poisoned Stab","PiercingWail"],"picked":"Heel Hook","floor":24},{"not_picked":["Choke","Dodge and Roll"],"picked":"Noxious Fumes+1","floor":27},{"not_picked":["Prepared+1","Distraction"],"picked":"Bullet Time","floor":30},{"not_picked":["Poisoned Stab","Cloak And Dagger"],"picked":"Acrobatics","floor":35},{"not_picked":["Cloak And Dagger","Bane+1"],"picked":"Noxious Fumes+1","floor":36},{"not_picked":["Escape Plan","Dagger Spray"],"picked":"Noxious Fumes","floor":39},{"not_picked":["Swift Strike","Violence"],"picked":"Bandage Up","floor":41},{"not_picked":["Choke","Deflect+1"],"picked":"Deadly Poison+1","floor":45}],"player_experience":222516,"relics_obtained":[{"floor":6,"key":"Juzu Bracelet"},{"floor":8,"key":"Kunai"},{"floor":9,"key":"Art of War"},{"floor":24,"key":"Tingsha"},{"floor":26,"key":"Happy Flower"},{"floor":27,"key":"Ancient Tea Set"},{"floor":43,"key":"Bag of Marbles"},{"floor":45,"key":"Torii"}],"event_choices":[{"cards_removed":["Strike_G"],"damage_healed":0,"gold_gain":0,"player_choice":"Purged","damage_taken":0,"max_hp_gain":0,"max_hp_loss":0,"event_name":"Purifier","floor":3,"gold_loss":0},{"damage_healed":0,"gold_gain":0,"player_choice":"Ignored","damage_taken":0,"max_hp_gain":0,"max_hp_loss":0,"event_name":"Golden Wing","floor":11,"gold_loss":0},{"damage_healed":0,"gold_gain":0,"player_choice":"Gave Potion","damage_taken":0,"relics_obtained":["Bronze Scales"],"max_hp_gain":0,"max_hp_loss":0,"event_name":"WeMeetAgain","floor":13,"gold_loss":0},{"damage_healed":0,"gold_gain":0,"player_choice":"Left Gold","damage_taken":0,"max_hp_gain":0,"max_hp_loss":0,"event_name":"World of Goop","floor":14,"gold_loss":48},{"damage_healed":0,"gold_gain":0,"player_choice":"Ignored","damage_taken":0,"max_hp_gain":0,"max_hp_loss":0,"event_name":"Upgrade Shrine","floor":20,"gold_loss":0},{"damage_healed":0,"gold_gain":0,"player_choice":"Read","damage_taken":0,"max_hp_gain":0,"max_hp_loss":0,"event_name":"The Library","floor":21,"gold_loss":0,"cards_obtained":["Dagger Spray"]},{"damage_healed":0,"gold_gain":0,"player_choice":"Became a vampire","damage_taken":0,"max_hp_gain":0,"max_hp_loss":23,"event_name":"Vampires","floor":28,"gold_loss":0,"cards_obtained":["Bite","Bite","Bite","Bite","Bite"]},{"damage_healed":0,"gold_gain":0,"player_choice":"Ignored","damage_taken":0,"max_hp_gain":0,"max_hp_loss":0,"event_name":"Ghosts","floor":31,"gold_loss":0},{"damage_healed":13,"gold_gain":0,"player_choice":"Writhe","damage_taken":0,"max_hp_gain":0,"max_hp_loss":0,"event_name":"Winding Halls","floor":38,"gold_loss":0,"cards_obtained":["Writhe"]},{"damage_healed":0,"gold_gain":0,"player_choice":"Memory 1","damage_taken":0,"max_hp_gain":0,"max_hp_loss":0,"event_name":"SensoryStone","floor":41,"gold_loss":0},{"cards_removed":["Defend_G"],"damage_healed":0,"gold_gain":0,"player_choice":"Removed Skill","damage_taken":0,"max_hp_gain":0,"max_hp_loss":0,"event_name":"Falling","floor":42,"gold_loss":0},{"damage_healed":0,"gold_gain":0,"player_choice":"Fight","damage_taken":0,"max_hp_gain":0,"max_hp_loss":0,"event_name":"MindBloom","floor":45,"gold_loss":0}],"is_beta":false,"boss_relics":[{"not_picked":["Black Star","Runic Pyramid"],"picked":"Tiny House"},{"not_picked":["Snecko Eye","White Beast Statue"],"picked":"Lizard Tail"}],"items_purged_floors":[2,19,37],"is_endless":false,"potions_floor_spawned":[5,6,8,16,18,27,33,39],"killed_by":"Transient","ascension_level":2}