{"gold_per_floor":[11,86,97,97,49,49,81,94,94,94,105,105,105,280,280,280],"floor_reached":16,"playtime":783,"items_purged":[],"score":113,"play_id":"f9f72856-90ed-45e2-beb5-10af20af2a2b","local_time":"20190201102908","is_ascension_mode":true,"campfire_choices":[{"data":"Hologram","floor":6,"key":"SMITH"},{"floor":10,"key":"REST"},{"data":"Thinking Ahead","floor":15,"key":"SMITH"}],"neow_cost":"NO_GOLD","seed_source_timestamp":1264582694010455,"circlet_count":0,"master_deck":["Strike_B","Strike_B","Strike_B","Strike_B","Defend_B","Defend_B+1","Defend_B","Defend_B","Zap+1","Dualcast","Thinking Ahead+1","Finesse","FTL","Gash","Hologram+1","Go for the Eyes","White Noise","Doubt"],"relics":["Cracked Core","Bottled Flame","Singing Bowl","Shuriken"],"potions_floor_usage":[7,16],"damage_taken":[{"damage":0,"enemies":"Cultist","floor":1,"turns":4},{"damage":3,"enemies":"2 Louse","floor":3,"turns":3},{"damage":23,"enemies":"3 Sentries","floor":7,"turns":9},{"damage":0,"enemies":"Jaw Worm","floor":8,"turns":3},{"damage":22,"enemies":"Lots of Slimes","floor":11,"turns":5},{"damage":52,"enemies":"The Guardian","floor":16,"turns":10}],"seed_played":"2576423616890718567","potions_obtained":[{"floor":1,"key":"Block Potion"},{"floor":8,"key":"Dexterity Potion"}],"is_trial":false,"path_per_floor":["M","?","M","?","$","R","E","M","T","R","M","?","?","?","R","B"],"character_chosen":"DEFECT","items_purchased":["Hologram"],"campfire_rested":1,"item_purchase_floors":[5],"current_hp_per_floor":[75,64,61,46,46,46,23,23,23,45,25,50,50,50,50,0],"gold":280,"neow_bonus":"RANDOM_COLORLESS_2","is_prod":false,"is_daily":false,"chose_seed":false,"campfire_upgraded":2,"win_rate":0,"timestamp":1549013348,"path_taken":["M","?","M","?","?","R","E","M","T","R","?","?","?","?","R","BOSS"],"build_version":"2019-01-23","purchased_purges":0,"victory":false,"max_hp_per_floor":[75,75,75,75,75,75,75,75,75,75,77,77,77,77,77,77],"card_choices":[{"not_picked":["Rebound","Leap"],"picked":"FTL","floor":1},{"not_picked":["Leap","Force Field"],"picked":"Gash","floor":3},{"not_picked":["Steam","Doom and Gloom"],"picked":"Go for the Eyes","floor":7},{"not_picked":["Darkness","Double Energy"],"picked":"White Noise","floor":8},{"not_picked":["Hello World","Barrage","Sweeping Beam"],"picked":"Singing Bowl","floor":11}],"player_experience":478470,"relics_obtained":[{"floor":7,"key":"Bottled Flame"},{"floor":9,"key":"Singing Bowl"}],"event_choices":[{"damage_healed":0,"gold_gain":75,"player_choice":"Gather Gold","damage_taken":11,"max_hp_gain":0,"max_hp_loss":0,"event_name":"World of Goop","floor":2,"gold_loss":0},{"damage_healed":0,"gold_gain":0,"player_choice":"Entered Light","damage_taken":15,"max_hp_gain":0,"max_hp_loss":0,"event_name":"Shining Light","floor":4,"gold_loss":0,"cards_upgraded":["Defend_B","Zap"]},{"damage_healed":25,"gold_gain":0,"player_choice":"Banana","damage_taken":0,"max_hp_gain":0,"max_hp_loss":0,"event_name":"Big Fish","floor":12,"gold_loss":0},{"damage_healed":0,"gold_gain":0,"player_choice":"Searched \u00272\u0027 times","damage_taken":0,"relics_obtained":["Shuriken"],"max_hp_gain":0,"max_hp_loss":0,"event_name":"Dead Adventurer","floor":13,"gold_loss":0},{"damage_healed":0,"gold_gain":175,"player_choice":"AGREE","damage_taken":0,"max_hp_gain":0,"max_hp_loss":0,"event_name":"Liars Game","floor":14,"gold_loss":0,"cards_obtained":["Doubt"]}],"is_beta":false,"boss_relics":[],"items_purged_floors":[],"is_endless":false,"potions_floor_spawned":[1,8],"killed_by":"The Guardian","ascension_level":3}