{"path_per_floor":["M","$","?","M","M","R","?","?","T","E","M","R","$","E","R","B",null,"M","M","$","M","M","R","M","M","T","M","R","M","R","?","R","B",null,"M","$","?","$","?","R","?","?","T","$","M","M","R","M","R","B"],"character_chosen":"THE_SILENT","items_purchased":["Noxious Fumes","Burst","Deadly Poison","Noxious Fumes","Lantern"],"gold_per_floor":[112,37,37,56,70,70,70,128,128,153,172,172,36,70,70,170,170,190,201,7,25,41,41,54,74,74,92,92,110,110,110,110,206,206,226,77,77,77,77,77,77,77,77,77,93,110,110,125,125,125],"floor_reached":51,"campfire_rested":3,"playtime":2151,"current_hp_per_floor":[70,70,70,69,65,65,65,61,61,47,39,39,39,25,63,26,77,55,48,48,42,27,65,63,44,44,29,29,13,13,13,51,42,77,76,76,76,76,76,76,76,76,76,76,72,73,73,68,68,13],"items_purged":["Strike_G"],"gold":125,"score":682,"play_id":"f5c22e99-f7e5-4689-953a-69b2156e96e6","local_time":"20180423083622","is_prod":false,"is_daily":false,"chose_seed":false,"is_ascension_mode":false,"campfire_upgraded":7,"timestamp":1524465382,"path_taken":["M","?","?","M","M","R","?","?","T","E","M","R","$","E","R","BOSS","M","M","$","M","?","R","M","M","T","M","R","M","R","?","R","BOSS","M","$","?","$","?","R","?","?","T","?","M","M","R","M","R","BOSS"],"build_version":"2018-04-19","seed_source_timestamp":0,"purchased_purges":1,"victory":true,"master_deck":["Defend_G","Defend_G","Defend_G","Defend_G","Survivor","Neutralize","Dagger Spray","Noxious Fumes+1","Deflect","Poisoned Stab+1","Backflip","Slice","Cloak And Dagger","Burst","Dodge and Roll","Corpse Explosion+1","PiercingWail+1","Slice+1","Crippling Poison+1","Escape Plan","Malaise+1","Deadly Poison+1","Noxious Fumes","Bane","Bouncing Flask+1","Deflect","Burst+1","Sucker Punch","Dodge and Roll+1","Bouncing Flask+1","Leg Sweep+1"],"max_hp_per_floor":[70,70,70,70,70,70,70,70,70,70,70,70,70,77,77,77,77,77,77,77,77,77,77,77,77,77,77,77,77,77,77,77,77,77,77,77,77,77,77,77,77,77,77,77,77,77,77,77,77,77],"relics":["Ring of the Snake","Art of War","Regal Pillow","Matryoshka","The Specimen","Strawberry","Astrolabe","Bottled Flame","Paper Crane","Velvet Choker","Lantern","Bronze Scales","Blood Vial"],"card_choices":[{"not_picked":["Flying Knee","Deflect"],"picked":"Dagger Spray","floor":1.0},{"not_picked":["All Out Attack","Outmaneuver"],"picked":"Deflect","floor":4.0},{"not_picked":["Outmaneuver","Prepared"],"picked":"Poisoned Stab","floor":5.0},{"not_picked":["PiercingWail","Calculated Gamble"],"picked":"Backflip","floor":8.0},{"not_picked":["Die Die Die","Terror"],"picked":"Slice","floor":10.0},{"not_picked":["Riddle With Holes","Backflip"],"picked":"Cloak And Dagger","floor":11.0},{"not_picked":["Acrobatics","Underhanded Strike"],"picked":"Dodge and Roll","floor":14.0},{"not_picked":["Doppelganger","Venomology"],"picked":"Corpse Explosion","floor":16.0},{"not_picked":["Dagger Throw","Outmaneuver"],"picked":"Escape Plan","floor":18.0},{"not_picked":["Backflip","Underhanded Strike"],"picked":"Malaise","floor":19.0},{"not_picked":["Concentrate","Cloak And Dagger"],"picked":"Bane","floor":21.0},{"not_picked":["Malaise","Flechettes"],"picked":"Bouncing Flask","floor":24.0},{"not_picked":["Slice","Phantasmal Killer"],"picked":"Deflect","floor":27.0},{"not_picked":["Tools of the Trade","Venomology"],"picked":"Burst","floor":33.0},{"not_picked":["Underhanded Strike","Heel Hook"],"picked":"Sucker Punch","floor":35.0},{"not_picked":["Panacea","Blind"],"picked":"Panache","floor":39.0},{"not_picked":["Dagger Throw","Backflip"],"picked":"Dodge and Roll","floor":45.0},{"not_picked":["Backflip","Bane"],"picked":"Bouncing Flask","floor":46.0},{"not_picked":["Underhanded Strike","PiercingWail"],"picked":"Leg Sweep","floor":48}],"player_experience":516906,"potions_floor_usage":[50,50,50],"damage_taken":[{"damage":0.0,"enemies":"Cultist","floor":1.0,"turns":3.0},{"damage":1.0,"enemies":"Jaw Worm","floor":4.0,"turns":4.0},{"damage":4.0,"enemies":"2 Louse","floor":5.0,"turns":3.0},{"damage":4.0,"enemies":"3 Sentries","floor":8.0,"turns":6.0},{"damage":14.0,"enemies":"3 Sentries","floor":10.0,"turns":6.0},{"damage":8.0,"enemies":"Lots of Slimes","floor":11.0,"turns":4.0},{"damage":21.0,"enemies":"Gremlin Nob","floor":14.0,"turns":5.0},{"damage":37.0,"enemies":"The Guardian","floor":16.0,"turns":10.0},{"damage":22.0,"enemies":"Chosen","floor":18.0,"turns":7.0},{"damage":7.0,"enemies":"Spheric Guardian","floor":19.0,"turns":5.0},{"damage":6.0,"enemies":"Cultist and Chosen","floor":21.0,"turns":6.0},{"damage":15.0,"enemies":"Centurion and Healer","floor":22.0,"turns":6.0},{"damage":2.0,"enemies":"Sentry and Sphere","floor":24.0,"turns":5.0},{"damage":19.0,"enemies":"Snake Plant","floor":25.0,"turns":5.0},{"damage":15.0,"enemies":"Centurion and Healer","floor":27.0,"turns":6.0},{"damage":16.0,"enemies":"Slaver and Parasite","floor":29.0,"turns":5.0},{"damage":9.0,"enemies":"Collector","floor":33.0,"turns":7.0},{"damage":1.0,"enemies":"Orb Walker","floor":35.0,"turns":4.0},{"damage":5.0,"enemies":"3 Shapes","floor":45.0,"turns":4.0},{"damage":1.0,"enemies":"Sphere and 2 Shapes","floor":46.0,"turns":6.0},{"damage":7,"enemies":"Maw","floor":48,"turns":7},{"damage":57,"enemies":"Donu and Deca","floor":50,"turns":10}],"event_choices":[{"event_name":"Liars Game","player_choice":"disagreed","floor":3.0,"damage_taken":0.0},{"event_name":"Purifier","player_choice":"One Purge","floor":7.0,"damage_taken":0.0},{"event_name":"Dead Adventurer","player_choice":"Searched \u00271\u0027 times","floor":8.0,"damage_taken":0.0},{"event_name":"Wheel of Change","player_choice":"Card Removal","floor":31.0,"damage_taken":0.0},{"event_name":"Tomb of Lord Red Mask","player_choice":"Ignored","floor":37.0,"damage_taken":0.0},{"event_name":"SensoryStone","player_choice":"Memory 1","floor":39.0,"damage_taken":0.0},{"event_name":"SecretPortal","player_choice":"Rejected Portal.","floor":41.0,"damage_taken":0.0}],"boss_relics":[],"potions_floor_spawned":[5,8,11,16,18,25,29,33,45,46],"seed_played":"4047274673784311237","ascension_level":0,"is_trial":false}