{"gold_per_floor":[118,118,43,43,55,55,81,96,149,149],"floor_reached":10,"playtime":392,"items_purged":["Defend_R"],"score":66,"play_id":"0fa9dc89-3459-4bab-8235-9d236ce6ab26","local_time":"20181020225555","is_ascension_mode":false,"campfire_choices":[{"data":"Perfected Strike","floor":6,"key":"SMITH"}],"neow_cost":"NONE","seed_source_timestamp":797127034032907,"circlet_count":0,"master_deck":["Strike_R","Strike_R+1","Strike_R","Strike_R","Strike_R+1","Defend_R","Defend_R","Bash","Dark Embrace","Fire Breathing","Regret","Perfected Strike+1","Spot Weakness","Whirlwind"],"relics":["Burning Blood","Bag of Preparation","Shuriken","Tiny Chest"],"potions_floor_usage":[8],"damage_taken":[{"damage":14,"enemies":"2 Louse","floor":1,"turns":3},{"damage":3,"enemies":"Small Slimes","floor":5,"turns":3},{"damage":54,"enemies":"3 Sentries","floor":7,"turns":7},{"damage":4,"enemies":"Jaw Worm","floor":8,"turns":3}],"seed_played":"5599827072037597403","potions_obtained":[{"floor":7,"key":"GamblersBrew"}],"is_trial":false,"path_per_floor":["M","?","$","?","M","R","E","M","T"],"character_chosen":"IRONCLAD","items_purchased":[],"campfire_rested":0,"item_purchase_floors":[],"current_hp_per_floor":[72,72,72,56,59,59,11,13,13,0],"gold":149,"neow_bonus":"TRANSFORM_CARD","is_prod":false,"is_daily":false,"chose_seed":false,"campfire_upgraded":1,"win_rate":0.0,"timestamp":1540029355,"path_taken":["M","?","$","?","?","R","E","M","T","?"],"build_version":"2018-10-18","purchased_purges":1,"victory":false,"max_hp_per_floor":[80,80,80,80,80,80,80,80,80,80],"card_choices":[{"not_picked":["True Grit","Second Wind"],"picked":"Fire Breathing","floor":1},{"not_picked":["Twin Strike","Headbutt"],"picked":"Perfected Strike","floor":5},{"not_picked":["Perfected Strike","Searing Blow"],"picked":"Spot Weakness","floor":7},{"not_picked":["Pommel Strike","Sword Boomerang"],"picked":"Whirlwind","floor":8}],"player_experience":144012,"relics_obtained":[{"floor":7,"key":"Shuriken"},{"floor":9,"key":"Tiny Chest"}],"event_choices":[{"damage_healed":0,"gold_gain":0,"player_choice":"Box","damage_taken":0,"relics_obtained":["Bag of Preparation"],"max_hp_gain":0,"max_hp_loss":0,"event_name":"Big Fish","floor":2,"gold_loss":0,"cards_obtained":["Regret"]},{"damage_healed":0,"gold_gain":0,"player_choice":"Entered Light","damage_taken":16,"max_hp_gain":0,"max_hp_loss":0,"event_name":"Shining Light","floor":4,"gold_loss":0,"cards_upgraded":["Strike_R","Strike_R"]}],"is_beta":false,"boss_relics":[],"items_purged_floors":[3],"is_endless":false,"potions_floor_spawned":[7],"ascension_level":0}