{"gold_per_floor":[119,139,119,130,130,155,155,155,180,206,206,218,231,243,243,243],"floor_reached":16,"playtime":331,"items_purged":[],"score":218,"play_id":"db0e2375-307c-4849-aec6-49abb1675281","local_time":"20190107012751","is_ascension_mode":true,"campfire_choices":[{"data":"Creative AI","floor":7,"key":"SMITH"},{"floor":11,"key":"REST"},{"data":"Defragment","floor":15,"key":"SMITH"}],"neow_cost":"NONE","seed_source_timestamp":364447924159300,"circlet_count":0,"master_deck":["AscendersBane","Strike_B+1","Strike_B","Strike_B","Strike_B","Defend_B+1","Defend_B","Defend_B","Defend_B","Zap+1","Dualcast","Streamline","BootSequence","Steam","Creative AI+1","Electrodynamics","Defragment+1"],"relics":["Cracked Core","PreservedInsect","Smiling Mask","Nunchaku"],"potions_floor_usage":[6,10],"damage_taken":[{"damage":2,"enemies":"Small Slimes","floor":1,"turns":3},{"damage":0,"enemies":"Cultist","floor":2,"turns":3},{"damage":2,"enemies":"Jaw Worm","floor":4,"turns":3},{"damage":29,"enemies":"Lagavulin","floor":6,"turns":7},{"damage":5,"enemies":"3 Sentries","floor":10,"turns":3},{"damage":0,"enemies":"Looter","floor":12,"turns":3},{"damage":3,"enemies":"Blue Slaver","floor":13,"turns":2},{"damage":2,"enemies":"2 Fungi Beasts","floor":14,"turns":2},{"damage":21,"enemies":"Hexaghost","floor":16,"turns":4}],"seed_played":"-929122055936825053","potions_obtained":[{"floor":2,"key":"Dexterity Potion"},{"floor":3,"key":"SneckoOil"},{"floor":4,"key":"FocusPotion"},{"floor":6,"key":"SteroidPotion"},{"floor":12,"key":"Dexterity Potion"}],"is_trial":false,"path_per_floor":["M","M","?","M","?","E","R","?","T","E","R","M","M","M","R","B"],"character_chosen":"DEFECT","items_purchased":[],"campfire_rested":1,"item_purchase_floors":[],"current_hp_per_floor":[62,62,62,60,60,31,31,10,10,5,26,26,23,21,21,0],"gold":243,"neow_bonus":"UPGRADE_CARD","is_prod":false,"is_daily":false,"chose_seed":false,"campfire_upgraded":2,"win_rate":0,"timestamp":1546792071,"path_taken":["M","M","?","?","?","E","R","?","T","E","R","M","M","M","R","BOSS"],"build_version":"2019-01-03v4","purchased_purges":0,"victory":false,"max_hp_per_floor":[71,71,71,71,71,71,71,71,71,71,71,71,71,71,71,71],"card_choices":[{"not_picked":["Compile Driver","Redo"],"picked":"Streamline","floor":1},{"not_picked":["Consume","Hologram"],"picked":"BootSequence","floor":2},{"not_picked":["Leap","Stack"],"picked":"Steam","floor":4},{"not_picked":["Heatsinks","Turbo"],"picked":"Creative AI","floor":6},{"not_picked":["Genetic Algorithm","Streamline"],"picked":"Electrodynamics","floor":10},{"not_picked":["Redo","Conserve Battery"],"picked":"Defragment","floor":12},{"not_picked":["Go for the Eyes","Skim","Steam Power"],"picked":"SKIP","floor":13},{"not_picked":["Darkness","Coolheaded","Recycle"],"picked":"SKIP","floor":14}],"player_experience":1013805,"relics_obtained":[{"floor":6,"key":"PreservedInsect"},{"floor":9,"key":"Smiling Mask"},{"floor":10,"key":"Nunchaku"}],"event_choices":[{"damage_healed":0,"gold_gain":0,"player_choice":"Bought 1 Potion","damage_taken":0,"max_hp_gain":0,"max_hp_loss":0,"event_name":"The Woman in Blue","floor":3,"gold_loss":0},{"damage_healed":0,"gold_gain":0,"player_choice":"Ignored","damage_taken":0,"max_hp_gain":0,"max_hp_loss":0,"event_name":"Liars Game","floor":5,"gold_loss":0},{"damage_healed":0,"gold_gain":0,"player_choice":"Entered Light","damage_taken":21,"max_hp_gain":0,"max_hp_loss":0,"event_name":"Shining Light","floor":8,"gold_loss":0,"cards_upgraded":["Strike_B","Defend_B"]}],"is_beta":false,"boss_relics":[],"items_purged_floors":[],"is_endless":false,"potions_floor_spawned":[2,4,6,12,14],"killed_by":"Hexaghost","ascension_level":19}