{"gold_per_floor":[113,133,133,133,183,183,216,246,312,474,486],"floor_reached":11,"playtime":537,"items_purged":[],"score":142,"play_id":"05e8e428-0ab6-47d4-9e8f-2bf2cd3cec89","local_time":"20181009211236","is_ascension_mode":true,"campfire_choices":[{"floor":6,"key":"REST"}],"neow_cost":"","seed_source_timestamp":46819961598719,"circlet_count":0,"master_deck":["Defend_G","Defend_G","Defend_G","Defend_G","Defend_G","Strike_G","Strike_G","Strike_G","Strike_G","Strike_G+1","Survivor","Neutralize","AscendersBane","Dagger Spray","Infinite Blades+1","Noxious Fumes","Deadly Poison"],"relics":["Ring of the Snake","Golden Idol","MawBank","Omamori"],"potions_floor_usage":[7,11],"damage_taken":[{"damage":0,"enemies":"2 Louse","floor":1,"turns":6},{"damage":11,"enemies":"Jaw Worm","floor":2,"turns":8},{"damage":37,"enemies":"3 Sentries","floor":7,"turns":8},{"damage":7,"enemies":"Small Slimes","floor":8,"turns":5},{"damage":21,"enemies":"Red Slaver","floor":11,"turns":3}],"seed_played":"1917515451000816530","potions_obtained":[{"floor":2,"key":"LiquidBronze"},{"floor":8,"key":"GamblersBrew"}],"is_trial":false,"path_per_floor":["M","M","?","?","?","R","E","M","T","?"],"character_chosen":"THE_SILENT","items_purchased":[],"campfire_rested":1,"item_purchase_floors":[],"current_hp_per_floor":[59,48,48,30,30,48,11,4,4,4,0],"gold":486,"neow_bonus":"","is_prod":false,"is_daily":false,"chose_seed":false,"campfire_upgraded":0,"win_rate":0,"timestamp":1539112356,"path_taken":["M","M","?","?","?","R","E","?","T","?","?"],"build_version":"2018-10-04v2","purchased_purges":0,"victory":false,"max_hp_per_floor":[66,66,60,60,60,60,60,60,60,60,60],"card_choices":[{"not_picked":["Dodge and Roll","Deflect"],"picked":"Dagger Spray","floor":1},{"not_picked":["Dagger Spray","Underhanded Strike"],"picked":"Infinite Blades","floor":2},{"not_picked":["Deflect","Accuracy"],"picked":"Noxious Fumes","floor":7},{"not_picked":["Acrobatics","Bane"],"picked":"Deadly Poison","floor":8}],"player_experience":1396358,"relics_obtained":[{"floor":7,"key":"MawBank"},{"floor":9,"key":"Omamori"}],"event_choices":[{"event_name":"Golden Idol","player_choice":"Lose Max HP","floor":3,"damage_taken":0},{"event_name":"Shining Light","player_choice":"Entered Light","floor":4,"damage_taken":0},{"event_name":"Golden Shrine","player_choice":"Pray","floor":5,"damage_taken":0},{"event_name":"Liars Game","player_choice":"agreed","floor":10,"damage_taken":0}],"is_beta":false,"boss_relics":[],"items_purged_floors":[],"is_endless":false,"potions_floor_spawned":[2,8],"killed_by":"Red Slaver","ascension_level":20}