{"gold_per_floor":[116,130,130,55,70,70,131,158,158,158,173,173,192,23,23,127,127,146,146,46,60,60,60,15,29,52,52,52,52,80,93,93,93],"floor_reached":33,"playtime":1414,"items_purged":["Defend_R","Strike_R"],"score":288,"play_id":"a5986dbe-d97a-42f2-a144-afd36c965d5f","local_time":"20181021015732","is_ascension_mode":false,"campfire_choices":[{"data":"Iron Wave","floor":6,"key":"SMITH"},{"data":"Bash","floor":10,"key":"SMITH"},{"data":"Apotheosis","floor":15,"key":"SMITH"},{"data":"Combust","floor":23,"key":"SMITH"},{"data":"Perfected Strike","floor":28,"key":"SMITH"},{"floor":32,"key":"REST"}],"neow_cost":"NONE","seed_source_timestamp":807001372353092,"circlet_count":0,"master_deck":["Strike_R","Strike_R","Strike_R","Bash+1","Offering+1","Headbutt+1","Seeing Red+1","Iron Wave+1","Disarm","Thunderclap","Burning Pact","Infernal Blade","Clothesline","Apotheosis+1","Reaper","Rage","Heavy Blade","Flex","Thunderclap","Combust+1","Perfected Strike+1","Perfected Strike","Infernal Blade","Twin Strike","Combust+1"],"relics":["Astrolabe","Dream Catcher","Gremlin Horn","Orrery","Happy Flower","Matryoshka"],"potions_floor_usage":[11,16,16,25,30],"damage_taken":[{"damage":6,"enemies":"Small Slimes","floor":1,"turns":1},{"damage":11,"enemies":"Jaw Worm","floor":2,"turns":2},{"damage":8,"enemies":"2 Louse","floor":5,"turns":3},{"damage":6,"enemies":"Gremlin Nob","floor":8,"turns":3},{"damage":0,"enemies":"2 Fungi Beasts","floor":11,"turns":2},{"damage":7,"enemies":"Large Slime","floor":13,"turns":3},{"damage":59,"enemies":"The Guardian","floor":16,"turns":7},{"damage":10,"enemies":"Chosen","floor":18,"turns":3},{"damage":27,"enemies":"2 Thieves","floor":21,"turns":3},{"damage":23,"enemies":"Centurion and Healer","floor":25,"turns":3},{"damage":32,"enemies":"Gremlin Leader","floor":30,"turns":4},{"damage":29,"enemies":"Cultist and Chosen","floor":31,"turns":4},{"damage":55,"enemies":"Collector","floor":33,"turns":3}],"seed_played":"-3530910344194236923","potions_obtained":[{"floor":5,"key":"Explosive Potion"},{"floor":8,"key":"Poison Potion"},{"floor":13,"key":"EssenceOfSteel"},{"floor":21,"key":"Regen Potion"},{"floor":25,"key":"Strength Potion"}],"is_trial":false,"path_per_floor":["M","M","?","$","M","R","?","E","T","R","M","?","M","$","R","B",null,"M","?","$","M","?","R","$","M","T","?","R","$","E","M","R"],"character_chosen":"IRONCLAD","items_purchased":["Apotheosis","Perfected Strike"],"campfire_rested":1,"item_purchase_floors":[14,24],"current_hp_per_floor":[74,63,63,63,55,55,55,49,49,49,49,75,68,68,68,9,80,70,70,70,43,69,69,69,59,59,59,59,59,35,16,40,0],"gold":93,"neow_bonus":"BOSS_RELIC","is_prod":false,"is_daily":false,"chose_seed":false,"campfire_upgraded":5,"win_rate":0.0,"timestamp":1540040252,"path_taken":["M","M","?","$","M","R","?","E","T","R","M","?","M","$","R","BOSS","M","?","$","?","?","R","?","M","T","?","R","?","E","?","R","BOSS"],"build_version":"2018-10-18","purchased_purges":2,"victory":false,"max_hp_per_floor":[80,80,80,80,80,80,80,80,80,80,80,80,80,80,80,80,80,80,80,80,80,80,80,80,80,80,80,80,80,80,80,80,80],"card_choices":[{"not_picked":["Pommel Strike","Inflame"],"picked":"Iron Wave","floor":1},{"not_picked":["True Grit","Entrench","Searing Blow"],"picked":"SKIP","floor":2},{"not_picked":["Reckless Charge","Anger"],"picked":"Thunderclap","floor":5},{"not_picked":["Clash","Metallicize"],"picked":"Burning Pact","floor":8},{"not_picked":["Pummel","Intimidate"],"picked":"Infernal Blade","floor":11},{"not_picked":["Dropkick","Seeing Red"],"picked":"Clothesline","floor":13},{"not_picked":["Brutality","Offering"],"picked":"Reaper","floor":16},{"not_picked":["Clothesline","Body Slam"],"picked":"Rage","floor":17},{"not_picked":["Seeing Red","Twin Strike"],"picked":"Whirlwind","floor":17},{"not_picked":["Exhume","Reckless Charge"],"picked":"Heavy Blade","floor":17},{"not_picked":["Headbutt","Twin Strike"],"picked":"Flex","floor":17},{"not_picked":["Searing Blow","Corruption"],"picked":"Thunderclap","floor":17},{"not_picked":["Havoc","Thunderclap+1"],"picked":"Combust","floor":18},{"not_picked":["Shrug It Off","Blood for Blood","Body Slam"],"picked":"SKIP","floor":21},{"not_picked":["Cleave","Dark Embrace"],"picked":"Perfected Strike","floor":25},{"not_picked":["Metallicize","Uppercut+1"],"picked":"Infernal Blade","floor":30},{"not_picked":["Anger","Hemokinesis"],"picked":"Twin Strike","floor":31},{"not_picked":["Shockwave","Warcry"],"picked":"Combust+1","floor":32}],"player_experience":153727,"relics_obtained":[{"floor":8,"key":"Dream Catcher"},{"floor":9,"key":"Gremlin Horn"},{"floor":26,"key":"Happy Flower"},{"floor":30,"key":"Matryoshka"}],"event_choices":[{"damage_healed":0,"gold_gain":0,"cards_transformed":["Strike_R"],"player_choice":"Change","damage_taken":0,"max_hp_gain":0,"max_hp_loss":0,"event_name":"Living Wall","floor":3,"gold_loss":0,"cards_obtained":["Disarm"]},{"damage_healed":0,"gold_gain":61,"player_choice":"Gained Gold","damage_taken":0,"max_hp_gain":0,"max_hp_loss":0,"event_name":"Golden Wing","floor":7,"gold_loss":0},{"damage_healed":26,"gold_gain":0,"player_choice":"Banana","damage_taken":0,"max_hp_gain":0,"max_hp_loss":0,"event_name":"Big Fish","floor":12,"gold_loss":0},{"damage_healed":0,"gold_gain":0,"player_choice":"Ignored","damage_taken":0,"max_hp_gain":0,"max_hp_loss":0,"event_name":"WeMeetAgain","floor":19,"gold_loss":0},{"damage_healed":26,"gold_gain":0,"player_choice":"Heal","damage_taken":0,"max_hp_gain":0,"max_hp_loss":0,"event_name":"The Library","floor":22,"gold_loss":0},{"cards_removed":["Whirlwind"],"damage_healed":0,"gold_gain":0,"player_choice":"Elegance","damage_taken":0,"max_hp_gain":0,"max_hp_loss":0,"event_name":"Back to Basics","floor":27,"gold_loss":0}],"is_beta":false,"boss_relics":[{"not_picked":["Coffee Dripper","Runic Dome"],"picked":"Orrery"}],"items_purged_floors":[4,20],"is_endless":false,"potions_floor_spawned":[5,8,13,21,25],"killed_by":"Collector","ascension_level":0}