{"gold_per_floor":[112,187,65,79,79,79,34,65,65,65,83,10,10,30,30,127,127,139,139,139],"floor_reached":20,"playtime":1096,"items_purged":["Strike_B"],"score":195,"play_id":"477d2dc5-2c70-4d8f-82b8-a23a95b2b985","local_time":"20181015164814","is_ascension_mode":false,"campfire_choices":[{"data":"Coolheaded","floor":6,"key":"SMITH"},{"floor":10,"key":"REST"},{"floor":15,"key":"REST"}],"neow_cost":"CURSE","seed_source_timestamp":342342988081411,"circlet_count":0,"master_deck":["Defend_B","Defend_B","Defend_B","Zap","Dualcast","Rainbow","Gash","Gash","Coolheaded+1","Compile Driver","Echo Form","Coolheaded+1","White Noise","Blizzard","Fission","Hologram","Bite","Bite","Bite","Bite","Bite"],"relics":["Cracked Core","Centennial Puzzle","Empty Cage"],"potions_floor_usage":[18,20],"damage_taken":[{"damage":4,"enemies":"Cultist","floor":1,"turns":4},{"damage":3,"enemies":"2 Louse","floor":4,"turns":2},{"damage":21,"enemies":"3 Sentries","floor":8,"turns":7},{"damage":9,"enemies":"Jaw Worm","floor":11,"turns":3},{"damage":14,"enemies":"Looter","floor":14,"turns":3},{"damage":43,"enemies":"Hexaghost","floor":16,"turns":9},{"damage":17,"enemies":"2 Thieves","floor":18,"turns":4},{"damage":77,"enemies":"Masked Bandits","floor":20,"turns":5}],"seed_played":"-1355776262329243160","potions_obtained":[{"floor":4,"key":"SpeedPotion"},{"floor":16,"key":"PowerPotion"}],"is_trial":false,"path_per_floor":["M","?","$","M","?","R","$","E","T","R","M","$","?","M","R","B",null,"M","?"],"character_chosen":"DEFECT","items_purchased":["Gash","Compile Driver","White Noise"],"campfire_rested":2,"item_purchase_floors":[3,7,12],"current_hp_per_floor":[71,60,60,57,57,57,57,36,36,58,51,51,51,39,61,20,75,58,58,0],"gold":139,"neow_bonus":"THREE_RARE_CARDS","is_prod":false,"is_daily":false,"chose_seed":false,"campfire_upgraded":1,"win_rate":0.0,"timestamp":1539575294,"path_taken":["M","?","$","M","?","R","?","E","T","R","M","?","?","?","R","BOSS","M","?","?"],"build_version":"2018-10-11","purchased_purges":1,"victory":false,"max_hp_per_floor":[75,75,75,75,75,75,75,75,75,75,75,75,75,75,75,75,75,75,75,75],"card_choices":[{"not_picked":["Seek","All For One"],"picked":"Rainbow","floor":0},{"not_picked":["Static Discharge","Rebound"],"picked":"Gash","floor":1},{"not_picked":["Hologram","Tempest"],"picked":"Coolheaded","floor":4},{"not_picked":["Fusion","Go for the Eyes"],"picked":"Echo Form","floor":8},{"not_picked":["Streamline","Reinforced Body"],"picked":"Coolheaded","floor":11},{"not_picked":["Barrage","Rebound"],"picked":"Blizzard","floor":14},{"not_picked":["Machine Learning","Buffer"],"picked":"Fission","floor":16},{"not_picked":["Auto Shields","Steam+1"],"picked":"Hologram","floor":18}],"player_experience":58722,"relics_obtained":[{"floor":8,"key":"Blood Vial"},{"floor":9,"key":"Centennial Puzzle"}],"event_choices":[{"event_name":"World of Goop","player_choice":"Gather Gold","floor":2,"damage_taken":0},{"event_name":"Living Wall","player_choice":"Forget","floor":5,"damage_taken":0},{"event_name":"Accursed Blacksmith","player_choice":"Forge","floor":13,"damage_taken":0},{"event_name":"Vampires","player_choice":"Became a vampire (Vial)","floor":19,"damage_taken":0},{"event_name":"Masked Bandits","player_choice":"Fought Bandits","floor":20,"damage_taken":0}],"is_beta":false,"boss_relics":[{"not_picked":["Philosopher\u0027s Stone","Orrery"],"picked":"Empty Cage"}],"items_purged_floors":[3],"is_endless":false,"potions_floor_spawned":[4,16],"killed_by":"Masked Bandits","ascension_level":0}