{"path_per_floor":["M","M","?","?","?","R","M","E","T","?","$","E","M","?","R","B",null,"M","$","?","?","M","E","R","$","T","M","M","E"],"character_chosen":"THE_SILENT","items_purchased":["Bag of Preparation","Finisher","Toxic Egg 2","Leg Sweep"],"gold_per_floor":[113,127,127,127,202,202,221,252,252,252,15,43,53,228,228,330,330,320,30,30,30,47,73,73,5,5,19,29,84],"floor_reached":30,"campfire_rested":2,"playtime":2509,"current_hp_per_floor":[70,70,70,70,59,59,59,34,34,20,20,10,10,10,31,37,70,58,58,58,58,50,32,53,53,53,9,3,3],"items_purged":["Regret","Doubt"],"gold":84,"score":316,"play_id":"82aad13d-36ed-4f70-b844-aac74066d82d","local_time":"20180321215435","is_prod":false,"is_daily":false,"is_ascension_mode":true,"campfire_upgraded":1,"timestamp":1521665675,"path_taken":["M","M","?","?","?","R","?","E","T","?","$","E","M","?","R","BOSS","M","$","?","?","?","E","R","$","T","M","M","E","M"],"build_version":"2018-03-15v3","purchased_purges":4,"victory":false,"master_deck":["Defend_G","Defend_G","Defend_G","Defend_G","Defend_G","Strike_G","Strike_G","Strike_G","Strike_G","Strike_G+1","Survivor","Neutralize","Cloak And Dagger","Accuracy+1","Backstab+1","Cloak And Dagger","Finisher","Envenom","Blade Dance","Die Die Die","Backflip","Blur","Terror","Sucker Punch","Flying Knee","Flying Knee+1","Accuracy","Deflect+1","Leg Sweep+1","Noxious Fumes","Escape Plan+1","Cloak And Dagger+1"],"max_hp_per_floor":[70,70,70,70,70,70,70,70,70,70,70,70,70,70,70,70,70,70,70,70,70,70,70,70,70,70,70,70,70],"relics":["Ring of the Snake","NeowsBlessing","Oddly Smooth Stone","Smiling Mask","Pantograph","Bag of Preparation","Ginger","Orrery","Toxic Egg 2","Dodecahedron","Ice Cream","Tiny Chest"],"card_choices":[{"not_picked":["Outmaneuver","Prepared"],"picked":"Cloak And Dagger"},{"not_picked":["Caltrops","Underhanded Strike"],"picked":"Accuracy"},{"not_picked":["Wraith Form","Sucker Punch"],"picked":"Backstab"},{"not_picked":["Prepared","Flechettes"],"picked":"Cloak And Dagger"},{"not_picked":["Cloak And Dagger","Tools of the Trade"],"picked":"Envenom"},{"not_picked":["Sucker Punch","Dash"],"picked":"Blade Dance"},{"not_picked":["Grand Finale","Wraith Form"],"picked":"Die Die Die"},{"not_picked":["Reflex","Concentrate"],"picked":"Backflip"},{"not_picked":["Dagger Spray","Masterful Stab"],"picked":"Blur"},{"not_picked":["Flechettes","Skewer"],"picked":"Terror"},{"not_picked":["Expertise","Backflip"],"picked":"Sucker Punch"},{"not_picked":["Acrobatics","Calculated Gamble"],"picked":"Flying Knee"},{"not_picked":["Quick Slash","Backstab"],"picked":"Flying Knee"},{"not_picked":["Dagger Throw","Endless Agony"],"picked":"Accuracy"},{"not_picked":["Concentrate","Tools of the Trade"],"picked":"Deflect"},{"not_picked":["Dagger Throw","Dagger Spray"],"picked":"Noxious Fumes"},{"not_picked":["Caltrops","Backflip"],"picked":"Escape Plan"},{"not_picked":["Caltrops","Acrobatics"],"picked":"Cloak And Dagger"}],"player_experience":256453,"potions_floor_usage":[12,23,29,29,29],"damage_taken":[{"damage":0,"enemies":"2 Louse","floor":1,"turns":1},{"damage":0,"enemies":"Jaw Worm","floor":2,"turns":1},{"damage":0,"enemies":"Small Slimes","floor":7,"turns":1},{"damage":25,"enemies":"Lagavulin","floor":8,"turns":11},{"damage":10,"enemies":"Gremlin Nob","floor":12,"turns":4},{"damage":0,"enemies":"Blue Slaver","floor":13,"turns":3},{"damage":19,"enemies":"The Guardian","floor":16,"turns":9},{"damage":12,"enemies":"2 Thieves","floor":18,"turns":4},{"damage":8,"enemies":"Shell Parasite","floor":22,"turns":6},{"damage":18,"enemies":"Book of Stabbing","floor":23,"turns":6},{"damage":44,"enemies":"Chosen and Byrds","floor":27,"turns":7},{"damage":6,"enemies":"Snake Plant","floor":28,"turns":5},{"damage":0,"enemies":"Slavers","floor":29,"turns":5},{"damage":5,"enemies":"Sentry and Sphere","floor":30,"turns":3}],"event_choices":[{"event_name":"The Cleric","player_choice":"Leave","floor":3,"damage_taken":0},{"event_name":"Big Fish","player_choice":"Box","floor":4,"damage_taken":0},{"event_name":"World of Goop","player_choice":"Gather Gold","floor":5,"damage_taken":0},{"event_name":"Shining Light","player_choice":"Entered Light","floor":10,"damage_taken":0},{"event_name":"Liars Game","player_choice":"agreed","floor":14,"damage_taken":0},{"event_name":"Beggar","player_choice":"Ignored","floor":20,"damage_taken":0},{"event_name":"Addict","player_choice":"Ignored","floor":21,"damage_taken":0}],"boss_relics":[{"not_picked":["The Specimen","Sozu"],"picked":"Orrery"}],"potions_floor_spawned":[2,12,16,22,23],"seed_played":"-3029215283220477202","killed_by":"Sentry and Sphere","ascension_level":1,"is_trial":false}