{"path_per_floor":["M","M","?","M","?","M","E","R","T","M","R","M","M","E","R","B",null,"M","M","?","M","M","R","E","?","T"],"character_chosen":"THE_SILENT","items_purchased":[],"gold_per_floor":[142,157,157,174,174,185,212,212,212,232,232,247,263,292,292,392,392,411,421,511,526,540,540,573,488,488],"floor_reached":27,"campfire_rested":1,"playtime":2996,"current_hp_per_floor":[75,75,75,75,75,71,69,69,69,64,64,64,59,56,56,42,75,43,38,22,18,13,35,35,35,35],"items_purged":[],"gold":488,"score":272,"play_id":"0db0740c-256e-419c-8e62-a7333ce3dd7c","local_time":"20180318174025","is_prod":false,"is_daily":false,"is_ascension_mode":false,"campfire_upgraded":3,"timestamp":1521391225,"path_taken":["M","M","?","M","?","M","E","R","T","M","R","M","M","E","R","BOSS","M","M","?","?","M","R","E","?","T","E"],"build_version":"2018-03-15v3","purchased_purges":0,"victory":false,"master_deck":["Defend_G","Defend_G","Defend_G","Defend_G","Defend_G","Strike_G","Strike_G","Strike_G","Strike_G","Strike_G","Survivor","Neutralize+1","Dagger Throw","Phantasmal Killer+1","Backstab","Dash","Cloak And Dagger","Noxious Fumes+1","Blur+1","Slice","Deflect","Bane+1","Burst","Underhanded Strike","Cloak And Dagger+1","Masterful Stab+1","Deflect+1","Backstab"],"max_hp_per_floor":[75,75,75,75,75,75,75,75,75,75,75,75,75,75,75,75,75,75,75,75,75,75,75,75,75,75],"relics":["Tiny House","Smiling Mask","Unceasing Top","Orichalcum","Black Star","Happy Flower","Omamori","Torii","Shovel"],"card_choices":[{"not_picked":["Dagger Spray","Setup"],"picked":"Dagger Throw"},{"not_picked":["Predator","Backflip"],"picked":"Phantasmal Killer"},{"not_picked":["Blur","Acrobatics"],"picked":"Backstab"},{"not_picked":["Acrobatics","Prepared"],"picked":"Dash"},{"not_picked":["PiercingWail","Corpse Explosion"],"picked":"Cloak And Dagger"},{"not_picked":["Expertise","Acrobatics"],"picked":"Noxious Fumes"},{"not_picked":["Acrobatics","PiercingWail"],"picked":"Blur"},{"not_picked":["Footwork","Backflip"],"picked":"Slice"},{"not_picked":["Dodge and Roll","All Out Attack"],"picked":"Deflect"},{"not_picked":["Dagger Spray","Sucker Punch"],"picked":"Bane"},{"not_picked":["Tools of the Trade","Storm of Steel"],"picked":"Burst"},{"not_picked":["Cloak And Dagger","Acrobatics"],"picked":"Underhanded Strike"},{"not_picked":["Acrobatics","Finisher"],"picked":"Cloak And Dagger"},{"not_picked":["Sucker Punch","Backflip"],"picked":"Masterful Stab"},{"not_picked":["Dagger Throw","Glass Knife"],"picked":"Deflect"},{"not_picked":["Endless Agony","Flying Knee"],"picked":"Backstab"}],"player_experience":158103,"potions_floor_usage":[7,21,22,24,24,27],"damage_taken":[{"damage":0,"enemies":"Small Slimes","floor":1,"turns":3},{"damage":0,"enemies":"Jaw Worm","floor":2,"turns":3},{"damage":0,"enemies":"Cultist","floor":4,"turns":3},{"damage":4,"enemies":"Blue Slaver","floor":6,"turns":3},{"damage":2,"enemies":"Gremlin Nob","floor":7,"turns":4},{"damage":5,"enemies":"Looter","floor":10,"turns":2},{"damage":0,"enemies":"Gremlin Gang","floor":12,"turns":4},{"damage":5,"enemies":"Exordium Thugs","floor":13,"turns":4},{"damage":3,"enemies":"3 Sentries","floor":14,"turns":6},{"damage":14,"enemies":"The Guardian","floor":16,"turns":12},{"damage":32,"enemies":"Chosen","floor":18,"turns":7},{"damage":5,"enemies":"Shell Parasite","floor":19,"turns":7},{"damage":4,"enemies":"Centurion and Healer","floor":21,"turns":9},{"damage":5,"enemies":"Snecko","floor":22,"turns":5},{"damage":0,"enemies":"Slavers","floor":24,"turns":7},{"damage":40,"enemies":"Gremlin Leader","floor":27,"turns":6}],"event_choices":[{"event_name":"Living Wall","player_choice":"Grow","floor":3,"damage_taken":0},{"event_name":"The Cleric","player_choice":"Leave","floor":5,"damage_taken":0},{"event_name":"Knowing Skull","player_choice":"GOLD ","floor":20,"damage_taken":0},{"event_name":"Addict","player_choice":"Obtained Relic","floor":25,"damage_taken":0}],"boss_relics":[{"not_picked":["Runic Pyramid","The Specimen"],"picked":"Black Star"}],"potions_floor_spawned":[7,10,13,16,19,21,22],"seed_played":"-9092051153240413975","killed_by":"Gremlin Leader","ascension_level":0,"is_trial":false}