{"gold_per_floor":[114,114,114,127,143,143,143,159,214,231,11,26,42,56,56,160,160,172,172,197,197,212,212,50,50,50,50,83,83,31,51,51,156,206,222,222,27,27,27,27,55,55,55,67,67,0,14,28,28,28],"floor_reached":50,"playtime":3345,"items_purged":["Regret"],"score":480,"play_id":"cefa029c-e7cb-48e0-bb38-82e9fd9c622b","local_time":"20181206194658","is_ascension_mode":false,"campfire_choices":[{"data":"Crippling Poison","floor":6,"key":"SMITH"},{"floor":15,"key":"REST"},{"floor":23,"key":"REST"},{"data":"Corpse Explosion","floor":25,"key":"SMITH"},{"data":"Venomology","floor":27,"key":"SMITH"},{"floor":32,"key":"REST"},{"data":"Madness","floor":40,"key":"SMITH"},{"floor":42,"key":"REST"},{"floor":49,"key":"REST"}],"neow_cost":"NONE","seed_source_timestamp":876841993312400,"circlet_count":0,"master_deck":["Defend_G","Defend_G","Defend_G","Defend_G","Strike_G","Strike_G","Strike_G","Strike_G","Survivor","Neutralize","Corpse Explosion+1","Crippling Poison+1","Bane","Deadly Poison+1","Slice","Deadly Poison","Choke","Acrobatics","Venomology+1","Distraction","Dagger Spray+1","Madness+1","Poisoned Stab+1","Outmaneuver","Adrenaline","Corpse Explosion","Backstab","Catalyst","Night Terror+1","Poisoned Stab+1","Deadly Poison+1","Blur+1"],"relics":["Ring of the Serpent","NeowsBlessing","Juzu Bracelet","Lantern","OrangePellets","Bronze Scales","Enchiridion","Incense Burner","Ornamental Fan","Tiny House","Toolbox","Boot","Torii","Red Mask"],"potions_floor_usage":[8,16,16,16,16,22,28,28,31,41,47,50,50,50],"damage_taken":[{"damage":0,"enemies":"2 Louse","floor":1,"turns":1},{"damage":0,"enemies":"Small Slimes","floor":4,"turns":1},{"damage":0,"enemies":"Cultist","floor":5,"turns":1},{"damage":6,"enemies":"Large Slime","floor":8,"turns":5},{"damage":3,"enemies":"2 Fungi Beasts","floor":10,"turns":2},{"damage":10,"enemies":"Exordium Thugs","floor":12,"turns":3},{"damage":3,"enemies":"Looter","floor":13,"turns":4},{"damage":20,"enemies":"Large Slime","floor":14,"turns":7},{"damage":41,"enemies":"The Guardian","floor":16,"turns":10},{"damage":10,"enemies":"3 Byrds","floor":18,"turns":2},{"damage":10,"enemies":"Shell Parasite","floor":22,"turns":4},{"damage":37,"enemies":"Book of Stabbing","floor":28,"turns":5},{"damage":7,"enemies":"Snake Plant","floor":31,"turns":3},{"damage":43,"enemies":"Automaton","floor":33,"turns":12},{"damage":15,"enemies":"Orb Walker","floor":35,"turns":3},{"damage":47,"enemies":"Nemesis","floor":41,"turns":7},{"damage":1,"enemies":"3 Darklings","floor":44,"turns":3},{"damage":21,"enemies":"Jaw Worm Horde","floor":47,"turns":5},{"damage":1,"enemies":"Transient","floor":48,"turns":5},{"damage":44,"enemies":"Donu and Deca","floor":50,"turns":4}],"seed_played":"8600106857917857725","potions_obtained":[{"floor":4,"key":"AttackPotion"},{"floor":8,"key":"GhostInAJar"},{"floor":13,"key":"EntropicBrew"},{"floor":14,"key":"Dexterity Potion"},{"floor":16,"key":"SpeedPotion"},{"floor":22,"key":"LiquidBronze"},{"floor":34,"key":"Fire Potion"},{"floor":35,"key":"LiquidBronze"},{"floor":41,"key":"GhostInAJar"}],"is_trial":false,"path_per_floor":["M","?","?","M","M","R","?","M","T","M","$","M","M","M","R","B",null,"M","?","T","?","M","R","$","R","T","R","E","?","$","M","R","B",null,"M","?","$","?","?","R","E","R","T","M","$","?","M","M","R","B"],"character_chosen":"THE_SILENT","items_purchased":["OrangePellets","Slice","Madness","Outmaneuver","Toolbox"],"campfire_rested":5,"item_purchase_floors":[11,11,24,30,37],"current_hp_per_floor":[70,63,63,63,63,63,63,57,57,54,54,44,41,21,42,1,70,60,60,60,44,48,69,69,69,69,69,32,32,32,25,46,3,75,60,60,60,60,60,60,13,35,35,34,34,34,13,12,34,0],"gold":28,"neow_bonus":"THREE_ENEMY_KILL","is_prod":false,"is_daily":false,"chose_seed":false,"campfire_upgraded":4,"win_rate":0.0,"timestamp":1544078818,"path_taken":["M","?","?","M","?","R","?","M","T","M","$","M","M","M","R","BOSS","M","?","?","?","M","R","$","R","T","R","E","?","?","M","R","BOSS","M","?","?","?","?","R","E","R","T","M","$","?","M","M","R","BOSS"],"build_version":"2018-11-15","purchased_purges":1,"victory":false,"max_hp_per_floor":[70,70,70,70,70,70,70,70,70,70,70,70,70,70,70,70,70,70,70,70,70,70,70,70,70,70,70,70,70,70,70,70,70,75,75,75,75,75,75,75,75,75,75,75,75,75,75,75,75,75],"card_choices":[{"not_picked":["Caltrops","Underhanded Strike"],"picked":"PiercingWail","floor":1},{"not_picked":["Outmaneuver","Prepared"],"picked":"Crippling Poison","floor":4},{"not_picked":["Sucker Punch","Outmaneuver"],"picked":"Bane","floor":5},{"not_picked":["Deflect","Leg Sweep"],"picked":"Backflip","floor":8},{"not_picked":["Endless Agony","Expertise"],"picked":"Deadly Poison","floor":10},{"not_picked":["After Image","Dagger Throw"],"picked":"Deadly Poison","floor":12},{"not_picked":["Blade Dance","Quick Slash"],"picked":"Choke","floor":13},{"not_picked":["Dodge and Roll","All Out Attack"],"picked":"Acrobatics","floor":14},{"not_picked":["Malaise","Doppelganger"],"picked":"Venomology","floor":16},{"not_picked":["Quick Slash","Leg Sweep"],"picked":"Distraction","floor":18},{"not_picked":["Dagger Throw","Quick Slash"],"picked":"Dagger Spray+1","floor":22},{"not_picked":["Slice","Dagger Spray"],"picked":"Poisoned Stab+1","floor":28},{"not_picked":["Eviscerate","Prepared"],"picked":"Adrenaline","floor":31},{"not_picked":["Malaise","Burst"],"picked":"Corpse Explosion","floor":33},{"not_picked":["Concentrate","Cloak And Dagger+1"],"picked":"Backstab","floor":34},{"not_picked":["Blade Dance+1","Accuracy"],"picked":"Catalyst","floor":35},{"not_picked":["Concentrate","Quick Slash+1"],"picked":"Poisoned Stab+1","floor":41},{"not_picked":["Predator","Deflect"],"picked":"Deadly Poison+1","floor":44},{"not_picked":["Blade Dance","Bullet Time"],"picked":"Blur+1","floor":47},{"not_picked":["Slice+1","Dash+1","Underhanded Strike"],"picked":"SKIP","floor":48}],"player_experience":407354,"relics_obtained":[{"floor":9,"key":"Lantern"},{"floor":20,"key":"Bronze Scales"},{"floor":21,"key":"Enchiridion"},{"floor":26,"key":"Incense Burner"},{"floor":28,"key":"Ornamental Fan"},{"floor":41,"key":"Boot"},{"floor":43,"key":"Torii"}],"event_choices":[{"cards_removed":["Defend_G"],"damage_healed":0,"gold_gain":0,"player_choice":"Card Removal","damage_taken":7,"max_hp_gain":0,"max_hp_loss":0,"event_name":"Golden Wing","floor":2,"gold_loss":0},{"cards_removed":["PiercingWail"],"damage_healed":0,"gold_gain":0,"player_choice":"Took Card","damage_taken":0,"max_hp_gain":0,"max_hp_loss":0,"event_name":"NoteForYourself","floor":3,"gold_loss":0,"cards_obtained":["Corpse Explosion"]},{"damage_healed":0,"gold_gain":0,"player_choice":"Box","damage_taken":0,"relics_obtained":["Juzu Bracelet"],"max_hp_gain":0,"max_hp_loss":0,"event_name":"Big Fish","floor":7,"gold_loss":0,"cards_obtained":["Regret"]},{"damage_healed":0,"gold_gain":0,"player_choice":"Ignored","damage_taken":0,"max_hp_gain":0,"max_hp_loss":0,"event_name":"Vampires","floor":19,"gold_loss":0},{"damage_healed":0,"gold_gain":0,"player_choice":"Obtained Book","damage_taken":16,"max_hp_gain":0,"max_hp_loss":0,"event_name":"Cursed Tome","floor":21,"gold_loss":0},{"damage_healed":0,"gold_gain":0,"player_choice":"Ignored","damage_taken":0,"max_hp_gain":0,"max_hp_loss":0,"event_name":"Ghosts","floor":29,"gold_loss":0},{"damage_healed":0,"gold_gain":0,"cards_transformed":["Strike_G"],"player_choice":"Transformed","damage_taken":0,"max_hp_gain":0,"max_hp_loss":0,"event_name":"Transmorgrifier","floor":36,"gold_loss":0,"cards_obtained":["Night Terror"]},{"damage_healed":0,"gold_gain":0,"player_choice":"Forge","damage_taken":0,"max_hp_gain":0,"max_hp_loss":0,"event_name":"Accursed Blacksmith","floor":38,"gold_loss":0,"cards_upgraded":["Night Terror"]},{"cards_removed":["Backflip"],"damage_healed":0,"gold_gain":0,"player_choice":"Removed Skill","damage_taken":0,"max_hp_gain":0,"max_hp_loss":0,"event_name":"Falling","floor":39,"gold_loss":0},{"damage_healed":0,"gold_gain":0,"player_choice":"Paid","damage_taken":0,"relics_obtained":["Red Mask"],"max_hp_gain":0,"max_hp_loss":0,"event_name":"Tomb of Lord Red Mask","floor":46,"gold_loss":67}],"is_beta":false,"boss_relics":[{"not_picked":["Snecko Eye","HoveringKite"],"picked":"Ring of the Serpent"},{"not_picked":["Runic Pyramid","Sozu"],"picked":"Tiny House"}],"items_purged_floors":[24],"is_endless":false,"potions_floor_spawned":[4,8,13,14,16,22,35,41,48],"killed_by":"Donu and Deca","ascension_level":0}