{"gold_per_floor":[115,131,145,0,0,0,32,47,47,66,66,66,84,102,102,231,231,250,273,273,273,294,294,334,334,379,304,323,323,358,374,374,500,500,521,521,177,190,205,205,243,243,269,269,307,58,71,92,92,92],"floor_reached":51,"playtime":2488,"items_purged":["Strike_R","Strike_R"],"score":1161,"play_id":"19f7cb85-4df3-4aaa-a125-28c9d8cccb16","local_time":"20181018114429","is_ascension_mode":true,"campfire_choices":[{"data":"Pommel Strike","floor":6.0,"key":"SMITH"},{"data":"Bash","floor":11.0,"key":"SMITH"},{"data":"Bludgeon","floor":15.0,"key":"SMITH"},{"data":"True Grit","floor":23.0,"key":"SMITH"},{"data":"Power Through","floor":25.0,"key":"SMITH"},{"data":"Perfected Strike","floor":29.0,"key":"SMITH"},{"data":"Perfected Strike","floor":32.0,"key":"SMITH"},{"data":"Impervious","floor":40,"key":"SMITH"},{"data":"Sever Soul","floor":42,"key":"SMITH"},{"data":"Shrug It Off","floor":44,"key":"SMITH"},{"data":"Havoc","floor":49,"key":"SMITH"}],"neow_cost":"NONE","seed_source_timestamp":6249376651272,"circlet_count":0,"master_deck":["Strike_R","Strike_R","Strike_R","Defend_R","Defend_R+1","Defend_R","Defend_R","Bash+1","AscendersBane","Twin Strike","Pommel Strike+1","Shrug It Off+1","Uppercut+1","Bludgeon+1","Perfected Strike+1","True Grit+1","Power Through+1","Feed","Wild Strike+1","Perfected Strike+1","Clash+1","Impervious+1","Shrug It Off+1","Flame Barrier+1","Sever Soul+1","Havoc+1"],"special_seed":0,"relics":["Burning Blood","Oddly Smooth Stone","Paper Frog","Mercury Hourglass","Golden Idol","Busted Crown","Ornamental Fan","Darkstone Periapt","Orichalcum","Shuriken","Mark of Pain","Torii","War Paint","Pear","Red Skull","Dream Catcher","Strawberry"],"potions_floor_usage":[33,33,36,39,41,45,50,50],"damage_taken":[{"damage":6.0,"enemies":"Cultist","floor":1.0,"turns":3.0},{"damage":3.0,"enemies":"2 Louse","floor":2.0,"turns":3.0},{"damage":0.0,"enemies":"Small Slimes","floor":3.0,"turns":3.0},{"damage":35.0,"enemies":"Lagavulin","floor":7.0,"turns":6.0},{"damage":4.0,"enemies":"Blue Slaver","floor":8.0,"turns":4.0},{"damage":1.0,"enemies":"3 Louse","floor":10.0,"turns":3.0},{"damage":10.0,"enemies":"Gremlin Gang","floor":13.0,"turns":3.0},{"damage":10.0,"enemies":"Red Slaver","floor":14.0,"turns":2.0},{"damage":24.0,"enemies":"The Guardian","floor":16.0,"turns":8.0},{"damage":4.0,"enemies":"Chosen","floor":18.0,"turns":3.0},{"damage":3.0,"enemies":"Shell Parasite","floor":19.0,"turns":5.0},{"damage":2.0,"enemies":"Snake Plant","floor":22.0,"turns":2.0},{"damage":24.0,"enemies":"Book of Stabbing","floor":24.0,"turns":4.0},{"damage":0.0,"enemies":"3 Cultists","floor":28.0,"turns":4.0},{"damage":0.0,"enemies":"Gremlin Leader","floor":30.0,"turns":6.0},{"damage":8.0,"enemies":"Shelled Parasite and Fungi","floor":31.0,"turns":2.0},{"damage":35,"enemies":"Collector","floor":33,"turns":11},{"damage":6,"enemies":"Orb Walker","floor":35,"turns":4},{"damage":0,"enemies":"Mind Bloom Boss Battle","floor":36,"turns":6},{"damage":1,"enemies":"3 Shapes","floor":38,"turns":6},{"damage":1,"enemies":"Transient","floor":39,"turns":5},{"damage":23,"enemies":"Nemesis","floor":41,"turns":7},{"damage":6,"enemies":"Giant Head","floor":45,"turns":7},{"damage":10,"enemies":"Reptomancer","floor":47,"turns":2},{"damage":2,"enemies":"Spire Growth","floor":48,"turns":4},{"damage":64,"enemies":"Awakened One","floor":50,"turns":13}],"seed_played":"3678019150573690965","potions_obtained":[{"floor":2.0,"key":"LiquidBronze"},{"floor":7.0,"key":"Block Potion"},{"floor":10.0,"key":"Swift Potion"},{"floor":13.0,"key":"PowerPotion"},{"floor":16.0,"key":"BloodPotion"},{"floor":18.0,"key":"SkillPotion"},{"floor":22.0,"key":"FearPotion"},{"floor":33,"key":"FearPotion"},{"floor":35,"key":"Block Potion"},{"floor":41,"key":"SkillPotion"},{"floor":45,"key":"FearPotion"}],"is_trial":false,"path_per_floor":["M","M","M","$","?","R","E","M","T","M","R","?","M","M","R","B",null,"M","M","T","?","M","R","E","R","T","?","M","R","E","M","R","B",null,"M","?","$","M","M","R","E","R","T","R","E","$","M","M","R","B"],"character_chosen":"IRONCLAD","items_purchased":["Uppercut","Shrug It Off","War Paint","SkillPotion","Strawberry","Havoc","PowerPotion"],"campfire_rested":0,"item_purchase_floors":[4,37,37,37,46,46,46],"current_hp_per_floor":[72,75,80,80,80,80,51,53,53,58,58,58,54,50,50,32,64,66,69,69,69,73,73,55,55,55,55,64,64,70,71,71,50,73,73,82,82,86,86,86,79,79,79,79,79,86,82,86,86,31],"gold":92,"neow_bonus":"RANDOM_COMMON_RELIC","is_prod":false,"is_daily":false,"chose_seed":false,"campfire_upgraded":11,"win_rate":0,"timestamp":1539855869,"path_taken":["M","M","M","$","?","R","E","?","T","M","R","?","?","M","R","BOSS","M","M","?","?","M","R","E","R","T","?","M","R","E","M","R","BOSS","M","?","$","M","?","R","E","R","T","R","E","?","M","M","R","BOSS"],"build_version":"2018-10-11","purchased_purges":2,"victory":true,"max_hp_per_floor":[80,80,80,80,80,80,80,80,80,80,80,74,74,74,74,74,74,74,74,74,74,74,74,74,74,74,74,77,77,77,80,80,80,80,80,83,83,86,86,86,96,96,96,96,96,103,103,103,103,106],"card_choices":[{"not_picked":["Thunderclap","Seeing Red"],"picked":"Twin Strike","floor":1.0},{"not_picked":["Corruption","Heavy Blade"],"picked":"Pommel Strike","floor":2.0},{"not_picked":["Twin Strike","Anger"],"picked":"Shrug It Off","floor":3.0},{"not_picked":["Shockwave","Searing Blow"],"picked":"Bludgeon","floor":7.0},{"not_picked":["Pummel","Pommel Strike"],"picked":"Carnage","floor":8.0},{"not_picked":["Pommel Strike","Havoc"],"picked":"Perfected Strike","floor":10.0},{"not_picked":["Thunderclap","Clash"],"picked":"True Grit","floor":13.0},{"not_picked":["True Grit","Infernal Blade"],"picked":"Power Through","floor":14.0},{"not_picked":["Limit Break","Bludgeon"],"picked":"Feed","floor":16.0},{"not_picked":["Rupture+1"],"picked":"SKIP","floor":18.0},{"not_picked":[],"picked":"Wild Strike+1","floor":19.0},{"not_picked":["Havoc"],"picked":"SKIP","floor":22.0},{"not_picked":["Rampage"],"picked":"SKIP","floor":24.0},{"not_picked":[],"picked":"Perfected Strike","floor":28.0},{"not_picked":["Fire Breathing"],"picked":"SKIP","floor":30.0},{"not_picked":[],"picked":"Clash+1","floor":31.0},{"not_picked":[],"picked":"Impervious","floor":33},{"not_picked":["Uppercut"],"picked":"SKIP","floor":35},{"not_picked":[],"picked":"Flame Barrier+1","floor":38},{"not_picked":["Armaments+1"],"picked":"SKIP","floor":39},{"not_picked":[],"picked":"Sever Soul","floor":41},{"not_picked":["Spot Weakness+1"],"picked":"SKIP","floor":45},{"not_picked":["Cleave"],"picked":"SKIP","floor":47},{"not_picked":["Cleave"],"picked":"SKIP","floor":48}],"player_experience":996979,"relics_obtained":[{"floor":7.0,"key":"Paper Frog"},{"floor":9.0,"key":"Mercury Hourglass"},{"floor":20.0,"key":"Ornamental Fan"},{"floor":24.0,"key":"Darkstone Periapt"},{"floor":26.0,"key":"Orichalcum"},{"floor":30.0,"key":"Shuriken"},{"floor":36,"key":"Torii"},{"floor":41,"key":"Pear"},{"floor":43,"key":"Red Skull"},{"floor":45,"key":"Dream Catcher"}],"event_choices":[{"event_name":"Upgrade Shrine","player_choice":"Upgraded","floor":5.0,"damage_taken":0.0},{"event_name":"Golden Idol","player_choice":"Lose Max HP","floor":12.0,"damage_taken":0.0},{"event_name":"Ghosts","player_choice":"Ignored","floor":21.0,"damage_taken":0.0},{"event_name":"Beggar","player_choice":"Gave Gold","floor":27.0,"damage_taken":0.0},{"event_name":"MindBloom","player_choice":"Fight","floor":36,"damage_taken":0}],"is_beta":false,"boss_relics":[{"not_picked":["Runic Cube","Empty Cage"],"picked":"Busted Crown"},{"not_picked":["Velvet Choker","Eternal Feather"],"picked":"Mark of Pain"}],"items_purged_floors":[4,37],"is_endless":false,"potions_floor_spawned":[2,7,10,13,16,18,22,30,33,35,41,45,48],"ascension_level":10}