{"gold_per_floor":[11,29,6,6,6,45,60,85,85,85,129,144,164,189,189,312,312,328,343,94,107,125,125,125],"floor_reached":24,"playtime":1240,"items_purged":["Strike_R"],"score":212,"play_id":"3ad5d3d1-0f35-4373-88af-084fcee289fa","local_time":"20190131184209","is_ascension_mode":false,"campfire_choices":[{"floor":15,"key":"REST"},{"floor":23,"key":"REST"}],"neow_cost":"NO_GOLD","seed_source_timestamp":163986049022299,"circlet_count":0,"master_deck":["Strike_R","Strike_R","Defend_R","Defend_R","Defend_R","Bash","Seeing Red","Heavy Blade","Inflame","Armaments","Immolate","Shrug It Off","Pommel Strike","Flex","True Grit","Whirlwind","Barricade","Battle Trance","Havoc+1","Inflame","Flex","Uppercut","Shrug It Off","Iron Wave+1"],"relics":["Burning Blood","Golden Idol","Boot","Centennial Puzzle","Matryoshka","Thread and Needle","Runic Cube"],"potions_floor_usage":[6,14,16,22],"damage_taken":[{"damage":6,"enemies":"Jaw Worm","floor":1,"turns":2},{"damage":6,"enemies":"2 Louse","floor":2,"turns":2},{"damage":37,"enemies":"Gremlin Nob","floor":6,"turns":5},{"damage":0,"enemies":"Cultist","floor":7,"turns":4},{"damage":0,"enemies":"Gremlin Gang","floor":8,"turns":1},{"damage":36,"enemies":"Lagavulin","floor":11,"turns":4},{"damage":0,"enemies":"Looter","floor":12,"turns":2},{"damage":0,"enemies":"3 Louse","floor":13,"turns":1},{"damage":12,"enemies":"Large Slime","floor":14,"turns":4},{"damage":36,"enemies":"The Guardian","floor":16,"turns":10},{"damage":15,"enemies":"Shell Parasite","floor":18,"turns":6},{"damage":29,"enemies":"2 Thieves","floor":19,"turns":3},{"damage":23,"enemies":"Cultist and Chosen","floor":21,"turns":7},{"damage":11,"enemies":"Snake Plant","floor":22,"turns":3},{"damage":50,"enemies":"Book of Stabbing","floor":24,"turns":7}],"seed_played":"-3424205340295114827","potions_obtained":[{"floor":1,"key":"PowerPotion"},{"floor":6,"key":"PowerPotion"},{"floor":12,"key":"BloodPotion"},{"floor":13,"key":"SkillPotion"},{"floor":21,"key":"BloodPotion"}],"is_trial":false,"path_per_floor":["M","M","$","?","?","E","M","M","T","?","E","M","M","M","R","B",null,"M","M","$","M","M","R","E"],"character_chosen":"IRONCLAD","items_purchased":["Armaments","Inflame","Flex","Uppercut"],"campfire_rested":2,"item_purchase_floors":[3,20,20,20],"current_hp_per_floor":[80,80,80,80,74,43,49,55,55,55,25,31,37,38,60,30,74,65,42,42,25,27,49,0],"gold":125,"neow_bonus":"TRANSFORM_TWO_CARDS","is_prod":false,"is_daily":false,"chose_seed":false,"campfire_upgraded":0,"win_rate":0,"timestamp":1548988929,"path_taken":["M","M","$","?","?","E","M","M","T","?","E","?","M","M","R","BOSS","M","?","$","M","M","R","E"],"build_version":"2019-01-23","purchased_purges":1,"victory":false,"max_hp_per_floor":[80,80,80,80,74,74,74,74,74,74,74,74,74,74,74,74,74,74,74,74,74,74,74,74],"card_choices":[{"not_picked":["Entrench","Rage"],"picked":"Inflame","floor":1},{"not_picked":["Body Slam","Second Wind","Clash"],"picked":"SKIP","floor":2},{"not_picked":["Iron Wave","Thunderclap"],"picked":"Shrug It Off","floor":6},{"not_picked":["Blood for Blood","Clothesline","Iron Wave"],"picked":"SKIP","floor":7},{"not_picked":["Wild Strike","Perfected Strike"],"picked":"Pommel Strike","floor":8},{"not_picked":["Hemokinesis","Cleave"],"picked":"Flex","floor":11},{"not_picked":["Burning Pact","Evolve"],"picked":"True Grit","floor":12},{"not_picked":["Body Slam","Twin Strike","Sword Boomerang"],"picked":"SKIP","floor":13},{"not_picked":["Clash","Bloodletting"],"picked":"Whirlwind","floor":14},{"not_picked":["Exhume","Impervious"],"picked":"Barricade","floor":16},{"not_picked":["Sword Boomerang","Flex"],"picked":"Battle Trance","floor":18},{"not_picked":["Rupture","Dual Wield+1"],"picked":"Havoc+1","floor":19},{"not_picked":["Inflame","Heavy Blade"],"picked":"Shrug It Off","floor":21},{"not_picked":["Flex","Twin Strike"],"picked":"Iron Wave+1","floor":22}],"player_experience":211199,"relics_obtained":[{"floor":6,"key":"Boot"},{"floor":9,"key":"Centennial Puzzle"},{"floor":11,"key":"Thread and Needle"}],"event_choices":[{"damage_healed":0,"gold_gain":0,"cards_transformed":["Strike_R"],"player_choice":"Change","damage_taken":0,"max_hp_gain":0,"max_hp_loss":0,"event_name":"Living Wall","floor":4,"gold_loss":0,"cards_obtained":["Immolate"]},{"damage_healed":0,"gold_gain":0,"player_choice":"Lose Max HP","damage_taken":0,"relics_obtained":["Golden Idol"],"max_hp_gain":0,"max_hp_loss":6,"event_name":"Golden Idol","floor":5,"gold_loss":0},{"damage_healed":0,"gold_gain":0,"player_choice":"Gave Potion","damage_taken":0,"relics_obtained":["Matryoshka"],"max_hp_gain":0,"max_hp_loss":0,"event_name":"WeMeetAgain","floor":10,"gold_loss":0}],"is_beta":false,"boss_relics":[{"not_picked":["Pandora\u0027s Box","Busted Crown"],"picked":"Runic Cube"}],"items_purged_floors":[20],"is_endless":false,"potions_floor_spawned":[1,6,12,13,21],"killed_by":"Book of Stabbing","ascension_level":0}