{"path_per_floor":["M","?","$","?","M","E","R","E","T","M","M","R","M","$","R","B",null,"M","?","?","M","M","R"],"character_chosen":"DEFECT","items_purchased":["Bronze Scales","Lantern","Redo"],"gold_per_floor":[213,213,138,138,153,185,185,246,318,337,352,352,368,46,46,149,149,159,159,159,172,190,190,190],"floor_reached":24,"campfire_rested":2,"playtime":3169,"item_purchase_floors":[],"current_hp_per_floor":[57,57,57,75,74,42,42,12,12,12,12,34,34,34,34,14,60,60,60,44,43,6,28,0],"items_purged":["Normality"],"gold":190,"score":258,"play_id":"0dc78db1-3994-4867-8cab-dbeca98b2646","local_time":"20180605135936","is_prod":false,"is_daily":false,"chose_seed":false,"is_ascension_mode":true,"campfire_upgraded":2,"win_rate":0,"timestamp":1528199976,"campfire_choices":[{"data":"Zap","floor":7.0,"key":"SMITH"},{"floor":12.0,"key":"REST"},{"data":"Redo","floor":15.0,"key":"SMITH"},{"floor":23,"key":"REST"}],"path_taken":["M","?","$","?","M","E","R","E","T","M","M","R","M","$","R","BOSS","M","?","?","M","M","R","E"],"build_version":"2018-05-31","seed_source_timestamp":0,"purchased_purges":1,"victory":false,"master_deck":["Strike_B","Strike_B","Strike_B","Strike_B","Defend_B","Defend_B","Defend_B","Defend_B","Zap+1","Dualcast","Sweeping Beam","Hologram","Defragment","All For One","Cold Snap","Undo","Conserve Battery","Redo+1","Creative AI","Sweeping Beam+1","Decay","Redo","Conserve Battery+1"],"max_hp_per_floor":[75,75,75,75,75,75,75,75,75,75,75,75,75,75,75,75,75,75,75,75,75,75,75,75],"relics":["Cracked Core","Happy Flower","Sundial","Tiny Chest","Shuriken","Bronze Scales","Lantern","Inserter","Enchiridion"],"card_choices":[{"not_picked":["Conserve Battery","Go for the Eyes"],"picked":"Sweeping Beam","floor":1.0},{"not_picked":["Barrage","Compile Driver"],"picked":"Hologram","floor":5.0},{"not_picked":["Sweeping Beam","FTL"],"picked":"Defragment","floor":6.0},{"not_picked":["Compile Driver","Rebound"],"picked":"All For One","floor":8.0},{"not_picked":["Steam Power","Redo"],"picked":"Cold Snap","floor":10.0},{"not_picked":["Recycle","Static Discharge"],"picked":"Undo","floor":11.0},{"not_picked":["Hologram","Tempest"],"picked":"Conserve Battery","floor":13.0},{"not_picked":["Rainbow","All For One"],"picked":"Creative AI","floor":16.0},{"not_picked":["Streamline","Go for the Eyes"],"picked":"Sweeping Beam+1","floor":18.0},{"not_picked":["Leap","Meteor Strike"],"picked":"Redo","floor":21.0},{"not_picked":["Sweeping Beam","Beam Cell"],"picked":"Conserve Battery+1","floor":22}],"player_experience":717499,"potions_floor_usage":[],"damage_taken":[{"damage":18.0,"enemies":"Small Slimes","floor":1.0,"turns":3.0},{"damage":1.0,"enemies":"Cultist","floor":5.0,"turns":3.0},{"damage":32.0,"enemies":"Gremlin Nob","floor":6.0,"turns":4.0},{"damage":30.0,"enemies":"Lagavulin","floor":8.0,"turns":7.0},{"damage":0.0,"enemies":"Jaw Worm","floor":10.0,"turns":4.0},{"damage":0.0,"enemies":"Exordium Wildlife","floor":11.0,"turns":3.0},{"damage":0.0,"enemies":"2 Fungi Beasts","floor":13.0,"turns":3.0},{"damage":20.0,"enemies":"The Guardian","floor":16.0,"turns":9.0},{"damage":0.0,"enemies":"Chosen","floor":18.0,"turns":4.0},{"damage":1.0,"enemies":"3 Byrds","floor":21.0,"turns":2.0},{"damage":37.0,"enemies":"3 Cultists","floor":22.0,"turns":5.0},{"damage":35,"enemies":"Slavers","floor":24,"turns":3}],"relics_obtained":[{"floor":6.0,"key":"Sundial"},{"floor":8.0,"key":"Tiny Chest"},{"floor":9.0,"key":"Shuriken"},{"floor":20.0,"key":"Enchiridion"}],"event_choices":[{"event_name":"Accursed Blacksmith","player_choice":"Rummage","floor":2.0,"damage_taken":0.0},{"event_name":"Big Fish","player_choice":"Banana","floor":4.0,"damage_taken":0.0},{"event_name":"Wheel of Change","player_choice":"Curse","floor":19.0,"damage_taken":0.0},{"event_name":"Cursed Tome","player_choice":"Obtained Book","floor":20.0,"damage_taken":0.0}],"boss_relics":[],"items_purged_floors":[],"potions_floor_spawned":[8,13,16,18],"seed_played":"1313513395203505044","killed_by":"Slavers","ascension_level":5,"potions_obtained":[{"floor":8.0,"key":"EssenceOfSteel"},{"floor":13.0,"key":"Poison Potion"},{"floor":16.0,"key":"Explosive Potion"},{"floor":18.0,"key":"SteroidPotion"}],"is_trial":false}