{"gold_per_floor":[115,115,134,134,134,178,192,192,192,192,230,254,254,268,268,391,391,404,479,479,498,9,45,45,68,95,95,95],"floor_reached":28,"playtime":1478,"items_purged":[],"score":263,"play_id":"f4752580-1a50-46a2-b7c3-1c3ea1f84ff1","local_time":"20181230154331","is_ascension_mode":false,"campfire_choices":[{"data":"Zap","floor":8,"key":"SMITH"},{"floor":13,"key":"RECALL"},{"data":"Lockon","floor":15,"key":"SMITH"},{"data":"Loop","floor":24,"key":"SMITH"}],"neow_cost":"NONE","seed_source_timestamp":846969422212512,"circlet_count":0,"master_deck":["Strike_B","Defend_B+1","Defend_B","Defend_B","Zap+1","Dualcast+1","Turbo","Ball Lightning","Injury","Lockon+1","Core Surge","Scrape","Loop+1","Lockon","Conserve Battery","Buffer","Biased Cognition+1","Glacier+1","Rainbow+1","Fusion","Stack+1","Capacitor","Barrage+1","Redo+1"],"relics":["Cracked Core","NeowsBlessing","Golden Idol","Vajra","Bottled Flame","Odd Mushroom","Astrolabe","Mercury Hourglass","MutagenicStrength","Bottled Lightning","Toolbox","DataDisk","Potion Belt"],"potions_floor_usage":[11,16,21,23,23,23,27,28],"damage_taken":[{"damage":0,"enemies":"2 Louse","floor":1,"turns":1},{"damage":0,"enemies":"Jaw Worm","floor":3,"turns":1},{"damage":0,"enemies":"Gremlin Nob","floor":6,"turns":1},{"damage":0,"enemies":"Small Slimes","floor":7,"turns":2},{"damage":8,"enemies":"The Mushroom Lair","floor":11,"turns":4},{"damage":0,"enemies":"Exordium Wildlife","floor":12,"turns":2},{"damage":2,"enemies":"Blue Slaver","floor":14,"turns":2},{"damage":21,"enemies":"Slime Boss","floor":16,"turns":9},{"damage":2,"enemies":"Chosen","floor":18,"turns":4},{"damage":5,"enemies":"2 Thieves","floor":21,"turns":3},{"damage":12,"enemies":"Slavers","floor":23,"turns":4},{"damage":11,"enemies":"Sentry and Sphere","floor":25,"turns":6},{"damage":0,"enemies":"Centurion and Healer","floor":27,"turns":1},{"damage":59,"enemies":"Gremlin Leader","floor":28,"turns":4}],"seed_played":"4820986797478544725","potions_obtained":[{"floor":1,"key":"EssenceOfSteel"},{"floor":3,"key":"SkillPotion"},{"floor":12,"key":"Regen Potion"},{"floor":16,"key":"EntropicBrew"},{"floor":18,"key":"SkillPotion"},{"floor":23,"key":"Explosive Potion"}],"is_trial":false,"path_per_floor":["M","?","M","?","?","E","M","R","T","T","?","M","R","M","R","B",null,"M","T","?","M","$","E","R","M","T","M","E"],"character_chosen":"DEFECT","items_purchased":["Bottled Lightning","Toolbox","Capacitor"],"campfire_rested":0,"item_purchase_floors":[22,22,22],"current_hp_per_floor":[75,60,60,60,60,60,60,60,60,60,52,52,52,50,50,29,75,73,73,73,68,68,66,66,55,55,55,0],"gold":95,"neow_bonus":"THREE_ENEMY_KILL","is_prod":false,"is_daily":false,"chose_seed":false,"campfire_upgraded":3,"win_rate":0,"timestamp":1546137811,"path_taken":["M","?","M","?","?","E","?","R","T","?","?","M","R","?","R","BOSS","M","?","?","M","$","E","R","M","T","M","E"],"build_version":"2018-12-20","purchased_purges":0,"victory":false,"max_hp_per_floor":[75,75,75,75,75,75,75,75,75,75,75,75,75,75,75,75,75,75,75,75,75,75,75,75,75,75,75,75],"card_choices":[{"not_picked":["White Noise","Steam"],"picked":"Turbo","floor":1},{"not_picked":["Gash","Rebound"],"picked":"Ball Lightning","floor":3},{"not_picked":["Fusion","Cold Snap"],"picked":"Core Surge","floor":6},{"not_picked":["Steam","Stack"],"picked":"Scrape","floor":7},{"not_picked":["Cold Snap","Melter"],"picked":"Loop","floor":11},{"not_picked":["Compile Driver","Auto Shields"],"picked":"Lockon","floor":12},{"not_picked":["Go for the Eyes","Redo"],"picked":"Conserve Battery","floor":14},{"not_picked":["Core Surge","Multi-Cast"],"picked":"Buffer","floor":16},{"not_picked":["Cold Snap+1","Ball Lightning"],"picked":"Fusion","floor":18},{"not_picked":["Cold Snap","Beam Cell"],"picked":"Stack+1","floor":21},{"not_picked":["Coolheaded","Go for the Eyes"],"picked":"Barrage+1","floor":23},{"not_picked":["Ball Lightning","Barrage"],"picked":"Redo+1","floor":25}],"player_experience":539251,"relics_obtained":[{"floor":6,"key":"Vajra"},{"floor":9,"key":"Bottled Flame"},{"floor":11,"key":"Odd Mushroom"},{"floor":19,"key":"Mercury Hourglass"},{"floor":23,"key":"DataDisk"},{"floor":26,"key":"Potion Belt"}],"event_choices":[{"damage_healed":0,"gold_gain":0,"player_choice":"Entered Light","damage_taken":15,"max_hp_gain":0,"max_hp_loss":0,"event_name":"Shining Light","floor":2,"gold_loss":0,"cards_upgraded":["Defend_B","Dualcast"]},{"damage_healed":0,"gold_gain":0,"player_choice":"Take Wound","damage_taken":0,"relics_obtained":["Golden Idol"],"max_hp_gain":0,"max_hp_loss":0,"event_name":"Golden Idol","floor":4,"gold_loss":0,"cards_obtained":["Injury"]},{"damage_healed":0,"gold_gain":0,"cards_transformed":["Strike_B"],"player_choice":"Change","damage_taken":0,"max_hp_gain":0,"max_hp_loss":0,"event_name":"Living Wall","floor":5,"gold_loss":0,"cards_obtained":["Lockon"]},{"damage_healed":0,"gold_gain":0,"player_choice":"Fought Mushrooms","damage_taken":0,"max_hp_gain":0,"max_hp_loss":0,"event_name":"Mushrooms","floor":11,"gold_loss":0},{"damage_healed":0,"gold_gain":0,"player_choice":"Inject Mutagens","damage_taken":0,"relics_obtained":["MutagenicStrength"],"max_hp_gain":0,"max_hp_loss":0,"event_name":"Drug Dealer","floor":20,"gold_loss":0}],"is_beta":false,"boss_relics":[{"not_picked":["Philosopher\u0027s Stone","FrozenCore"],"picked":"Astrolabe"}],"items_purged_floors":[],"is_endless":false,"potions_floor_spawned":[1,3,12,16,18,23],"killed_by":"Gremlin Leader","ascension_level":0}