{"path_per_floor":["M","M","?","M","?","R","E","R","T","M","?","R","E","$","R","B",null,"M","$","M","?","M","E","R","M","T","$","R","M","?","?","R"],"character_chosen":"IRONCLAD","items_purchased":["Bronze Scales","Disarm","Block Potion"],"gold_per_floor":[110,122,122,133,133,133,168,168,168,187,187,187,228,3,3,126,126,149,149,169,94,114,152,152,171,171,45,45,60,60,60,60],"floor_reached":33,"campfire_rested":4,"playtime":1348,"current_hp_per_floor":[80,80,73,79,79,79,32,56,56,47,67,67,47,47,71,9,80,56,56,39,39,31,30,54,53,53,53,77,79,56,56,56],"items_purged":["Strike_R"],"gold":60,"score":354,"play_id":"8617103d-c9e6-40c0-bcd5-af77299cb757","local_time":"20180310155248","is_prod":false,"is_daily":false,"is_ascension_mode":true,"campfire_upgraded":3,"timestamp":1520693568,"path_taken":["M","M","?","?","?","R","E","R","T","M","?","R","E","$","R","BOSS","M","?","M","?","?","E","R","M","T","$","R","M","?","?","R","BOSS"],"build_version":"2018-03-09","purchased_purges":1,"victory":false,"master_deck":["Defend_R","Defend_R","Defend_R","Bash","Twin Strike","Cleave+1","Injury","Twin Strike","Shockwave+1","Parasite","Immolate","Impervious","Thunderclap","Flame Barrier+1","Flex","Disarm","Entrench+1","Bite","Bite","Bite","Bite","Bite"],"max_hp_per_floor":[80,80,80,80,80,80,80,80,80,80,80,80,80,80,80,80,80,80,80,80,80,80,80,80,80,80,80,80,80,56,56,56],"relics":["Burning Blood","NeowsBlessing","Golden Idol","Self Forming Clay","Oddly Smooth Stone","Mummified Hand","Bronze Scales","Snecko Eye","Pen Nib","Thread and Needle"],"card_choices":[{"not_picked":["Wild Strike","Berserk"],"picked":"Twin Strike"},{"not_picked":["Rupture","Rage"],"picked":"Cleave"},{"not_picked":["Perfected Strike","Dual Wield"],"picked":"Twin Strike"},{"not_picked":["Fire Breathing","Clothesline"],"picked":"Shockwave"},{"not_picked":["Corruption","Warcry"],"picked":"Immolate"},{"not_picked":["Offering","Reaper"],"picked":"Impervious"},{"not_picked":["Armaments","Fire Breathing"],"picked":"Thunderclap"},{"not_picked":["Havoc","Perfected Strike"],"picked":"Flame Barrier"},{"not_picked":["Armaments","Feel No Pain"],"picked":"Flex"},{"not_picked":["Immolate","Pommel Strike"],"picked":"Entrench"}],"player_experience":191091,"potions_floor_usage":[16,16,20,33,33,33],"damage_taken":[{"damage":0,"enemies":"Small Slimes","floor":1,"turns":1},{"damage":0,"enemies":"Jaw Worm","floor":2,"turns":1},{"damage":0,"enemies":"Cultist","floor":4,"turns":1},{"damage":53,"enemies":"Lagavulin","floor":7,"turns":10},{"damage":15,"enemies":"Large Slime","floor":10,"turns":6},{"damage":26,"enemies":"Gremlin Nob","floor":13,"turns":5},{"damage":68,"enemies":"Slime Boss","floor":16,"turns":13},{"damage":30,"enemies":"Spheric Guardian","floor":18,"turns":5},{"damage":23,"enemies":"2 Thieves","floor":20,"turns":4},{"damage":14,"enemies":"3 Cultists","floor":22,"turns":5},{"damage":7,"enemies":"Book of Stabbing","floor":23,"turns":5},{"damage":7,"enemies":"Snecko","floor":25,"turns":5},{"damage":4,"enemies":"Centurion and Healer","floor":29,"turns":6},{"damage":106,"enemies":"Automaton","floor":33,"turns":12}],"event_choices":[{"event_name":"Golden Wing","player_choice":"Card Removal","floor":3,"damage_taken":0},{"event_name":"Golden Idol","player_choice":"Take Wound","floor":5,"damage_taken":0},{"event_name":"Mushrooms","player_choice":"Healed and dodged fight","floor":11,"damage_taken":0},{"event_name":"Beggar","player_choice":"Gave Gold","floor":21,"damage_taken":0},{"event_name":"Vampires","player_choice":"Became a vampire","floor":30,"damage_taken":0},{"event_name":"Back to Basics","player_choice":"Elegance","floor":31,"damage_taken":0}],"boss_relics":[{"not_picked":["Tiny House","Ectoplasm"],"picked":"Snecko Eye"}],"potions_floor_spawned":[10,13,18,20,23],"seed_played":"5332887553299168115","killed_by":"Automaton","ascension_level":4,"is_trial":false}