{"path_per_floor":["M","?","$","M","$","E","R","M","T","M","R","E","R","M","R","B",null,"M","?","M","M","?"],"character_chosen":"IRONCLAD","items_purchased":["Shrug It Off"],"gold_per_floor":[114,114,39,55,4,37,37,48,48,64,64,95,95,105,105,201,201,211,211,222,236,161],"floor_reached":23,"campfire_rested":1,"playtime":1340,"current_hp_per_floor":[80,87,87,87,87,71,71,73,73,65,65,51,77,83,83,58,87,68,68,59,38,38],"items_purged":["Strike_R"],"gold":161,"score":271,"play_id":"43f918d1-42bb-4460-9c1f-a4a1b7885926","local_time":"20180312144856","is_prod":false,"is_daily":false,"is_ascension_mode":true,"campfire_upgraded":3,"timestamp":1520862536,"path_taken":["M","?","$","M","$","E","R","M","T","M","R","E","R","M","R","BOSS","M","?","M","M","?","E"],"build_version":"2018-03-09","purchased_purges":1,"victory":false,"master_deck":["Strike_R","Strike_R","Defend_R","Defend_R","Defend_R","Defend_R","Bash","Sever Soul","Metallicize+1","Rampage+1","Shrug It Off","Shrug It Off","Headbutt","Ghostly Armor+1","Seeing Red","Barricade","Body Slam","Uppercut","Flex","Feel No Pain+1"],"max_hp_per_floor":[80,87,87,87,87,87,87,87,87,87,87,87,87,87,87,87,87,87,87,87,87,87],"relics":["Burning Blood","Strawberry","Pen Nib","Dead Branch","Mummified Hand","Orrery"],"card_choices":[{"not_picked":["Armaments","Havoc"],"picked":"Metallicize"},{"not_picked":["True Grit","Power Through"],"picked":"Rampage"},{"not_picked":["True Grit","Bludgeon"],"picked":"Shrug It Off"},{"not_picked":["Anger","Fire Breathing"],"picked":"Headbutt"},{"not_picked":["Shrug It Off","Anger"],"picked":"Ghostly Armor"},{"not_picked":["Cleave","Second Wind"],"picked":"Seeing Red"},{"not_picked":["Limit Break","Dark Embrace"],"picked":"Barricade"},{"not_picked":["Corruption","Anger"],"picked":"Body Slam"},{"not_picked":["Burning Pact","Wild Strike"],"picked":"Uppercut"},{"not_picked":["Perfected Strike","Burning Pact"],"picked":"Flex"},{"not_picked":["Sword Boomerang","Cleave"],"picked":"Feel No Pain"}],"player_experience":212180,"potions_floor_usage":[6,21,21,23,23],"damage_taken":[{"damage":1,"enemies":"2 Louse","floor":1,"turns":2},{"damage":2,"enemies":"Cultist","floor":4,"turns":4},{"damage":22,"enemies":"Lagavulin","floor":6,"turns":9},{"damage":4,"enemies":"Jaw Worm","floor":8,"turns":4},{"damage":14,"enemies":"Exordium Thugs","floor":10,"turns":4},{"damage":20,"enemies":"Gremlin Nob","floor":12,"turns":4},{"damage":0,"enemies":"Blue Slaver","floor":14,"turns":3},{"damage":31,"enemies":"The Guardian","floor":16,"turns":12},{"damage":25,"enemies":"Chosen","floor":18,"turns":8},{"damage":15,"enemies":"Shell Parasite","floor":20,"turns":10},{"damage":27,"enemies":"Chosen and Byrds","floor":21,"turns":6},{"damage":44,"enemies":"Book of Stabbing","floor":23,"turns":8}],"event_choices":[{"event_name":"Wheel of Change","player_choice":"Relic","floor":2,"damage_taken":0},{"event_name":"The Lab","player_choice":"Got Potions","floor":19,"damage_taken":0},{"event_name":"Beggar","player_choice":"Gave Gold","floor":22,"damage_taken":0}],"boss_relics":[{"not_picked":["White Beast Statue","Black Star"],"picked":"Orrery"}],"potions_floor_spawned":[1,4,16,18,21],"seed_played":"-2568510890175431409","killed_by":"Book of Stabbing","ascension_level":4,"is_trial":false}