{"gold_per_floor":[116,116,133,39,58,89,103,132,157,157,167,177,177,195,195,273,273,289,155,113,124,124],"floor_reached":22,"playtime":1751,"items_purged":["Strike_G"],"score":463,"play_id":"2798ab45-08ae-4478-a9b4-25829b82499d","local_time":"20190131144927","is_ascension_mode":true,"campfire_choices":[{"data":"Grand Finale","floor":10.0,"key":"SMITH"},{"data":"Acrobatics","floor":13.0,"key":"SMITH"},{"data":"Leg Sweep","floor":15.0,"key":"SMITH"}],"neow_cost":"NONE","seed_source_timestamp":195627952798531,"circlet_count":0,"master_deck":["AscendersBane","Defend_G","Defend_G","Defend_G","Defend_G","Defend_G","Strike_G","Strike_G","Strike_G","Strike_G","Survivor","Neutralize","Grand Finale+1","Well Laid Plans+1","PiercingWail","Dash","Backflip","Quick Slash","Wraith Form v2+1","PiercingWail","Acrobatics+1","Leg Sweep+1","Phantasmal Killer","Acrobatics","Acrobatics"],"special_seed":0,"relics":["Ring of the Snake","Frozen Egg 2","Bronze Scales","Ancient Tea Set","Fusion Hammer"],"potions_floor_usage":[20,20,21],"damage_taken":[{"damage":1.0,"enemies":"Cultist","floor":1.0,"turns":5.0},{"damage":0.0,"enemies":"2 Louse","floor":3.0,"turns":3.0},{"damage":0.0,"enemies":"Small Slimes","floor":5.0,"turns":3.0},{"damage":0.0,"enemies":"Gremlin Nob","floor":6.0,"turns":3.0},{"damage":1.0,"enemies":"2 Fungi Beasts","floor":7.0,"turns":4.0},{"damage":12.0,"enemies":"3 Sentries","floor":8.0,"turns":3.0},{"damage":7.0,"enemies":"Gremlin Gang","floor":11.0,"turns":5.0},{"damage":2.0,"enemies":"Blue Slaver","floor":12.0,"turns":5.0},{"damage":0.0,"enemies":"3 Louse","floor":14.0,"turns":3.0},{"damage":5.0,"enemies":"Hexaghost","floor":16.0,"turns":9.0},{"damage":0,"enemies":"Chosen","floor":18,"turns":5},{"damage":6,"enemies":"2 Thieves","floor":20,"turns":5},{"damage":0,"enemies":"Centurion and Healer","floor":21,"turns":4},{"damage":21,"enemies":"Cultist and Chosen","floor":22,"turns":7}],"seed_played":"5361541481588339808","potions_obtained":[{"floor":3.0,"key":"PowerPotion"},{"floor":6.0,"key":"LiquidBronze"},{"floor":7.0,"key":"Energy Potion"},{"floor":20,"key":"Block Potion"}],"is_trial":false,"path_per_floor":["M","?","M","$","M","E","M","E","T","R","M","M","R","M","R","B",null,"M","$","M","M","M"],"character_chosen":"THE_SILENT","items_purchased":["Dash","Fire Potion","Acrobatics"],"campfire_rested":0,"item_purchase_floors":[4,4,19],"current_hp_per_floor":[58,58,58,58,58,58,57,45,45,45,38,36,36,36,36,31,57,57,57,51,51,30],"gold":124,"neow_bonus":"ONE_RANDOM_RARE_CARD","is_prod":false,"is_daily":false,"chose_seed":false,"campfire_upgraded":3,"win_rate":0,"timestamp":1548942567,"path_taken":["M","?","M","$","M","E","M","E","T","R","M","M","R","M","R","BOSS","M","$","M","M","M"],"build_version":"2019-01-23","purchased_purges":1,"victory":false,"max_hp_per_floor":[66,66,66,66,66,66,66,66,66,66,66,66,66,66,66,66,66,66,66,66,66,66],"card_choices":[{"not_picked":["Backflip","Heel Hook"],"picked":"Well Laid Plans","floor":1.0},{"not_picked":["Underhanded Strike","Quick Slash"],"picked":"PiercingWail","floor":3.0},{"not_picked":["Choke","Deflect","Dodge and Roll"],"picked":"SKIP","floor":5.0},{"not_picked":["Endless Agony","Dodge and Roll"],"picked":"Backflip","floor":6.0},{"not_picked":["Flechettes","Caltrops+1"],"picked":"Quick Slash","floor":7.0},{"not_picked":["Slice","Dagger Throw"],"picked":"Wraith Form v2+1","floor":8.0},{"not_picked":["Dodge and Roll","Blur"],"picked":"PiercingWail","floor":11.0},{"not_picked":["Poisoned Stab","Night Terror"],"picked":"Acrobatics","floor":12.0},{"not_picked":["Deflect","Flechettes"],"picked":"Leg Sweep","floor":14.0},{"not_picked":["After Image+1","A Thousand Cuts+1"],"picked":"Phantasmal Killer","floor":16.0},{"not_picked":["Endless Agony","Cloak And Dagger","Slice"],"picked":"SKIP","floor":18},{"not_picked":["Masterful Stab","Dagger Throw"],"picked":"Acrobatics","floor":20},{"not_picked":["Cloak And Dagger+1","Flying Knee+1","Endless Agony"],"picked":"SKIP","floor":21}],"player_experience":474511,"relics_obtained":[{"floor":6.0,"key":"Frozen Egg 2"},{"floor":8.0,"key":"Bronze Scales"},{"floor":9.0,"key":"Ancient Tea Set"}],"event_choices":[{"damage_healed":0.0,"max_hp_gain":0.0,"max_hp_loss":0.0,"gold_gain":0.0,"event_name":"Upgrade Shrine","player_choice":"Upgraded","floor":2.0,"gold_loss":0.0,"damage_taken":0.0,"cards_upgraded":["Well Laid Plans"]}],"is_beta":false,"boss_relics":[{"not_picked":["WristBlade","Runic Pyramid"],"picked":"Fusion Hammer"}],"items_purged_floors":[19],"is_endless":false,"potions_floor_spawned":[3,6,7,8,18,20],"killed_by":"Cultist and Chosen","ascension_level":17}