{"path_per_floor":["M","M","M","M","M","R","$","?","T","R","E","?","E","M","R","B",null,"M","?","$","M","M","R","M","R","T","R","?","E","R","E","R","B",null,"M","?","$","M","$","E","R","?","T","M","?","M","$","M","R","B"],"character_chosen":"DEFECT","items_purchased":["Leap","Melter","Sunder","Apotheosis","War Paint","Defragment","Bottled Lightning","Hologram"],"gold_per_floor":[114,126,137,148,158,158,31,31,107,107,437,437,465,477,477,577,577,594,594,82,102,117,117,131,131,131,131,81,110,110,143,143,246,246,265,265,231,250,250,277,277,277,277,292,292,302,10,30,30,30],"floor_reached":51,"campfire_rested":3,"playtime":2367,"item_purchase_floors":[],"current_hp_per_floor":[66,65,51,39,43,43,43,43,43,43,35,35,43,36,36,15,75,63,63,63,46,40,40,27,27,27,49,49,41,63,57,57,37,75,67,67,67,62,62,32,75,75,75,71,71,71,71,71,75,42],"items_purged":["Strike_B"],"gold":30,"score":818,"play_id":"07b03074-2591-4e86-b518-061d1f880af4","local_time":"20180603021710","is_prod":false,"is_daily":false,"chose_seed":false,"is_ascension_mode":true,"campfire_upgraded":7,"win_rate":0,"timestamp":1527985030,"campfire_choices":[{"data":"Zap","floor":6.0,"key":"SMITH"},{"data":"Ball Lightning","floor":10.0,"key":"SMITH"},{"data":"Cold Snap","floor":15.0,"key":"SMITH"},{"data":"Apotheosis","floor":23,"key":"SMITH"},{"data":"Sunder","floor":25,"key":"SMITH"},{"floor":27,"key":"REST"},{"floor":30,"key":"REST"},{"data":"Biased Cognition","floor":32,"key":"SMITH"},{"floor":41,"key":"REST"},{"data":"Glacier","floor":49,"key":"SMITH"}],"path_taken":["M","M","M","M","M","R","$","?","T","R","E","?","E","M","R","BOSS","M","?","$","M","M","R","M","R","T","R","?","E","R","E","R","BOSS","M","?","$","M","?","E","R","?","T","M","?","M","$","M","R","BOSS"],"build_version":"2018-05-31","seed_source_timestamp":0,"purchased_purges":1,"victory":true,"master_deck":["Strike_B","Defend_B+1","Defend_B","Defend_B","Defend_B","Zap+1","Dualcast","Sweeping Beam+1","Capacitor","Conserve Battery","Hologram","Leap","Melter","Hologram+1","Turbo","Cold Snap+1","Biased Cognition+1","Sweeping Beam+1","Sunder+1","Apotheosis+1","Consume","Loop","Cold Snap+1","Coolheaded+1","Sunder+1","Seek","Beam Cell+1","Seek","Defragment","Melter+1","Glacier","Glacier+1","Hologram"],"max_hp_per_floor":[75,75,75,75,75,75,75,75,75,75,75,75,75,75,75,75,75,75,75,75,75,75,75,75,75,75,75,75,75,75,75,75,75,75,75,75,75,75,75,75,75,75,75,75,75,75,75,75,75,75],"relics":["Cracked Core","Gremlin Horn","Old Coin","Anchor","Sozu","Boot","War Paint","Blue Candle","Shuriken","Dream Catcher","Eternal Feather","Regal Pillow","Letter Opener","Bottled Lightning"],"card_choices":[{"not_picked":["Conserve Battery","Rebound"],"picked":"Sweeping Beam","floor":1.0},{"not_picked":["Auto Shields","Consume"],"picked":"Capacitor","floor":2.0},{"not_picked":["Lockon","Coolheaded"],"picked":"Ball Lightning","floor":3.0},{"not_picked":["Stack","Darkness"],"picked":"Conserve Battery","floor":4.0},{"not_picked":["Darkness","Reboot"],"picked":"Hologram","floor":5.0},{"not_picked":["Conserve Battery","Beam Cell"],"picked":"Hologram","floor":11.0},{"not_picked":["Electrodynamics","Redo"],"picked":"Turbo","floor":13.0},{"not_picked":["Streamline","Gash"],"picked":"Cold Snap","floor":14.0},{"not_picked":["Electrodynamics","Machine Learning"],"picked":"Biased Cognition","floor":16.0},{"not_picked":["Stack","Hologram"],"picked":"Sweeping Beam+1","floor":18},{"not_picked":["Coolheaded","Stack"],"picked":"Consume","floor":21},{"not_picked":["Redo","Lockon"],"picked":"Loop","floor":22},{"not_picked":["Coolheaded","Thunder Strike"],"picked":"Cold Snap+1","floor":24},{"not_picked":["Tempest","Gash"],"picked":"Coolheaded+1","floor":29},{"not_picked":["Sweeping Beam","Coolheaded"],"picked":"Sunder+1","floor":31},{"not_picked":["Electrodynamics","Thunder Strike"],"picked":"Seek","floor":33},{"not_picked":["Force Field+1","Coolheaded"],"picked":"Beam Cell+1","floor":35},{"not_picked":["Gash","Compile Driver","Barrage"],"picked":"SKIP","floor":38},{"not_picked":["Redo","Static Discharge+1"],"picked":"Melter+1","floor":40},{"not_picked":["Cold Snap+1","Storm"],"picked":"Glacier","floor":41},{"not_picked":["Conserve Battery","Compile Driver","Amplify"],"picked":"SKIP","floor":44},{"not_picked":["Rip and Tear","Self Repair+1"],"picked":"Glacier","floor":46},{"not_picked":["Coolheaded","Go for the Eyes","Beam Cell+1"],"picked":"SKIP","floor":48}],"player_experience":693572,"potions_floor_usage":[],"damage_taken":[{"damage":9.0,"enemies":"2 Louse","floor":1.0,"turns":4.0},{"damage":1.0,"enemies":"Cultist","floor":2.0,"turns":3.0},{"damage":14.0,"enemies":"Jaw Worm","floor":3.0,"turns":4.0},{"damage":12.0,"enemies":"Looter","floor":4.0,"turns":3.0},{"damage":5.0,"enemies":"Red Slaver","floor":5.0,"turns":3.0},{"damage":8.0,"enemies":"3 Sentries","floor":11.0,"turns":6.0},{"damage":1.0,"enemies":"Gremlin Nob","floor":13.0,"turns":3.0},{"damage":7.0,"enemies":"Large Slime","floor":14.0,"turns":4.0},{"damage":21.0,"enemies":"The Guardian","floor":16.0,"turns":12.0},{"damage":12.0,"enemies":"2 Thieves","floor":18.0,"turns":4.0},{"damage":17,"enemies":"Shell Parasite","floor":21,"turns":6},{"damage":6,"enemies":"Cultist and Chosen","floor":22,"turns":4},{"damage":13,"enemies":"Chosen and Byrds","floor":24,"turns":3},{"damage":8,"enemies":"Gremlin Leader","floor":29,"turns":5},{"damage":6,"enemies":"Book of Stabbing","floor":31,"turns":6},{"damage":20,"enemies":"Collector","floor":33,"turns":10},{"damage":8,"enemies":"3 Darklings","floor":35,"turns":4},{"damage":5,"enemies":"Orb Walker","floor":38,"turns":3},{"damage":30,"enemies":"2 Orb Walkers","floor":40,"turns":4},{"damage":4,"enemies":"3 Darklings","floor":44,"turns":5},{"damage":0,"enemies":"Sphere and 2 Shapes","floor":46,"turns":2},{"damage":0,"enemies":"4 Shapes","floor":48,"turns":3},{"damage":33,"enemies":"Donu and Deca","floor":50,"turns":13}],"relics_obtained":[{"floor":9.0,"key":"Gremlin Horn"},{"floor":11.0,"key":"Old Coin"},{"floor":13.0,"key":"Anchor"},{"floor":26,"key":"Blue Candle"},{"floor":29,"key":"Shuriken"},{"floor":31,"key":"Dream Catcher"},{"floor":40,"key":"Regal Pillow"},{"floor":43,"key":"Letter Opener"}],"event_choices":[{"event_name":"Upgrade Shrine","player_choice":"Upgraded","floor":8.0,"damage_taken":0.0},{"event_name":"The Lab","player_choice":"Got Potions","floor":12.0,"damage_taken":0.0},{"event_name":"The Mausoleum","player_choice":"Yes","floor":19,"damage_taken":0},{"event_name":"The Joust","player_choice":"Bet on Murderer","floor":28,"damage_taken":0},{"event_name":"Duplicator","player_choice":"One dupe","floor":36,"damage_taken":0},{"event_name":"Bonfire Elementals","player_choice":"BASIC","floor":45,"damage_taken":0}],"boss_relics":[{"not_picked":["Philosopher\u0027s Stone","Lizard Tail"],"picked":"Eternal Feather"}],"items_purged_floors":[20],"potions_floor_spawned":[2,4,11,14,24,29,38,48],"seed_played":"-555279598013748067","ascension_level":2,"potions_obtained":[{"floor":2.0,"key":"Regen Potion"},{"floor":4.0,"key":"Block Potion"},{"floor":11.0,"key":"Poison Potion"},{"floor":12.0,"key":"Regen Potion"},{"floor":14.0,"key":"FairyPotion"}],"is_trial":false}