{"gold_per_floor":[214,232,232,67,67,103,122,122,122,122,137,196,229,253,253,253],"floor_reached":16,"playtime":339,"items_purged":[],"score":193,"play_id":"ed6ce299-7160-46c0-b31a-2ed92a877fa2","local_time":"20180708185355","is_ascension_mode":true,"campfire_choices":[{"data":"Perfected Strike","floor":8,"key":"SMITH"},{"data":"Bash","floor":10,"key":"SMITH"},{"data":"Rage","floor":15,"key":"SMITH"}],"neow_cost":"NONE","seed_source_timestamp":78532124015483,"circlet_count":0,"master_deck":["Strike_R","Strike_R","Strike_R","Strike_R","Strike_R","Defend_R","Defend_R","Defend_R","Defend_R","Bash+1","AscendersBane","Twin Strike","Pommel Strike","Carnage+1","Finesse","Thunderclap","Perfected Strike+1","Rage+1","Shrug It Off","Headbutt"],"relics":["Burning Blood","Golden Idol","Calipers","Letter Opener","Omamori"],"potions_floor_usage":[11,16,16],"damage_taken":[{"damage":13,"enemies":"Jaw Worm","floor":1,"turns":5},{"damage":5,"enemies":"Small Slimes","floor":2,"turns":4},{"damage":30,"enemies":"Lagavulin","floor":6,"turns":5},{"damage":5,"enemies":"2 Louse","floor":7,"turns":2},{"damage":15,"enemies":"Exordium Wildlife","floor":11,"turns":3},{"damage":12,"enemies":"Gremlin Nob","floor":13,"turns":3},{"damage":3,"enemies":"Looter","floor":14,"turns":3},{"damage":24,"enemies":"Hexaghost","floor":16,"turns":8}],"seed_played":"-7128014154234348264","potions_obtained":[{"floor":7,"key":"SkillPotion"},{"floor":13,"key":"PowerPotion"},{"floor":14,"key":"Strength Potion"}],"is_trial":false,"path_per_floor":["M","M","?","$","?","E","M","R","T","R","M","?","E","M","R"],"character_chosen":"IRONCLAD","items_purchased":["Carnage","Finesse"],"campfire_rested":0,"item_purchase_floors":[4,4],"current_hp_per_floor":[61,62,62,62,62,38,39,39,39,39,30,30,24,27,27,3],"gold":253,"neow_bonus":"HUNDRED_GOLD","is_prod":false,"is_daily":false,"chose_seed":false,"campfire_upgraded":3,"win_rate":0,"timestamp":1531101235,"path_taken":["M","M","?","$","?","E","?","R","T","R","?","?","E","M","R","BOSS"],"build_version":"2018-07-05","purchased_purges":0,"victory":false,"max_hp_per_floor":[75,75,68,68,68,68,68,68,68,68,68,68,68,68,68,68],"card_choices":[{"not_picked":["Havoc","Flex"],"picked":"Twin Strike","floor":1},{"not_picked":["Headbutt","Twin Strike"],"picked":"Pommel Strike","floor":2},{"not_picked":["Demon Form","Wild Strike"],"picked":"Thunderclap","floor":6},{"not_picked":["Warcry","Havoc"],"picked":"Perfected Strike","floor":7},{"not_picked":["Thunderclap","Clash"],"picked":"Rage","floor":11},{"not_picked":["Flex","Pummel"],"picked":"Shrug It Off","floor":13},{"not_picked":["Clothesline","Armaments"],"picked":"Headbutt","floor":14}],"player_experience":516105,"relics_obtained":[{"floor":6,"key":"Calipers"},{"floor":9,"key":"Letter Opener"},{"floor":13,"key":"Omamori"}],"event_choices":[{"event_name":"Golden Idol","player_choice":"Lose Max HP","floor":3,"damage_taken":0},{"event_name":"Living Wall","player_choice":"Grow","floor":5,"damage_taken":0},{"event_name":"Golden Wing","player_choice":"Gained Gold","floor":12,"damage_taken":0}],"boss_relics":[],"items_purged_floors":[],"is_endless":false,"potions_floor_spawned":[7,13,14],"killed_by":"Hexaghost","ascension_level":15}