{"gold_per_floor":[115,115,126,126,139,158,8,8,33,33,51,66,84,117,117,220,220,231,78,92,108,108,108,126,126,202,202,214,234,35,50,50,50],"floor_reached":33,"playtime":478,"items_purged":["Defend_R","Defend_R+1","Strike_R"],"score":253,"play_id":"1cd83dad-d146-4864-94f5-5da3d74c7c74","local_time":"20181231011529","is_ascension_mode":false,"campfire_choices":[{"floor":8,"key":"REST"},{"floor":15,"key":"REST"},{"floor":23,"key":"REST"},{"floor":25,"key":"REST"},{"floor":32,"key":"REST"}],"neow_cost":"NONE","seed_source_timestamp":277608493116891,"circlet_count":0,"master_deck":["Strike_R","Strike_R","Strike_R","Bash","Sword Boomerang","Flex+1","Clash","Flex","Whirlwind"],"relics":["Empty Cage","Lantern","War Paint","Busted Crown","Pear","MutagenicStrength"],"potions_floor_usage":[6,14,14,33,33],"damage_taken":[{"damage":11,"enemies":"Jaw Worm","floor":1,"turns":3},{"damage":14,"enemies":"2 Louse","floor":3,"turns":2},{"damage":6,"enemies":"Cultist","floor":5,"turns":3},{"damage":30,"enemies":"Large Slime","floor":6,"turns":6},{"damage":0,"enemies":"3 Louse","floor":11,"turns":1},{"damage":7,"enemies":"Blue Slaver","floor":12,"turns":2},{"damage":9,"enemies":"2 Fungi Beasts","floor":13,"turns":2},{"damage":18,"enemies":"Lagavulin","floor":14,"turns":3},{"damage":16,"enemies":"Slime Boss","floor":16,"turns":7},{"damage":14,"enemies":"3 Byrds","floor":18,"turns":4},{"damage":30,"enemies":"2 Thieves","floor":20,"turns":3},{"damage":30,"enemies":"Shelled Parasite and Fungi","floor":21,"turns":3},{"damage":12,"enemies":"3 Cultists","floor":24,"turns":3},{"damage":10,"enemies":"Cultist and Chosen","floor":28,"turns":3},{"damage":10,"enemies":"Shelled Parasite and Fungi","floor":29,"turns":2},{"damage":24,"enemies":"Centurion and Healer","floor":31,"turns":3},{"damage":45,"enemies":"Collector","floor":33,"turns":3}],"seed_played":"7202188430565171189","potions_obtained":[{"floor":5,"key":"Regen Potion"},{"floor":6,"key":"Fire Potion"},{"floor":11,"key":"AttackPotion"},{"floor":14,"key":"SmokeBomb"},{"floor":21,"key":"EssenceOfSteel"},{"floor":24,"key":"Strength Potion"}],"is_trial":false,"path_per_floor":["M","?","M","?","M","M","$","R","T","$","M","M","M","E","R","B",null,"M","$","M","M","?","R","M","R","T","?","M","M","$","M","R","B"],"character_chosen":"IRONCLAD","items_purchased":["Flex","Clash","Flex","Whirlwind"],"campfire_rested":5,"item_purchase_floors":[7,7,19,30],"current_hp_per_floor":[69,66,52,52,46,28,28,52,52,52,52,45,36,18,42,26,80,66,66,36,6,6,30,18,42,52,52,42,32,32,8,35,0],"gold":50,"neow_bonus":"BOSS_RELIC","is_prod":false,"is_daily":false,"chose_seed":false,"campfire_upgraded":0,"win_rate":1,"timestamp":1546236929,"path_taken":["M","?","M","?","M","?","$","R","T","$","M","M","M","E","R","BOSS","M","$","M","M","?","R","M","R","T","?","M","M","$","M","R","BOSS"],"build_version":"2018-12-20","purchased_purges":3,"victory":false,"max_hp_per_floor":[80,80,80,80,80,80,80,80,80,80,80,80,80,80,80,80,80,80,80,80,80,80,80,80,80,90,90,90,90,90,90,90,90],"card_choices":[{"not_picked":["Heavy Blade","Cleave"],"picked":"Sword Boomerang","floor":3},{"not_picked":["Anger","Berserk","Barricade"],"picked":"SKIP","floor":14}],"player_experience":132954,"relics_obtained":[{"floor":9,"key":"Lantern"},{"floor":14,"key":"War Paint"},{"floor":26,"key":"Pear"}],"event_choices":[{"damage_healed":0,"gold_gain":0,"player_choice":"Fled","damage_taken":3,"max_hp_gain":0,"max_hp_loss":0,"event_name":"Scrap Ooze","floor":2,"gold_loss":0},{"damage_healed":0,"gold_gain":0,"player_choice":"Ignored","damage_taken":0,"max_hp_gain":0,"max_hp_loss":0,"event_name":"NoteForYourself","floor":4,"gold_loss":0},{"cards_removed":["Strike_R"],"damage_healed":0,"gold_gain":0,"player_choice":"Elegance","damage_taken":0,"max_hp_gain":0,"max_hp_loss":0,"event_name":"Back to Basics","floor":22,"gold_loss":0},{"damage_healed":0,"gold_gain":0,"player_choice":"Inject Mutagens","damage_taken":0,"relics_obtained":["MutagenicStrength"],"max_hp_gain":0,"max_hp_loss":0,"event_name":"Drug Dealer","floor":27,"gold_loss":0}],"is_beta":false,"boss_relics":[{"not_picked":["Fusion Hammer","Ectoplasm"],"picked":"Busted Crown"}],"items_purged_floors":[7,19,30],"is_endless":false,"potions_floor_spawned":[5,6,11,14,21,24,28,31],"killed_by":"Collector","ascension_level":0}