{"gold_per_floor":[116,3,21,296,309,309,320,320,370,383,383,383,402,422,422,526,526,546,556,21,39,56,56,75,75,75,89,103,103,28,28,28,130,130,140,140,157,171,1170,1170],"floor_reached":40,"playtime":2069,"items_purged":["Strike_G"],"score":409,"play_id":"6dbb12d9-dcf6-4229-82a6-52be779b9d6d","local_time":"20181025214711","is_ascension_mode":false,"campfire_choices":[{"data":"Infinite Blades","floor":6,"key":"SMITH"},{"data":"Neutralize","floor":12,"key":"SMITH"},{"data":"Cloak And Dagger","floor":15,"key":"SMITH"},{"floor":23,"key":"REST"},{"floor":25,"key":"REST"},{"data":"After Image","floor":29,"key":"SMITH"},{"data":"Caltrops","floor":32,"key":"SMITH"}],"neow_cost":"NONE","seed_source_timestamp":1223343728976050,"circlet_count":0,"master_deck":["Defend_G","Defend_G","Defend_G","Defend_G","Strike_G","Strike_G","Strike_G","Strike_G","Neutralize+1","Backstab","Infinite Blades+1","Quick Slash","Backstab","Cloak And Dagger+1","All Out Attack","Poisoned Stab","Deadly Poison","After Image+1","Noxious Fumes","Bane","Sadistic Nature","Caltrops+1","Slice","Deadly Poison","Noxious Fumes+1","Deadly Poison+1","Dodge and Roll+1","Bullet Time+1","Endless Agony+1","Blur+1","Bouncing Flask+1"],"relics":["Ring of the Snake","NeowsBlessing","Strawberry","Eternal Feather","Bronze Scales","Omamori","Toxic Egg 2","WristBlade"],"potions_floor_usage":[14,16,16,27,27,28,33,38],"damage_taken":[{"damage":0,"enemies":"Cultist","floor":1,"turns":1},{"damage":0,"enemies":"Small Slimes","floor":3,"turns":1},{"damage":0,"enemies":"2 Louse","floor":5,"turns":1},{"damage":13,"enemies":"Lots of Slimes","floor":7,"turns":3},{"damage":0,"enemies":"Looter","floor":10,"turns":3},{"damage":0,"enemies":"2 Fungi Beasts","floor":13,"turns":3},{"damage":5,"enemies":"Lots of Slimes","floor":14,"turns":2},{"damage":39,"enemies":"The Guardian","floor":16,"turns":8},{"damage":10,"enemies":"Shell Parasite","floor":18,"turns":6},{"damage":4,"enemies":"3 Byrds","floor":19,"turns":5},{"damage":36,"enemies":"Shelled Parasite and Fungi","floor":21,"turns":5},{"damage":17,"enemies":"Snecko","floor":22,"turns":5},{"damage":11,"enemies":"Chosen and Byrds","floor":24,"turns":5},{"damage":30,"enemies":"Shelled Parasite and Fungi","floor":27,"turns":4},{"damage":5,"enemies":"Snecko","floor":28,"turns":4},{"damage":66,"enemies":"Automaton","floor":33,"turns":9},{"damage":7,"enemies":"3 Shapes","floor":35,"turns":4},{"damage":7,"enemies":"Orb Walker","floor":37,"turns":3},{"damage":39,"enemies":"Spire Growth","floor":38,"turns":5},{"damage":48,"enemies":"Nemesis","floor":40,"turns":3}],"seed_played":"-9217604271087472791","potions_obtained":[{"floor":5,"key":"LiquidBronze"},{"floor":11,"key":"Fire Potion"},{"floor":11,"key":"Poison Potion"},{"floor":16,"key":"Strength Potion"},{"floor":21,"key":"Swift Potion"},{"floor":22,"key":"Swift Potion"},{"floor":24,"key":"EssenceOfSteel"},{"floor":27,"key":"Block Potion"},{"floor":35,"key":"SpeedPotion"}],"is_trial":false,"path_per_floor":["M","$","M","?","M","R","M","?","T","M","?","R","M","M","R","B",null,"M","M","$","M","M","R","M","R","T","M","M","R","?","$","R","B",null,"M","?","M","M","?"],"character_chosen":"THE_SILENT","items_purchased":["Infinite Blades","Bronze Scales","Omamori","Sadistic Nature","Caltrops"],"campfire_rested":2,"item_purchase_floors":[2,20,20,20,20],"current_hp_per_floor":[70,70,70,70,70,70,57,57,64,64,64,64,64,59,59,20,77,67,63,63,27,10,48,37,75,75,45,40,55,55,55,70,4,77,70,70,63,24,24,0],"gold":1170,"neow_bonus":"THREE_ENEMY_KILL","is_prod":false,"is_daily":false,"chose_seed":false,"campfire_upgraded":5,"win_rate":0.0,"timestamp":1540457231,"path_taken":["M","?","M","?","M","R","M","?","T","M","?","R","M","M","R","BOSS","M","M","$","M","M","R","M","R","T","M","M","R","?","$","R","BOSS","M","?","M","M","?","E"],"build_version":"2018-10-18","purchased_purges":1,"victory":false,"max_hp_per_floor":[70,70,70,70,70,70,70,70,77,77,77,77,77,77,77,77,77,77,77,77,77,77,77,77,77,77,77,77,77,77,77,77,77,77,77,77,77,77,77,77],"card_choices":[{"not_picked":["Cloak And Dagger","Dagger Spray"],"picked":"Backstab","floor":1},{"not_picked":["Escape Plan","Cloak And Dagger"],"picked":"Quick Slash","floor":3},{"not_picked":["Flechettes","Sucker Punch"],"picked":"Backstab","floor":5},{"not_picked":["Bane","PiercingWail"],"picked":"Cloak And Dagger","floor":7},{"not_picked":["Distraction","Setup"],"picked":"All Out Attack","floor":10},{"not_picked":["Finisher","Outmaneuver"],"picked":"Poisoned Stab","floor":13},{"not_picked":["Skewer","Flying Knee"],"picked":"Deadly Poison","floor":14},{"not_picked":["Bullet Time","Adrenaline"],"picked":"After Image","floor":16},{"not_picked":["Outmaneuver+1","Accuracy"],"picked":"Noxious Fumes","floor":18},{"not_picked":["Dodge and Roll","Prepared"],"picked":"Bane","floor":19},{"not_picked":["Setup","Flying Knee"],"picked":"Slice","floor":21},{"not_picked":["Flying Knee","Outmaneuver"],"picked":"Deadly Poison","floor":22},{"not_picked":["Tactician","Backflip"],"picked":"Noxious Fumes+1","floor":24},{"not_picked":["Prepared+1","Distraction+1"],"picked":"Deadly Poison+1","floor":27},{"not_picked":["Bane","Heel Hook"],"picked":"Dodge and Roll+1","floor":28},{"not_picked":["Unload","Wraith Form v2"],"picked":"Bullet Time+1","floor":33},{"not_picked":["Deadly Poison+1","Predator+1"],"picked":"Endless Agony+1","floor":35},{"not_picked":["Outmaneuver+1","Terror+1"],"picked":"Blur+1","floor":37},{"not_picked":["Prepared+1","Dagger Spray+1"],"picked":"Bouncing Flask+1","floor":38}],"player_experience":229756,"relics_obtained":[{"floor":9,"key":"Strawberry"},{"floor":26,"key":"Toxic Egg 2"}],"event_choices":[{"damage_healed":0,"gold_gain":275,"player_choice":"Desecrate","damage_taken":0,"max_hp_gain":0,"max_hp_loss":0,"event_name":"Golden Shrine","floor":4,"gold_loss":0,"cards_obtained":["Regret"]},{"cards_removed":["Regret"],"damage_healed":0,"gold_gain":0,"player_choice":"Purged","damage_taken":0,"max_hp_gain":0,"max_hp_loss":0,"event_name":"Purifier","floor":8,"gold_loss":0},{"damage_healed":0,"gold_gain":0,"player_choice":"Got Potions","damage_taken":0,"max_hp_gain":0,"max_hp_loss":0,"event_name":"The Lab","floor":11,"gold_loss":0},{"cards_removed":["Defend_G"],"damage_healed":0,"gold_gain":0,"player_choice":"Gave Gold","damage_taken":0,"max_hp_gain":0,"max_hp_loss":0,"event_name":"Beggar","floor":30,"gold_loss":75},{"cards_removed":["Survivor"],"damage_healed":0,"gold_gain":0,"player_choice":"Removed Skill","damage_taken":0,"max_hp_gain":0,"max_hp_loss":0,"event_name":"Falling","floor":36,"gold_loss":0},{"damage_healed":0,"gold_gain":999,"player_choice":"Gold","damage_taken":0,"max_hp_gain":0,"max_hp_loss":0,"event_name":"MindBloom","floor":39,"gold_loss":0,"cards_obtained":["Normality","Normality"]}],"is_beta":false,"boss_relics":[{"not_picked":["Lizard Tail","HoveringKite"],"picked":"Eternal Feather"},{"not_picked":["Fusion Hammer","Busted Crown"],"picked":"WristBlade"}],"items_purged_floors":[2],"is_endless":false,"potions_floor_spawned":[5,16,21,22,24,27,35],"killed_by":"Nemesis","ascension_level":0}