{"gold_per_floor":[115,130,130,147,72,72,98,98,98,116,132,132,152,166,166,263,263,277,293,309,325,424,459,459,204,230,630,656,96,113,113],"floor_reached":31,"playtime":1609,"items_purged":["Strike_G","Strike_G","Strike_G"],"score":335,"play_id":"eba07d5c-a806-4941-a084-6240c381872c","local_time":"20190115164437","is_ascension_mode":true,"campfire_choices":[{"data":"Neutralize","floor":6,"key":"SMITH"},{"data":"Poisoned Stab","floor":8,"key":"SMITH"},{"data":"Outmaneuver","floor":12,"key":"SMITH"},{"data":"Backflip","floor":15,"key":"SMITH"},{"floor":24,"key":"REST"}],"neow_cost":"NONE","seed_source_timestamp":90628576842620,"circlet_count":0,"master_deck":["Defend_G","Defend_G","Defend_G","Defend_G","Defend_G","Survivor","Neutralize+1","Dash","Poisoned Stab+1","Heel Hook","Deadly Poison","Corpse Explosion","PiercingWail","Outmaneuver+1","Backflip+1","Crippling Poison","Malaise","Noxious Fumes","Heel Hook","Poisoned Stab+1","Dagger Throw+1","Sucker Punch+1"],"relics":["Ring of the Snake","Pen Nib","Mummified Hand","Fusion Hammer","Juzu Bracelet","Regal Pillow","Omamori","Old Coin","Darkstone Periapt","MawBank","Chemical X","Molten Egg 2"],"potions_floor_usage":[16,16,19,23,27],"damage_taken":[{"damage":0,"enemies":"Cultist","floor":1,"turns":3},{"damage":0,"enemies":"Small Slimes","floor":2,"turns":2},{"damage":0,"enemies":"Jaw Worm","floor":4,"turns":3},{"damage":14,"enemies":"Gremlin Nob","floor":7,"turns":4},{"damage":1,"enemies":"2 Fungi Beasts","floor":10,"turns":2},{"damage":0,"enemies":"3 Louse","floor":11,"turns":3},{"damage":0,"enemies":"Lots of Slimes","floor":13,"turns":4},{"damage":0,"enemies":"Exordium Thugs","floor":14,"turns":5},{"damage":43,"enemies":"Slime Boss","floor":16,"turns":9},{"damage":0,"enemies":"3 Byrds","floor":18,"turns":3},{"damage":3,"enemies":"2 Thieves","floor":19,"turns":3},{"damage":0,"enemies":"3 Cultists","floor":20,"turns":2},{"damage":0,"enemies":"Snecko","floor":21,"turns":5},{"damage":37,"enemies":"Slavers","floor":23,"turns":3},{"damage":3,"enemies":"Colosseum Slavers","floor":27,"turns":5},{"damage":41,"enemies":"Colosseum Nobs","floor":27,"turns":4},{"damage":6,"enemies":"Book of Stabbing","floor":28,"turns":6},{"damage":3,"enemies":"Shelled Parasite and Fungi","floor":30,"turns":5},{"damage":12,"enemies":"Snake Plant","floor":31,"turns":2}],"seed_played":"-3608137485368693902","potions_obtained":[{"floor":4,"key":"Fire Potion"},{"floor":7,"key":"LiquidBronze"},{"floor":10,"key":"SpeedPotion"},{"floor":13,"key":"Explosive Potion"},{"floor":16,"key":"SpeedPotion"},{"floor":18,"key":"PowerPotion"},{"floor":21,"key":"Regen Potion"},{"floor":27,"key":"PowerPotion"},{"floor":28,"key":"Explosive Potion"}],"is_trial":false,"path_per_floor":["M","M","?","M","$","R","E","R","T","M","M","R","M","M","R","B",null,"M","M","M","M","?","E","R","$","T","?","E","$","M","M"],"character_chosen":"THE_SILENT","items_purchased":["Regal Pillow","Chemical X","Molten Egg 2"],"campfire_rested":1,"item_purchase_floors":[25,29,29],"current_hp_per_floor":[70,70,63,63,63,63,49,49,49,48,48,48,48,48,48,5,70,70,67,67,67,67,30,51,51,51,21,15,15,12,0],"gold":113,"neow_bonus":"TRANSFORM_CARD","is_prod":false,"is_daily":false,"chose_seed":false,"campfire_upgraded":4,"win_rate":0,"timestamp":1547567077,"path_taken":["M","?","?","M","$","R","E","R","T","M","M","R","M","M","R","BOSS","M","M","M","M","?","E","R","$","T","?","E","$","M","M"],"build_version":"2019-01-10","purchased_purges":3,"victory":false,"max_hp_per_floor":[70,70,70,70,70,70,70,70,70,70,70,70,70,70,70,70,70,70,70,70,70,70,70,70,70,70,70,70,70,70,70],"card_choices":[{"not_picked":["Backflip","Calculated Gamble"],"picked":"Poisoned Stab","floor":1},{"not_picked":["Expertise","Riddle With Holes"],"picked":"Heel Hook","floor":2},{"not_picked":["Underhanded Strike","Tactician"],"picked":"Deadly Poison","floor":4},{"not_picked":["Backstab","Quick Slash"],"picked":"Corpse Explosion","floor":7},{"not_picked":["Accuracy","Dagger Spray"],"picked":"PiercingWail","floor":10},{"not_picked":["Concentrate","Predator"],"picked":"Outmaneuver","floor":11},{"not_picked":["Flying Knee","PiercingWail"],"picked":"Backflip","floor":13},{"not_picked":["Choke","Deadly Poison"],"picked":"Crippling Poison","floor":14},{"not_picked":["Grand Finale","Storm of Steel"],"picked":"Malaise","floor":16},{"not_picked":["Riddle With Holes","Bane","Tactician"],"picked":"SKIP","floor":18},{"not_picked":["Caltrops","Distraction","Prepared"],"picked":"SKIP","floor":19},{"not_picked":["Prepared","Backflip","Riddle With Holes"],"picked":"SKIP","floor":20},{"not_picked":["Deadly Poison","Backstab+1"],"picked":"Noxious Fumes","floor":21},{"not_picked":["Well Laid Plans","Underhanded Strike"],"picked":"Heel Hook","floor":23},{"not_picked":["Catalyst","Distraction"],"picked":"Poisoned Stab+1","floor":27},{"not_picked":["Quick Slash","Outmaneuver"],"picked":"Dagger Throw+1","floor":28},{"not_picked":["Terror","Cloak And Dagger"],"picked":"Sucker Punch+1","floor":30}],"player_experience":174450,"relics_obtained":[{"floor":7,"key":"Pen Nib"},{"floor":9,"key":"Mummified Hand"},{"floor":23,"key":"Juzu Bracelet"},{"floor":26,"key":"Omamori"},{"floor":27,"key":"Old Coin"},{"floor":27,"key":"Darkstone Periapt"},{"floor":28,"key":"MawBank"}],"event_choices":[{"cards_removed":["Strike_G"],"damage_healed":0,"gold_gain":0,"player_choice":"Card Removal","damage_taken":7,"max_hp_gain":0,"max_hp_loss":0,"event_name":"Golden Wing","floor":3,"gold_loss":0},{"damage_healed":0,"gold_gain":99,"player_choice":"Stole From Cult","damage_taken":0,"max_hp_gain":0,"max_hp_loss":0,"event_name":"Nest","floor":22,"gold_loss":0},{"damage_healed":0,"gold_gain":0,"player_choice":"Fight","damage_taken":0,"max_hp_gain":0,"max_hp_loss":0,"event_name":"Colosseum","floor":27,"gold_loss":0},{"damage_healed":0,"gold_gain":0,"player_choice":"Fought Nobs","damage_taken":0,"max_hp_gain":0,"max_hp_loss":0,"event_name":"Colosseum","floor":27,"gold_loss":0}],"is_beta":false,"boss_relics":[{"not_picked":["WristBlade","Eternal Feather"],"picked":"Fusion Hammer"}],"items_purged_floors":[5,25,29],"is_endless":false,"potions_floor_spawned":[4,7,10,13,16,18,21,27,27,28],"killed_by":"Snake Plant","ascension_level":4}