{"gold_per_floor":[117,117,117,67,84,84,102,102,102,102,122,122,122,133,133,234,234,248,22,42,56,56],"floor_reached":22,"playtime":778,"items_purged":["Strike_B"],"score":176,"play_id":"537b4731-e9ac-4bc5-b9f2-d318e2c091f2","local_time":"20181021192249","is_ascension_mode":false,"campfire_choices":[{"data":"Zap","floor":6,"key":"SMITH"},{"data":"Dualcast","floor":8,"key":"SMITH"},{"data":"Lockon","floor":10,"key":"SMITH"},{"data":"Beam Cell","floor":13,"key":"SMITH"},{"data":"Buffer","floor":15,"key":"SMITH"}],"neow_cost":"NONE","seed_source_timestamp":870357090083737,"circlet_count":0,"master_deck":["Strike_B","Defend_B","Defend_B","Defend_B","Defend_B","Zap+1","Dualcast+1","Gash","Gash","Regret","Lockon+1","Ball Lightning","Beam Cell+1","Buffer+1","Fission","Cold Snap+1","Rebound+1","Gash"],"relics":["Cracked Core","Question Card","Shuriken","Regal Pillow","Eternal Feather","Centennial Puzzle"],"potions_floor_usage":[7,16,18],"damage_taken":[{"damage":0,"enemies":"Cultist","floor":1,"turns":3},{"damage":2,"enemies":"Jaw Worm","floor":5,"turns":2},{"damage":0,"enemies":"Small Slimes","floor":7,"turns":2},{"damage":7,"enemies":"2 Fungi Beasts","floor":11,"turns":3},{"damage":5,"enemies":"Blue Slaver","floor":14,"turns":3},{"damage":34,"enemies":"Hexaghost","floor":16,"turns":6},{"damage":20,"enemies":"2 Thieves","floor":18,"turns":4},{"damage":20,"enemies":"Shell Parasite","floor":20,"turns":4},{"damage":25,"enemies":"Snake Plant","floor":21,"turns":3},{"damage":1,"enemies":"Sentry and Sphere","floor":22,"turns":3}],"seed_played":"5384576068699853129","potions_obtained":[{"floor":5,"key":"AttackPotion"},{"floor":11,"key":"Explosive Potion"},{"floor":14,"key":"FocusPotion"},{"floor":16,"key":"Strength Potion"}],"is_trial":false,"path_per_floor":["M","?","?","?","M","R","M","R","T","R","M","?","R","M","R","B",null,"M","$","M","M"],"character_chosen":"DEFECT","items_purchased":["Centennial Puzzle"],"campfire_rested":0,"item_purchase_floors":[19],"current_hp_per_floor":[75,75,68,68,66,66,66,66,66,66,59,56,56,51,51,17,75,55,55,35,10,9],"gold":56,"neow_bonus":"THREE_CARDS","is_prod":false,"is_daily":false,"chose_seed":false,"campfire_upgraded":5,"win_rate":0.0,"timestamp":1540102969,"path_taken":["M","?","?","?","M","R","M","R","T","R","?","?","R","M","R","BOSS","M","$","M","M","M"],"build_version":"2018-10-18","purchased_purges":1,"victory":false,"max_hp_per_floor":[75,75,75,75,75,75,75,75,75,75,75,75,75,75,75,75,75,75,75,75,75,75],"card_choices":[{"not_picked":["Turbo","Rebound"],"picked":"Gash","floor":0},{"not_picked":["Sweeping Beam","Beam Cell"],"picked":"Gash","floor":1},{"not_picked":["Compile Driver","Sweeping Beam","Recycle"],"picked":"Lockon","floor":5},{"not_picked":["Double Energy","Rip and Tear","Steam"],"picked":"Ball Lightning","floor":7},{"not_picked":["Scrape","Rip and Tear","Ball Lightning"],"picked":"Beam Cell","floor":11},{"not_picked":["Undo","Ball Lightning","Coolheaded"],"picked":"Buffer","floor":14},{"not_picked":["Seek","Amplify","Hyperbeam"],"picked":"Fission","floor":16},{"not_picked":["Coolheaded","Turbo","Barrage"],"picked":"Cold Snap+1","floor":18},{"not_picked":["Stack+1","Steam","Heatsinks"],"picked":"Rebound+1","floor":20},{"not_picked":["Conserve Battery","Sweeping Beam+1","Force Field"],"picked":"Gash","floor":21}],"player_experience":178974,"relics_obtained":[{"floor":9,"key":"Shuriken"}],"event_choices":[{"damage_healed":0,"gold_gain":0,"player_choice":"Box","damage_taken":0,"relics_obtained":["Question Card"],"max_hp_gain":0,"max_hp_loss":0,"event_name":"Big Fish","floor":2,"gold_loss":0,"cards_obtained":["Regret"]},{"cards_removed":["Strike_B"],"damage_healed":0,"gold_gain":0,"player_choice":"Card Removal","damage_taken":7,"max_hp_gain":0,"max_hp_loss":0,"event_name":"Golden Wing","floor":3,"gold_loss":0},{"cards_removed":["Strike_B"],"damage_healed":0,"gold_gain":0,"player_choice":"Card Removal","damage_taken":0,"max_hp_gain":0,"max_hp_loss":0,"event_name":"The Cleric","floor":4,"gold_loss":50},{"damage_healed":0,"gold_gain":0,"player_choice":"Success","damage_taken":3,"relics_obtained":["Regal Pillow"],"max_hp_gain":0,"max_hp_loss":0,"event_name":"Scrap Ooze","floor":12,"gold_loss":0}],"is_beta":false,"boss_relics":[{"not_picked":["Busted Crown","Ectoplasm"],"picked":"Eternal Feather"}],"items_purged_floors":[19],"is_endless":false,"potions_floor_spawned":[5,11,14,16],"killed_by":"Sentry and Sphere","ascension_level":0}