{"gold_per_floor":[113,113,123,134,148,180,199,199,199,199],"floor_reached":10,"playtime":397,"items_purged":[],"score":137,"play_id":"393b01d1-20a1-413e-9e4c-153d06aa4fd8","local_time":"20190107011750","is_ascension_mode":true,"campfire_choices":[{"data":"Zap","floor":8,"key":"SMITH"}],"neow_cost":"NONE","seed_source_timestamp":363780075135700,"circlet_count":0,"master_deck":["AscendersBane","Strike_B","Strike_B","Strike_B","Defend_B","Defend_B","Defend_B","Defend_B","Zap+1","Dualcast","Scrape","Auto Shields","Gash","White Noise","Redo","Machine Learning"],"relics":["Cracked Core","Art of War","Cables"],"potions_floor_usage":[6,6],"damage_taken":[{"damage":6,"enemies":"2 Louse","floor":1,"turns":3},{"damage":6,"enemies":"Small Slimes","floor":3,"turns":3},{"damage":0,"enemies":"Cultist","floor":4,"turns":3},{"damage":3,"enemies":"Blue Slaver","floor":5,"turns":4},{"damage":28,"enemies":"Gremlin Nob","floor":6,"turns":4},{"damage":6,"enemies":"Large Slime","floor":7,"turns":5}],"seed_played":"-3655631777361165854","potions_obtained":[{"floor":3,"key":"Explosive Potion"},{"floor":4,"key":"Fire Potion"}],"is_trial":false,"path_per_floor":["M","?","M","M","M","E","M","R","T","?"],"character_chosen":"DEFECT","items_purchased":[],"campfire_rested":0,"item_purchase_floors":[],"current_hp_per_floor":[65,58,52,52,49,21,15,15,15,0],"gold":199,"neow_bonus":"TEN_PERCENT_HP_BONUS","is_prod":false,"is_daily":false,"chose_seed":false,"campfire_upgraded":1,"win_rate":0,"timestamp":1546791470,"path_taken":["M","?","M","M","M","E","M","R","T","?"],"build_version":"2019-01-03v4","purchased_purges":0,"victory":false,"max_hp_per_floor":[78,78,78,78,78,78,78,78,78,78],"card_choices":[{"not_picked":["Cold Snap","Consume"],"picked":"Scrape","floor":1},{"not_picked":["Cold Snap","Storm"],"picked":"Auto Shields","floor":3},{"not_picked":["Reinforced Body","Leap"],"picked":"Gash","floor":4},{"not_picked":["Lockon","Auto Shields"],"picked":"White Noise","floor":5},{"not_picked":["Reprogram","Loop"],"picked":"Redo","floor":6},{"not_picked":["Leap","Loop"],"picked":"Machine Learning","floor":7}],"player_experience":1013155,"relics_obtained":[{"floor":6,"key":"Art of War"},{"floor":9,"key":"Cables"}],"event_choices":[{"cards_removed":["Strike_B"],"damage_healed":0,"gold_gain":0,"player_choice":"Card Removal","damage_taken":7,"max_hp_gain":0,"max_hp_loss":0,"event_name":"Golden Wing","floor":2,"gold_loss":0}],"is_beta":false,"boss_relics":[],"items_purged_floors":[],"is_endless":false,"potions_floor_spawned":[3,4],"ascension_level":19}