{"gold_per_floor":[109,109,109,119,44,44,70,70,70,99,99,99,19,38,38,139,139,154,154,154,172,199,199,56,56,56,66,17,48,48,48,48,151,151,167,1166,500,500,513,513,547,547,617,647,92,108,108,122,122,122],"floor_reached":51,"playtime":5448,"items_purged":["Normality","Normality"],"score":1187,"play_id":"99a250a6-eacf-4731-92f8-4050e3309ee2","local_time":"20181006234250","is_ascension_mode":true,"campfire_choices":[{"data":"Beam Cell","floor":6.0,"key":"SMITH"},{"floor":8.0,"key":"REST"},{"data":"Defragment","floor":12.0,"key":"SMITH"},{"data":"Glacier","floor":15.0,"key":"SMITH"},{"data":"Go for the Eyes","floor":23.0,"key":"SMITH"},{"data":"Hologram","floor":25.0,"key":"SMITH"},{"data":"Reinforced Body","floor":30.0,"key":"SMITH"},{"data":"Lockon","floor":32.0,"key":"SMITH"},{"data":"Coolheaded","floor":40.0,"key":"SMITH"},{"data":"Redo","floor":42.0,"key":"SMITH"},{"data":"Fission","floor":49,"key":"SMITH"}],"neow_cost":"NONE","seed_source_timestamp":0,"circlet_count":0,"master_deck":["Strike_B","Strike_B","Strike_B","Defend_B","Defend_B","Defend_B","Defend_B","Zap+1","Dualcast","AscendersBane","Beam Cell+1","Defragment+1","Glacier+1","Reinforced Body+1","Go for the Eyes+1","Gash","Hologram+1","Lockon+1","All For One","Cold Snap","Steam","Hologram+1","Seek","Self Repair+1","Coolheaded+1","Echo Form+1","Defragment+1","Panache+1","Stack","Melter","Steam","Redo+1","Doom and Gloom+1","Fission+1","Redo","Gash","Defragment+1","Stack+1"],"special_seed":0,"relics":["FrozenCore","Ancient Tea Set","PreservedInsect","Darkstone Periapt","Frozen Egg 2","Pantograph","Strawberry","Oddly Smooth Stone","Symbiotic Virus","Blue Candle","Nuclear Battery","DataDisk","Omamori","Centennial Puzzle","Matryoshka","Bag of Preparation","Bag of Marbles","Boot"],"potions_floor_usage":[50],"damage_taken":[{"damage":8.0,"enemies":"2 Louse","floor":1.0,"turns":2.0},{"damage":2.0,"enemies":"Small Slimes","floor":4.0,"turns":3.0},{"damage":14.0,"enemies":"Lagavulin","floor":7.0,"turns":9.0},{"damage":1.0,"enemies":"3 Sentries","floor":10.0,"turns":7.0},{"damage":0.0,"enemies":"Cultist","floor":14.0,"turns":3.0},{"damage":23.0,"enemies":"Slime Boss","floor":16.0,"turns":13.0},{"damage":1.0,"enemies":"Chosen","floor":18.0,"turns":6.0},{"damage":0.0,"enemies":"3 Byrds","floor":21.0,"turns":6.0},{"damage":19.0,"enemies":"Shelled Parasite and Fungi","floor":27.0,"turns":8.0},{"damage":22.0,"enemies":"Slavers","floor":29.0,"turns":8.0},{"damage":0.0,"enemies":"Gremlin Leader","floor":31.0,"turns":2.0},{"damage":20.0,"enemies":"Champ","floor":33.0,"turns":19.0},{"damage":0.0,"enemies":"Orb Walker","floor":35.0,"turns":4.0},{"damage":3.0,"enemies":"3 Shapes","floor":39.0,"turns":6.0},{"damage":26.0,"enemies":"Giant Head","floor":41.0,"turns":9.0},{"damage":27.0,"enemies":"Nemesis","floor":44.0,"turns":7.0},{"damage":14.0,"enemies":"Spire Growth","floor":46.0,"turns":5.0},{"damage":8,"enemies":"Sphere and 2 Shapes","floor":48,"turns":5},{"damage":11,"enemies":"Donu and Deca","floor":50,"turns":9}],"seed_played":"5319031393683116644","potions_obtained":[{"floor":7.0,"key":"Energy Potion"},{"floor":10.0,"key":"Regen Potion"},{"floor":27.0,"key":"SmokeBomb"},{"floor":29.0,"key":"EntropicBrew"},{"floor":33.0,"key":"SkillPotion"},{"floor":35.0,"key":"Poison Potion"},{"floor":44.0,"key":"Poison Potion"},{"floor":48,"key":"EntropicBrew"}],"is_trial":false,"path_per_floor":["M","?","?","M","$","R","E","R","T","E","T","R","$","M","R","B",null,"M","?","?","M","T","R","$","R","T","M","$","E","R","E","R","B",null,"M","?","$","?","M","R","E","R","T","E","$","M","?","M","R","B"],"character_chosen":"DEFECT","items_purchased":["Glacier","Gash","Hologram","Seek","Coolheaded","DataDisk","Omamori","Panache+1","Stack","Melter","Bag of Marbles","Boot","Fission","Redo"],"campfire_rested":1,"item_purchase_floors":[5,13,13,24,28,37,37,37,37,37,45,45,45,45],"current_hp_per_floor":[60,53,53,51,51,51,37,59,59,58,58,58,58,58,58,52,69,68,68,75,75,75,75,75,75,75,70,70,58,58,68,68,72,80,82,94,94,94,94,94,88,88,88,71,71,67,67,79,79,93],"gold":122,"neow_bonus":"RANDOM_COMMON_RELIC","is_prod":false,"is_daily":false,"chose_seed":false,"campfire_upgraded":10,"win_rate":0,"timestamp":1538862170,"path_taken":["M","?","?","M","$","R","E","R","T","E","?","R","$","M","R","BOSS","M","?","?","M","?","R","?","R","T","M","$","E","R","E","R","BOSS","M","?","$","?","M","R","E","R","T","E","$","M","?","M","R","BOSS"],"build_version":"2018-10-04v2","purchased_purges":2,"victory":true,"max_hp_per_floor":[75,75,75,75,75,75,75,75,75,75,75,75,75,75,75,75,75,75,75,82,82,82,82,82,82,82,82,82,82,82,82,82,82,82,82,94,94,94,94,94,94,94,94,94,94,94,94,94,94,94],"card_choices":[{"not_picked":["Gash","Steam"],"picked":"Beam Cell","floor":1.0},{"not_picked":["Loop","Streamline"],"picked":"Defragment","floor":4.0},{"not_picked":["Conserve Battery","Hello World"],"picked":"Reinforced Body","floor":7.0},{"not_picked":["Fusion","Redo"],"picked":"Go for the Eyes","floor":10.0},{"not_picked":["Storm+1","Hologram"],"picked":"Lockon","floor":14.0},{"not_picked":["Reboot","Fission"],"picked":"All For One","floor":16.0},{"not_picked":["White Noise","Aggregate"],"picked":"Cold Snap","floor":18.0},{"not_picked":["BootSequence","Undo"],"picked":"Hologram+1","floor":21.0},{"not_picked":["Go for the Eyes+1","Ball Lightning"],"picked":"Self Repair+1","floor":27.0},{"not_picked":["Static Discharge+1","Rebound","Go for the Eyes"],"picked":"SKIP","floor":29.0},{"not_picked":["Rainbow","Thunder Strike"],"picked":"Echo Form+1","floor":33.0},{"not_picked":["Hologram","Compile Driver"],"picked":"Defragment+1","floor":35.0},{"not_picked":["Hologram","Sweeping Beam"],"picked":"Steam","floor":39.0},{"not_picked":["Go for the Eyes","Ball Lightning"],"picked":"Redo","floor":41.0},{"not_picked":["Storm+1","Compile Driver"],"picked":"Doom and Gloom+1","floor":44.0},{"not_picked":["Double Energy","Aggregate"],"picked":"Gash","floor":46.0},{"not_picked":["Steam","Darkness"],"picked":"Stack+1","floor":48}],"player_experience":864792,"relics_obtained":[{"floor":7.0,"key":"PreservedInsect"},{"floor":9.0,"key":"Darkstone Periapt"},{"floor":10.0,"key":"Frozen Egg 2"},{"floor":11.0,"key":"Pantograph"},{"floor":22.0,"key":"Oddly Smooth Stone"},{"floor":26.0,"key":"Symbiotic Virus"},{"floor":29.0,"key":"Blue Candle"},{"floor":41.0,"key":"Centennial Puzzle"},{"floor":43.0,"key":"Matryoshka"},{"floor":44.0,"key":"Bag of Preparation"}],"event_choices":[{"event_name":"Golden Wing","player_choice":"Card Removal","floor":2.0,"damage_taken":0.0},{"event_name":"Living Wall","player_choice":"Grow","floor":3.0,"damage_taken":0.0},{"event_name":"The Library","player_choice":"Read","floor":19.0,"damage_taken":0.0},{"event_name":"The Mausoleum","player_choice":"Yes","floor":20.0,"damage_taken":0.0},{"event_name":"MindBloom","player_choice":"Gold","floor":36.0,"damage_taken":0.0},{"event_name":"SecretPortal","player_choice":"Rejected Portal.","floor":38.0,"damage_taken":0.0},{"event_name":"Duplicator","player_choice":"One dupe","floor":47.0,"damage_taken":0.0}],"is_beta":false,"boss_relics":[{"not_picked":["Lizard Tail","Empty Cage"],"picked":"FrozenCore"},{"not_picked":["Velvet Choker","Astrolabe"],"picked":"Nuclear Battery"}],"items_purged_floors":[37,45],"is_endless":false,"potions_floor_spawned":[7,10,18,27,29,33,35,44,48],"ascension_level":12}