{"gold_per_floor":[114,133,153,9,84,115,115,128,128,144,156,184,204,5,5,110,110,129,129,129,129,147,147,162,0,0,0,0,12,25,35,35,35],"floor_reached":33,"playtime":2120,"items_purged":["Strike_R"],"score":261,"play_id":"36fde400-f38c-436f-bc62-ced04eb37ba9","local_time":"20181014042720","is_ascension_mode":false,"campfire_choices":[{"floor":7,"key":"REST"},{"data":"Bludgeon","floor":15,"key":"SMITH"},{"floor":23,"key":"REST"},{"floor":27,"key":"REST"},{"floor":32,"key":"REST"}],"neow_cost":"NONE","seed_source_timestamp":210459362345412,"circlet_count":0,"master_deck":["Strike_R","Strike_R","Strike_R","Strike_R","Defend_R","Defend_R","Defend_R","Defend_R","Bash","Bludgeon+1","Heavy Blade","Clothesline","Clothesline","Fire Breathing","Juggernaut","Flex","Twin Strike","Inflame","Iron Wave","Blood for Blood","Demon Form","Armaments+1","Shame","Anger+1","Clothesline","Headbutt","Rage","PanicButton","Combust","Anger","Dropkick","Seeing Red"],"relics":["Burning Blood","Bird Faced Urn","Magic Flower","Champion Belt","Toolbox","Lizard Tail","MutagenicStrength","Dream Catcher","Gremlin Horn"],"potions_floor_usage":[6,6,16,16,29,33],"damage_taken":[{"damage":1,"enemies":"Cultist","floor":1,"turns":3},{"damage":3,"enemies":"Small Slimes","floor":2,"turns":2},{"damage":3,"enemies":"Jaw Worm","floor":3,"turns":3},{"damage":33,"enemies":"3 Sentries","floor":6,"turns":6},{"damage":23,"enemies":"Exordium Wildlife","floor":8,"turns":5},{"damage":12,"enemies":"Red Slaver","floor":10,"turns":4},{"damage":18,"enemies":"Large Slime","floor":11,"turns":7},{"damage":19,"enemies":"Gremlin Nob","floor":12,"turns":4},{"damage":10,"enemies":"Exordium Wildlife","floor":13,"turns":3},{"damage":27,"enemies":"Slime Boss","floor":16,"turns":8},{"damage":51,"enemies":"2 Thieves","floor":18,"turns":5},{"damage":7,"enemies":"Chosen","floor":22,"turns":4},{"damage":56,"enemies":"3 Cultists","floor":24,"turns":6},{"damage":21,"enemies":"Sentry and Sphere","floor":29,"turns":6},{"damage":50,"enemies":"Cultist and Chosen","floor":30,"turns":6},{"damage":37,"enemies":"Shelled Parasite and Fungi","floor":31,"turns":9},{"damage":93,"enemies":"Automaton","floor":33,"turns":8}],"seed_played":"2961688281538575107","potions_obtained":[{"floor":1,"key":"LiquidBronze"},{"floor":2,"key":"GamblersBrew"},{"floor":8,"key":"EssenceOfSteel"},{"floor":12,"key":"LiquidBronze"},{"floor":13,"key":"AttackPotion"},{"floor":22,"key":"Swift Potion"},{"floor":31,"key":"Strength Potion"}],"is_trial":false,"path_per_floor":["M","M","M","$","?","E","R","M","T","M","M","E","M","$","R","B",null,"M","?","?","?","M","R","M","$","T","R","$","M","M","M","R"],"character_chosen":"IRONCLAD","items_purchased":["Fire Breathing","Toolbox","Rage","PanicButton"],"campfire_rested":4,"item_purchase_floors":[4,14,25,25],"current_hp_per_floor":[80,80,80,80,69,42,66,53,53,56,53,49,51,51,51,42,80,44,44,44,44,49,73,35,35,35,59,59,53,18,59,80,0],"gold":35,"neow_bonus":"ONE_RANDOM_RARE_CARD","is_prod":false,"is_daily":false,"chose_seed":false,"campfire_upgraded":1,"win_rate":0.0,"timestamp":1539444440,"path_taken":["M","?","M","$","?","E","R","M","T","M","M","E","?","?","R","BOSS","M","?","?","?","?","R","M","$","T","R","$","M","M","M","R","BOSS"],"build_version":"2018-10-11","purchased_purges":1,"victory":false,"max_hp_per_floor":[80,80,80,80,80,80,80,80,80,80,80,80,80,80,80,80,80,80,80,80,80,80,80,80,80,80,80,80,80,80,80,80,80],"card_choices":[{"not_picked":["Reckless Charge","Intimidate"],"picked":"Heavy Blade","floor":1},{"not_picked":["Hemokinesis","Heavy Blade"],"picked":"Clothesline","floor":2},{"not_picked":["Iron Wave","Entrench"],"picked":"Clothesline","floor":3},{"not_picked":["True Grit","Battle Trance"],"picked":"Juggernaut","floor":6},{"not_picked":["Shockwave","Sword Boomerang"],"picked":"Flex","floor":8},{"not_picked":["Infernal Blade","Thunderclap"],"picked":"Twin Strike","floor":10},{"not_picked":["Clothesline","Battle Trance"],"picked":"Inflame","floor":11},{"not_picked":["Shrug It Off","Sword Boomerang"],"picked":"Iron Wave","floor":12},{"not_picked":["Sword Boomerang","Warcry"],"picked":"Blood for Blood","floor":13},{"not_picked":["Bludgeon","Limit Break"],"picked":"Demon Form","floor":16},{"not_picked":["Pommel Strike","Perfected Strike"],"picked":"Armaments","floor":18},{"not_picked":["Bloodletting","Sever Soul"],"picked":"Anger+1","floor":22},{"not_picked":["Body Slam","Brutality"],"picked":"Clothesline","floor":23},{"not_picked":["True Grit","Clothesline"],"picked":"Headbutt","floor":24},{"not_picked":["Anger+1","Clash"],"picked":"Combust","floor":27},{"not_picked":["Thunderclap","Shockwave"],"picked":"Anger","floor":29},{"not_picked":["Body Slam+1","Bloodletting+1","Iron Wave"],"picked":"SKIP","floor":30},{"not_picked":["Iron Wave","Armaments"],"picked":"Dropkick","floor":31},{"not_picked":["Thunderclap","Twin Strike"],"picked":"Seeing Red","floor":32}],"player_experience":22800,"relics_obtained":[{"floor":6,"key":"Bird Faced Urn"},{"floor":9,"key":"Magic Flower"},{"floor":12,"key":"Champion Belt"},{"floor":26,"key":"Gremlin Horn"}],"event_choices":[{"event_name":"World of Goop","player_choice":"Gather Gold","floor":5,"damage_taken":0},{"event_name":"Drug Dealer","player_choice":"Inject Mutagens","floor":19,"damage_taken":0},{"event_name":"Accursed Blacksmith","player_choice":"Forge","floor":20,"damage_taken":0},{"event_name":"Addict","player_choice":"Stole Relic","floor":21,"damage_taken":0}],"is_beta":false,"boss_relics":[{"not_picked":["Fusion Hammer","Coffee Dripper"],"picked":"Lizard Tail"}],"items_purged_floors":[4],"is_endless":false,"potions_floor_spawned":[1,2,8,12,13,22,31],"killed_by":"Automaton","ascension_level":0}