{"gold_per_floor":[110,110,35,35,51,51,76,86,86,86,86,86,86,162,162,162],"floor_reached":16,"playtime":590,"items_purged":["Strike_B"],"score":121,"play_id":"cf6d4d78-bf3a-41b4-b661-6bb642c90bef","local_time":"20181205154242","is_ascension_mode":false,"campfire_choices":[{"floor":6,"key":"REST"},{"data":"Machine Learning","floor":12,"key":"SMITH"},{"data":"Lockon","floor":15,"key":"SMITH"}],"neow_cost":"NONE","seed_source_timestamp":778543425473244,"circlet_count":0,"master_deck":["Strike_B","Strike_B","Strike_B","Defend_B","Defend_B","Defend_B","Zap","Dualcast","Coolheaded","Redo","Machine Learning+1","Lockon+1","Injury","Conserve Battery"],"relics":["Cracked Core","NeowsBlessing","Matryoshka","Du-Vu Doll","Kunai","Ornamental Fan","Golden Idol","Meat on the Bone","Centennial Puzzle"],"potions_floor_usage":[16,16],"damage_taken":[{"damage":0,"enemies":"2 Louse","floor":1,"turns":1},{"damage":0,"enemies":"Small Slimes","floor":5,"turns":1},{"damage":0,"enemies":"Gremlin Nob","floor":7,"turns":1},{"damage":1,"enemies":"Jaw Worm","floor":8,"turns":5},{"damage":67,"enemies":"Hexaghost","floor":16,"turns":14}],"seed_played":"-7223100460692524293","potions_obtained":[{"floor":5,"key":"SpeedPotion"},{"floor":8,"key":"EssenceOfSteel"}],"is_trial":false,"path_per_floor":["M","?","$","?","M","R","E","M","T","?","?","R","?","T","R","B"],"character_chosen":"DEFECT","items_purchased":[],"campfire_rested":1,"item_purchase_floors":[],"current_hp_per_floor":[75,75,75,42,42,64,64,63,63,68,68,68,68,68,68,1],"gold":162,"neow_bonus":"THREE_ENEMY_KILL","is_prod":false,"is_daily":false,"chose_seed":false,"campfire_upgraded":2,"win_rate":0,"timestamp":1543977762,"path_taken":["M","?","$","?","?","R","E","M","T","?","?","R","?","?","R","BOSS"],"build_version":"2018-11-15","purchased_purges":1,"victory":false,"max_hp_per_floor":[75,75,75,75,75,75,75,75,75,80,80,80,80,80,80,80],"card_choices":[{"not_picked":["Cold Snap","Darkness"],"picked":"Coolheaded","floor":1},{"not_picked":["Rebound","Stack"],"picked":"Redo","floor":5},{"not_picked":["Gash","Stack"],"picked":"Machine Learning","floor":7},{"not_picked":["Sunder","Cold Snap"],"picked":"Lockon","floor":8}],"player_experience":355461,"relics_obtained":[{"floor":7,"key":"Du-Vu Doll"},{"floor":9,"key":"Kunai"},{"floor":9,"key":"Ornamental Fan"},{"floor":14,"key":"Meat on the Bone"},{"floor":14,"key":"Centennial Puzzle"}],"event_choices":[{"damage_healed":0,"gold_gain":0,"player_choice":"Ignored","damage_taken":0,"max_hp_gain":0,"max_hp_loss":0,"event_name":"Shining Light","floor":2,"gold_loss":0},{"damage_healed":0,"gold_gain":0,"player_choice":"Success","damage_taken":33,"relics_obtained":["Matryoshka"],"max_hp_gain":0,"max_hp_loss":0,"event_name":"Scrap Ooze","floor":4,"gold_loss":0},{"damage_healed":0,"gold_gain":0,"player_choice":"Donut","damage_taken":0,"max_hp_gain":5,"max_hp_loss":0,"event_name":"Big Fish","floor":10,"gold_loss":0},{"damage_healed":0,"gold_gain":0,"player_choice":"Take Wound","damage_taken":0,"relics_obtained":["Golden Idol"],"max_hp_gain":0,"max_hp_loss":0,"event_name":"Golden Idol","floor":11,"gold_loss":0,"cards_obtained":["Injury"]},{"damage_healed":0,"gold_gain":0,"cards_transformed":["Defend_B"],"player_choice":"Change","damage_taken":0,"max_hp_gain":0,"max_hp_loss":0,"event_name":"Living Wall","floor":13,"gold_loss":0,"cards_obtained":["Conserve Battery"]}],"is_beta":false,"boss_relics":[],"items_purged_floors":[3],"is_endless":false,"potions_floor_spawned":[5,8],"killed_by":"Hexaghost","ascension_level":0}