{"gold_per_floor":[110,110,35,51,26,56,67,17,17,37,37,37,49,67,67,165,165,176,186,186,6,6,6,6,6,6,6,24,37,37,53,53,53],"floor_reached":33,"playtime":1928,"items_purged":["Strike_G"],"score":272,"play_id":"963ead56-ecc3-4d81-8e94-9ead96399523","local_time":"20181028003436","is_ascension_mode":false,"campfire_choices":[{"data":"Backflip","floor":12.0,"key":"SMITH"},{"floor":15.0,"key":"REST"},{"floor":23.0,"key":"REST"},{"data":"Choke","floor":25.0,"key":"SMITH"},{"data":"Backflip","floor":27.0,"key":"SMITH"},{"floor":30.0,"key":"REST"},{"floor":32,"key":"REST"}],"neow_cost":"NONE","seed_source_timestamp":0,"circlet_count":0,"master_deck":["Defend_G","Defend_G","Defend_G","Defend_G","Strike_G","Strike_G","Strike_G+1","Strike_G","Survivor","Neutralize+1","Deadly Poison","Malaise","Dagger Throw","Quick Slash","Backflip+1","Dagger Spray+1","Backflip+1","Dagger Throw","Corpse Explosion","PiercingWail","Escape Plan","Choke+1","Deadly Poison","RitualDagger","Poisoned Stab+1","Quick Slash+1","Predator+1"],"special_seed":0,"relics":["Ring of the Snake","NeowsBlessing","Meat on the Bone","Darkstone Periapt","Sozu","Lantern","Molten Egg 2"],"potions_floor_usage":[33],"damage_taken":[{"damage":0.0,"enemies":"2 Louse","floor":1.0,"turns":1.0},{"damage":0.0,"enemies":"Cultist","floor":4.0,"turns":1.0},{"damage":0.0,"enemies":"Gremlin Nob","floor":6.0,"turns":1.0},{"damage":0.0,"enemies":"Jaw Worm","floor":7.0,"turns":4.0},{"damage":15.0,"enemies":"Gremlin Gang","floor":10.0,"turns":4.0},{"damage":2.0,"enemies":"Looter","floor":13.0,"turns":3.0},{"damage":0.0,"enemies":"Large Slime","floor":14.0,"turns":5.0},{"damage":14.0,"enemies":"Slime Boss","floor":16.0,"turns":9.0},{"damage":7.0,"enemies":"3 Byrds","floor":18.0,"turns":3.0},{"damage":12.0,"enemies":"Chosen","floor":19.0,"turns":5.0},{"damage":32.0,"enemies":"Sentry and Sphere","floor":28.0,"turns":6.0},{"damage":25.0,"enemies":"Shelled Parasite and Fungi","floor":29.0,"turns":5.0},{"damage":5,"enemies":"Snecko","floor":31,"turns":3},{"damage":59,"enemies":"Champ","floor":33,"turns":15}],"seed_played":"3671317428528252210","potions_obtained":[{"floor":4.0,"key":"LiquidBronze"},{"floor":10.0,"key":"Weak Potion"},{"floor":13.0,"key":"PowerPotion"},{"floor":16.0,"key":"Strength Potion"}],"is_trial":false,"path_per_floor":["M","?","$","M","$","E","M","?","T","M","?","R","M","M","R","B",null,"M","M","?","$","?","R","?","R","T","R","M","M","R","M","R"],"character_chosen":"THE_SILENT","items_purchased":["Dagger Throw","Lantern","Deadly Poison"],"campfire_rested":4,"item_purchase_floors":[5,21,21],"current_hp_per_floor":[70,70,70,70,70,70,70,70,70,55,41,41,39,39,60,46,70,63,51,51,51,45,66,66,66,66,66,46,33,54,49,70,11],"gold":53,"neow_bonus":"THREE_ENEMY_KILL","is_prod":false,"is_daily":false,"chose_seed":false,"campfire_upgraded":3,"win_rate":0.0,"timestamp":1540640076,"path_taken":["M","?","$","M","$","E","M","?","T","M","?","R","M","M","R","BOSS","M","M","?","$","?","R","?","R","T","R","M","M","R","M","R","BOSS"],"build_version":"2018-10-25v2","purchased_purges":1,"victory":false,"max_hp_per_floor":[70,70,70,70,70,70,70,70,70,70,70,70,70,70,70,70,70,70,70,70,70,70,70,70,70,70,70,70,70,70,70,70,70],"card_choices":[{"not_picked":["Dagger Spray","Dodge and Roll"],"picked":"Deadly Poison","floor":1.0},{"not_picked":["Sucker Punch","Underhanded Strike"],"picked":"Malaise","floor":4.0},{"not_picked":["Outmaneuver","Venomology"],"picked":"Quick Slash","floor":6.0},{"not_picked":["Flying Knee","Dagger Spray"],"picked":"Backflip","floor":7.0},{"not_picked":["Accuracy","Expertise"],"picked":"Dagger Spray","floor":10.0},{"not_picked":["Escape Plan","PiercingWail"],"picked":"Backflip","floor":13.0},{"not_picked":["Dagger Spray","All Out Attack"],"picked":"Dagger Throw","floor":14.0},{"not_picked":["Malaise","Night Terror"],"picked":"Corpse Explosion","floor":16.0},{"not_picked":["Underhanded Strike","Deflect+1"],"picked":"PiercingWail","floor":18.0},{"not_picked":["Dagger Throw","Bane"],"picked":"Escape Plan","floor":19.0},{"not_picked":["Backflip+1","Sucker Punch+1"],"picked":"Poisoned Stab+1","floor":28.0},{"not_picked":["Terror","PiercingWail+1"],"picked":"Quick Slash+1","floor":29.0},{"not_picked":["Blur","Tools of the Trade"],"picked":"Predator+1","floor":31}],"player_experience":262620,"relics_obtained":[{"floor":6.0,"key":"Meat on the Bone"},{"floor":9.0,"key":"Darkstone Periapt"},{"floor":26.0,"key":"Molten Egg 2"}],"event_choices":[{"damage_healed":0.0,"max_hp_gain":0.0,"max_hp_loss":0.0,"gold_gain":0.0,"event_name":"Upgrade Shrine","player_choice":"Upgraded","floor":2.0,"gold_loss":0.0,"damage_taken":0.0,"cards_upgraded":["Neutralize"]},{"cards_removed":["Defend_G"],"damage_healed":0.0,"max_hp_gain":0.0,"max_hp_loss":0.0,"gold_gain":0.0,"event_name":"The Cleric","player_choice":"Card Removal","floor":8.0,"gold_loss":50.0,"damage_taken":0.0},{"damage_healed":0.0,"max_hp_gain":0.0,"max_hp_loss":0.0,"gold_gain":0.0,"event_name":"Shining Light","player_choice":"Entered Light","floor":11.0,"gold_loss":0.0,"damage_taken":14.0,"cards_upgraded":["Strike_G","Dagger Spray"]},{"damage_healed":0.0,"max_hp_gain":0.0,"max_hp_loss":0.0,"gold_gain":0.0,"event_name":"The Library","player_choice":"Read","floor":20.0,"gold_loss":0.0,"damage_taken":0.0,"cards_obtained":["Choke"]},{"damage_healed":0.0,"max_hp_gain":0.0,"max_hp_loss":0.0,"gold_gain":0.0,"event_name":"Nest","player_choice":"Joined the Cult","floor":22.0,"gold_loss":0.0,"damage_taken":6.0,"cards_obtained":["RitualDagger"]},{"damage_healed":0.0,"max_hp_gain":0.0,"max_hp_loss":0.0,"gold_gain":0.0,"event_name":"Ghosts","player_choice":"Ignored","floor":24.0,"gold_loss":0.0,"damage_taken":0.0}],"is_beta":false,"boss_relics":[{"not_picked":["Runic Pyramid","Snecko Eye"],"picked":"Sozu"}],"items_purged_floors":[3],"is_endless":false,"potions_floor_spawned":[4,10,13,16,18],"killed_by":"Champ","ascension_level":0}