{"gold_per_floor":[118,137,151,9,20,52,52,87,113,113,131,142,16,46,46,144,144,164,180,200,219,134,134,168,18,18,38,38,64,83,94,94,94],"floor_reached":33,"playtime":3548,"items_purged":["Strike_R","Strike_R"],"score":336,"play_id":"094f590d-2213-42bd-bc0e-d33eeff8cc4a","local_time":"20181013235248","is_ascension_mode":false,"campfire_choices":[{"data":"Uppercut","floor":7,"key":"SMITH"},{"data":"Clothesline","floor":10,"key":"SMITH"},{"data":"Bash","floor":15,"key":"SMITH"},{"floor":23,"key":"REST"},{"floor":28,"key":"REST"},{"floor":32,"key":"REST"}],"neow_cost":"NONE","seed_source_timestamp":192555031457900,"circlet_count":0,"master_deck":["Strike_R","Strike_R","Defend_R","Defend_R","Defend_R","Defend_R","Bash+1","Entrench","Rage","Rage","Uppercut+1","Carnage","Twin Strike","Battle Trance","Clothesline+1","Pummel","Whirlwind","Twin Strike","Dark Embrace","Feed","Uppercut","Shrug It Off+1","Carnage+1","Flex","Anger+1","Feed","Body Slam+1","Demon Form"],"relics":["Burning Blood","Letter Opener","Bag of Preparation","Ancient Tea Set","Regal Pillow","Runic Cube","Mummified Hand","Pen Nib","Nunchaku","Centennial Puzzle"],"potions_floor_usage":[6,6,16,16,21,24,31,33],"damage_taken":[{"damage":1,"enemies":"Cultist","floor":1,"turns":4},{"damage":12,"enemies":"Jaw Worm","floor":2,"turns":6},{"damage":0,"enemies":"2 Louse","floor":3,"turns":4},{"damage":5,"enemies":"Exordium Thugs","floor":5,"turns":4},{"damage":20,"enemies":"Gremlin Nob","floor":6,"turns":4},{"damage":22,"enemies":"Lagavulin","floor":8,"turns":6},{"damage":0,"enemies":"Large Slime","floor":11,"turns":4},{"damage":0,"enemies":"Exordium Wildlife","floor":12,"turns":3},{"damage":17,"enemies":"Gremlin Nob","floor":14,"turns":4},{"damage":55,"enemies":"Hexaghost","floor":16,"turns":13},{"damage":10,"enemies":"Chosen","floor":18,"turns":5},{"damage":24,"enemies":"2 Thieves","floor":19,"turns":4},{"damage":22,"enemies":"Sentry and Sphere","floor":20,"turns":6},{"damage":37,"enemies":"Centurion and Healer","floor":21,"turns":8},{"damage":34,"enemies":"Book of Stabbing","floor":24,"turns":6},{"damage":24,"enemies":"Chosen and Byrds","floor":27,"turns":6},{"damage":39,"enemies":"Gremlin Leader","floor":29,"turns":5},{"damage":18,"enemies":"Snake Plant","floor":30,"turns":5},{"damage":9,"enemies":"3 Cultists","floor":31,"turns":4},{"damage":62,"enemies":"Champ","floor":33,"turns":5}],"seed_played":"-3693168771340968743","potions_obtained":[{"floor":3,"key":"SteroidPotion"},{"floor":5,"key":"Weak Potion"},{"floor":11,"key":"Explosive Potion"},{"floor":14,"key":"BloodPotion"},{"floor":20,"key":"LiquidBronze"},{"floor":21,"key":"EssenceOfSteel"},{"floor":30,"key":"SkillPotion"},{"floor":31,"key":"Poison Potion"}],"is_trial":false,"path_per_floor":["M","M","M","$","M","E","R","E","T","R","M","M","$","E","R","B",null,"M","M","M","M","?","R","E","$","T","M","R","E","M","M","R"],"character_chosen":"IRONCLAD","items_purchased":["Carnage","Twin Strike","Feed"],"campfire_rested":3,"item_purchase_floors":[4,13,25],"current_hp_per_floor":[80,74,80,80,80,66,66,50,50,50,56,62,62,51,51,10,80,79,61,48,17,17,57,29,29,29,14,55,25,13,13,56,0],"gold":94,"neow_bonus":"TRANSFORM_CARD","is_prod":false,"is_daily":false,"chose_seed":false,"campfire_upgraded":3,"win_rate":0.0,"timestamp":1539427968,"path_taken":["M","?","M","$","?","E","R","E","T","R","M","M","?","E","R","BOSS","M","?","M","?","?","R","E","$","T","M","R","E","M","M","R","BOSS"],"build_version":"2018-10-11","purchased_purges":2,"victory":false,"max_hp_per_floor":[80,80,80,80,80,80,80,80,80,80,80,80,80,80,80,80,80,83,83,86,86,86,86,86,86,86,89,89,92,92,95,95,95],"card_choices":[{"not_picked":["Perfected Strike","Iron Wave"],"picked":"Rage","floor":1},{"not_picked":["Shockwave","Burning Pact"],"picked":"Rage","floor":2},{"not_picked":["Clash","Corruption"],"picked":"Uppercut","floor":3},{"not_picked":["Clothesline","Body Slam"],"picked":"Twin Strike","floor":5},{"not_picked":["Blood for Blood","Thunderclap"],"picked":"Battle Trance","floor":6},{"not_picked":["Rupture","Fire Breathing"],"picked":"Clothesline","floor":8},{"not_picked":["Shrug It Off","Warcry"],"picked":"Pummel","floor":11},{"not_picked":["Iron Wave","Corruption"],"picked":"Whirlwind","floor":12},{"not_picked":["Warcry","Ghostly Armor"],"picked":"Dark Embrace","floor":14},{"not_picked":["Bludgeon","Brutality"],"picked":"Feed","floor":16},{"not_picked":["Flex","Iron Wave"],"picked":"Uppercut","floor":18},{"not_picked":["Rage","Flex"],"picked":"Shrug It Off+1","floor":19},{"not_picked":["Headbutt","Shockwave"],"picked":"Carnage+1","floor":20},{"not_picked":["Sword Boomerang","Corruption"],"picked":"Flex","floor":21},{"not_picked":["Clothesline+1","Pummel"],"picked":"Anger+1","floor":24},{"not_picked":["Perfected Strike","Twin Strike"],"picked":"Body Slam+1","floor":27},{"not_picked":["Feel No Pain","Shrug It Off","Sever Soul"],"picked":"SKIP","floor":29},{"not_picked":["Thunderclap","Intimidate","Ghostly Armor"],"picked":"SKIP","floor":30},{"not_picked":["Shrug It Off","Iron Wave"],"picked":"Demon Form","floor":31}],"player_experience":7106,"relics_obtained":[{"floor":6,"key":"Letter Opener"},{"floor":8,"key":"Bag of Preparation"},{"floor":9,"key":"Ancient Tea Set"},{"floor":14,"key":"Regal Pillow"},{"floor":24,"key":"Pen Nib"},{"floor":26,"key":"Nunchaku"},{"floor":29,"key":"Centennial Puzzle"}],"event_choices":[{"event_name":"Addict","player_choice":"Obtained Relic","floor":22,"damage_taken":0}],"is_beta":false,"boss_relics":[{"not_picked":["Cursed Key","Fusion Hammer"],"picked":"Runic Cube"}],"items_purged_floors":[4,13],"is_endless":false,"potions_floor_spawned":[3,5,11,14,20,21,30,31],"killed_by":"Champ","ascension_level":0}