{"path_per_floor":["M","M","?","M","?","E","?","M","T","?","$","M","R","E","R","B",null,"M","M","?","?","?","E","R","M","T","?","$","E","M"],"character_chosen":"THE_SILENT","items_purchased":["Molten Egg 2","Lantern","Bag of Preparation"],"gold_per_floor":[114,128,128,143,218,244,274,285,285,285,25,38,38,76,76,199,237,255,278,278,193,193,233,233,256,308,338,37,72,95],"floor_reached":31,"campfire_rested":3,"playtime":3322,"current_hp_per_floor":[70,70,56,56,45,31,31,31,31,31,31,31,52,16,37,3,75,48,48,32,32,32,2,24,22,22,22,22,14,8],"items_purged":[],"gold":95,"score":283,"play_id":"8e1090b3-03f6-4829-8674-828d5aad5899","local_time":"20180318160141","is_prod":false,"is_daily":false,"is_ascension_mode":false,"campfire_upgraded":0,"timestamp":1521385301,"path_taken":["M","M","?","?","?","E","?","M","T","?","?","M","R","E","R","BOSS","M","M","?","?","?","E","R","M","T","?","$","E","?","M"],"build_version":"2018-03-15v3","purchased_purges":0,"victory":false,"master_deck":["Defend_G","Defend_G","Defend_G+1","Defend_G","Defend_G","Strike_G","Strike_G","Strike_G","Strike_G","Strike_G+1","Survivor","Neutralize+1","Quick Slash","Calculated Gamble","PiercingWail","Backflip","Heel Hook","Injury","PiercingWail","Endless Agony+1","Die Die Die+1","Noxious Fumes","Dagger Spray+1","Bouncing Flask","Backflip+1","Poisoned Stab+1","Noxious Fumes","Predator+1"],"max_hp_per_floor":[70,70,70,70,70,70,70,70,70,70,70,70,70,70,70,70,75,75,75,75,75,75,75,75,75,75,75,75,75,75],"relics":["Sozu","Ancient Tea Set","Anchor","Du-Vu Doll","Golden Idol","Molten Egg 2","Smiling Mask","Tiny House","Happy Flower","Gambling Chip","Vajra","Tiny Chest","Lantern","Bag of Preparation","Thread and Needle"],"card_choices":[{"not_picked":["Acrobatics","Cloak And Dagger"],"picked":"Quick Slash"},{"not_picked":["Deflect","Acrobatics"],"picked":"Calculated Gamble"},{"not_picked":["Outmaneuver","Skewer"],"picked":"PiercingWail"},{"not_picked":["Crippling Poison","Riddle With Holes"],"picked":"Backflip"},{"not_picked":["Bane","Acrobatics"],"picked":"Heel Hook"},{"not_picked":["Prepared","Accuracy"],"picked":"PiercingWail"},{"not_picked":["Concentrate","Tactician"],"picked":"Endless Agony"},{"not_picked":["Wraith Form","Phantasmal Killer"],"picked":"Die Die Die"},{"not_picked":["Infinite Blades","Backflip"],"picked":"Noxious Fumes"},{"not_picked":["Prepared","Finisher"],"picked":"Dagger Spray"},{"not_picked":["Noxious Fumes","Underhanded Strike"],"picked":"Bouncing Flask"},{"not_picked":["Prepared","Underhanded Strike"],"picked":"Backflip"},{"not_picked":["Deadly Poison","Cloak And Dagger"],"picked":"Poisoned Stab"},{"not_picked":["Poisoned Stab","Underhanded Strike"],"picked":"Noxious Fumes"},{"not_picked":["Deflect","Riddle With Holes"],"picked":"Predator"}],"player_experience":151909,"potions_floor_usage":[],"damage_taken":[{"damage":0,"enemies":"2 Louse","floor":1,"turns":2},{"damage":0,"enemies":"Small Slimes","floor":2,"turns":4},{"damage":0,"enemies":"Cultist","floor":4,"turns":4},{"damage":14,"enemies":"Lagavulin","floor":6,"turns":11},{"damage":0,"enemies":"Lots of Slimes","floor":8,"turns":4},{"damage":0,"enemies":"2 Fungi Beasts","floor":12,"turns":3},{"damage":36,"enemies":"Gremlin Nob","floor":14,"turns":5},{"damage":34,"enemies":"The Guardian","floor":16,"turns":12},{"damage":27,"enemies":"Chosen","floor":18,"turns":5},{"damage":0,"enemies":"2 Thieves","floor":19,"turns":3},{"damage":30,"enemies":"Slavers","floor":23,"turns":4},{"damage":2,"enemies":"3 Cultists","floor":25,"turns":5},{"damage":8,"enemies":"Book of Stabbing","floor":29,"turns":4},{"damage":6,"enemies":"Cultist and Chosen","floor":30,"turns":5},{"damage":9,"enemies":"Centurion and Healer","floor":31,"turns":3}],"event_choices":[{"event_name":"Shining Light","player_choice":"Entered Light","floor":3,"damage_taken":0},{"event_name":"World of Goop","player_choice":"Gather Gold","floor":5,"damage_taken":0},{"event_name":"Dead Adventurer","player_choice":"Searched \u00273\u0027 times","floor":7,"damage_taken":0},{"event_name":"Golden Idol","player_choice":"Take Wound","floor":10,"damage_taken":0},{"event_name":"Cursed Tome","player_choice":"Obtained Book","floor":20,"damage_taken":0},{"event_name":"Addict","player_choice":"Obtained Relic","floor":21,"damage_taken":0},{"event_name":"Drug Dealer","player_choice":"Ignored","floor":22,"damage_taken":0},{"event_name":"The Mausoleum","player_choice":"Yes","floor":27,"damage_taken":0}],"boss_relics":[{"not_picked":["Runic Dome","Ectoplasm"],"picked":"Tiny House"}],"potions_floor_spawned":[4,8,12,14,23,25,29,30],"seed_played":"-3258991965699515320","killed_by":"Centurion and Healer","ascension_level":0,"is_trial":false}