{"gold_per_floor":[219,219,236,253,270,270,284,284,284,309,309,72,72,91,91,195,195,209,59,59,78,78,78,90,103,149,180,192,220,232,17,17,17],"floor_reached":33,"playtime":1664,"items_purged":[],"score":299,"play_id":"2948c860-aa7c-4b04-b21a-86e7093c041c","local_time":"20181211182229","is_ascension_mode":true,"campfire_choices":[{"data":"True Grit","floor":6,"key":"SMITH"},{"floor":8,"key":"REST"},{"floor":11,"key":"REST"},{"data":"Limit Break","floor":15,"key":"SMITH"},{"data":"Shockwave","floor":23,"key":"SMITH"},{"floor":30,"key":"REST"},{"data":"Apotheosis","floor":32,"key":"SMITH"}],"neow_cost":"NONE","seed_source_timestamp":117177910890822,"circlet_count":0,"master_deck":["Strike_R","Strike_R","Strike_R","Strike_R","Defend_R","Defend_R","Defend_R","Bash","Thunderclap","Limit Break+1","Battle Trance","Spot Weakness","True Grit+1","Pommel Strike","Shrug It Off","Shockwave+1","Ghostly Armor","Offering","Decay","Pain","Shame","Shame","Shrug It Off","Warcry+1","Armaments+1","Spot Weakness+1","Flex","Apotheosis+1"],"relics":["Burning Blood","Gremlin Horn","Nunchaku","Happy Flower","Calling Bell","Bronze Scales","Mercury Hourglass","Du-Vu Doll","Regal Pillow","Ornamental Fan","MawBank"],"potions_floor_usage":[10,16,29,33,33,33],"damage_taken":[{"damage":4,"enemies":"2 Louse","floor":1,"turns":3},{"damage":11,"enemies":"Cultist","floor":3,"turns":4},{"damage":0,"enemies":"Small Slimes","floor":4,"turns":2},{"damage":24,"enemies":"Blue Slaver","floor":5,"turns":4},{"damage":28,"enemies":"Exordium Thugs","floor":7,"turns":7},{"damage":49,"enemies":"Lagavulin","floor":10,"turns":7},{"damage":0,"enemies":"2 Fungi Beasts","floor":14,"turns":3},{"damage":51,"enemies":"The Guardian","floor":16,"turns":11},{"damage":16,"enemies":"3 Byrds","floor":18,"turns":2},{"damage":14,"enemies":"Chosen","floor":21,"turns":3},{"damage":14,"enemies":"Centurion and Healer","floor":24,"turns":3},{"damage":15,"enemies":"Snecko","floor":25,"turns":4},{"damage":12,"enemies":"3 Cultists","floor":27,"turns":4},{"damage":25,"enemies":"Chosen and Byrds","floor":29,"turns":5},{"damage":89,"enemies":"Automaton","floor":33,"turns":6}],"seed_played":"4659168846725828089","potions_obtained":[{"floor":5,"key":"PowerPotion"},{"floor":10,"key":"Regen Potion"},{"floor":16,"key":"SteroidPotion"},{"floor":21,"key":"Fire Potion"},{"floor":27,"key":"Energy Potion"},{"floor":28,"key":"AttackPotion"},{"floor":29,"key":"Fire Potion"}],"is_trial":false,"path_per_floor":["M","?","M","M","M","R","M","R","T","E","R","$","?","M","R","B",null,"M","$","?","M","?","R","M","M","T","M","?","M","R","$","R","B"],"character_chosen":"IRONCLAD","items_purchased":["Happy Flower","Shrug It Off","Shockwave","Regal Pillow","Apotheosis","Fire Potion"],"campfire_rested":3,"item_purchase_floors":[12,12,12,19,31,31],"current_hp_per_floor":[80,80,75,80,62,62,40,64,64,21,45,45,37,43,43,13,80,70,70,70,62,62,62,54,45,45,39,39,20,59,59,59,0],"gold":17,"neow_bonus":"HUNDRED_GOLD","is_prod":false,"is_daily":false,"chose_seed":false,"campfire_upgraded":4,"win_rate":0,"timestamp":1544527349,"path_taken":["M","?","M","?","M","R","M","R","T","E","R","$","?","M","R","BOSS","M","$","?","M","?","R","M","M","T","M","?","?","R","$","R","BOSS"],"build_version":"2018-12-06","purchased_purges":0,"victory":false,"max_hp_per_floor":[80,80,80,80,80,80,80,80,80,80,80,80,80,80,80,80,80,80,80,80,80,80,80,80,80,80,80,80,80,80,80,80,80],"card_choices":[{"not_picked":["Sword Boomerang","Body Slam"],"picked":"Thunderclap","floor":1},{"not_picked":["Rage","Perfected Strike"],"picked":"Battle Trance","floor":3},{"not_picked":["Anger","Reckless Charge"],"picked":"Spot Weakness","floor":4},{"not_picked":["Pommel Strike","Clothesline"],"picked":"True Grit","floor":5},{"not_picked":["Heavy Blade","Corruption"],"picked":"Pommel Strike","floor":7},{"not_picked":["Pommel Strike","Hemokinesis","Clothesline"],"picked":"SKIP","floor":10},{"not_picked":["Armaments","True Grit"],"picked":"Ghostly Armor","floor":14},{"not_picked":["Double Tap","Berserk"],"picked":"Offering","floor":16},{"not_picked":["Perfected Strike+1","Pommel Strike","Carnage"],"picked":"SKIP","floor":18},{"not_picked":["Combust+1","Cleave+1"],"picked":"Shrug It Off","floor":21},{"not_picked":["Immolate","Thunderclap"],"picked":"Warcry+1","floor":24},{"not_picked":["Clothesline","Feel No Pain"],"picked":"Armaments+1","floor":25},{"not_picked":["Burning Pact","Rupture+1"],"picked":"Spot Weakness+1","floor":27},{"not_picked":["Pummel","Clash+1"],"picked":"Flex","floor":29}],"player_experience":200175,"relics_obtained":[{"floor":9,"key":"Gremlin Horn"},{"floor":10,"key":"Nunchaku"},{"floor":17,"key":"Bronze Scales"},{"floor":17,"key":"Mercury Hourglass"},{"floor":17,"key":"Du-Vu Doll"},{"floor":26,"key":"MawBank"}],"event_choices":[{"damage_healed":0,"gold_gain":0,"cards_transformed":["Strike_R"],"player_choice":"Transformed","damage_taken":0,"max_hp_gain":0,"max_hp_loss":0,"event_name":"Transmorgrifier","floor":2,"gold_loss":0,"cards_obtained":["Limit Break"]},{"damage_healed":0,"gold_gain":0,"player_choice":"Damaged","damage_taken":8,"max_hp_gain":0,"max_hp_loss":0,"event_name":"Wheel of Change","floor":13,"gold_loss":0},{"damage_healed":0,"gold_gain":0,"player_choice":"Stole Relic","damage_taken":0,"relics_obtained":["Ornamental Fan"],"max_hp_gain":0,"max_hp_loss":0,"event_name":"Addict","floor":20,"gold_loss":0,"cards_obtained":["Shame"]},{"cards_removed":["Defend_R"],"damage_healed":0,"gold_gain":0,"player_choice":"Elegance","damage_taken":0,"max_hp_gain":0,"max_hp_loss":0,"event_name":"Back to Basics","floor":22,"gold_loss":0},{"damage_healed":0,"gold_gain":0,"player_choice":"Got Potions","damage_taken":0,"max_hp_gain":0,"max_hp_loss":0,"event_name":"Lab","floor":28,"gold_loss":0}],"is_beta":false,"boss_relics":[{"not_picked":["Black Star","Eternal Feather"],"picked":"Calling Bell"}],"items_purged_floors":[],"is_endless":false,"potions_floor_spawned":[5,10,16,21,27,29],"killed_by":"Automaton","ascension_level":4}