{"gold_per_floor":[117,33,33,33,50,80,80,91,91,91,102,102,123,142,142,217,217,229,1,12,12,12,12,44,44,68,27,427,427,472,504,504,581,581,592,592,274,374,390,390,418,418,466,466,328,36,53,53,53,53],"floor_reached":51,"playtime":1819,"items_purged":["Strike_G"],"score":1358,"play_id":"f7a87406-ac91-4ef2-b798-928ad76ac04b","local_time":"20190131124104","is_ascension_mode":true,"campfire_choices":[{"data":"Noxious Fumes","floor":7.0,"key":"SMITH"},{"data":"Bane","floor":10.0,"key":"SMITH"},{"data":"Neutralize","floor":12.0,"key":"SMITH"},{"floor":15.0,"key":"REST"},{"floor":23.0,"key":"REST"},{"floor":25.0,"key":"REST"},{"floor":32.0,"key":"REST"},{"floor":40.0,"key":"REST"},{"floor":42.0,"key":"REST"},{"floor":44.0,"key":"REST"},{"floor":49,"key":"REST"}],"neow_cost":"NONE","seed_source_timestamp":8653361549814,"circlet_count":0,"master_deck":["AscendersBane","Defend_G","Defend_G","Defend_G","Defend_G+1","Defend_G+1","Strike_G","Strike_G+1","Strike_G+1","Survivor","Neutralize+1","Bullet Time","Bane+1","Noxious Fumes+1","Footwork","Skewer+1","Backstab+1","Dodge and Roll+1","Acrobatics+1","Dagger Spray+1","Corpse Explosion+1","PiercingWail+1","Backflip+1","Dark Shackles+1","Expertise+1","Bane+1","Footwork","Setup+1","Backstab+1","Night Terror+1","Deadly Poison+1","Neutralize+1","Noxious Fumes+1","Backflip+1","Deadly Poison+1","Deflect+1","Blur+1","Backstab+1","Outmaneuver+1"],"special_seed":0,"relics":["Ring of the Snake","Molten Egg 2","Toxic Egg 2","Odd Mushroom","Fusion Hammer","Juzu Bracelet","Orichalcum","Old Coin","Letter Opener","Whetstone","Mummified Hand","Empty Cage","DollysMirror","Ice Cream","Gambling Chip","Potion Belt","Incense Burner","Snake Skull"],"potions_floor_usage":[50,50,50],"damage_taken":[{"damage":1.0,"enemies":"Small Slimes","floor":1.0,"turns":4.0},{"damage":0.0,"enemies":"Jaw Worm","floor":5.0,"turns":3.0},{"damage":22.0,"enemies":"3 Sentries","floor":6.0,"turns":9.0},{"damage":1.0,"enemies":"2 Louse","floor":8.0,"turns":3.0},{"damage":0.0,"enemies":"Large Slime","floor":11.0,"turns":4.0},{"damage":13.0,"enemies":"The Mushroom Lair","floor":13.0,"turns":4.0},{"damage":1.0,"enemies":"Blue Slaver","floor":14.0,"turns":2.0},{"damage":23.0,"enemies":"Hexaghost","floor":16.0,"turns":10.0},{"damage":15.0,"enemies":"Spheric Guardian","floor":18.0,"turns":6.0},{"damage":0.0,"enemies":"3 Byrds","floor":20.0,"turns":3.0},{"damage":16.0,"enemies":"Book of Stabbing","floor":24.0,"turns":6.0},{"damage":19.0,"enemies":"Colosseum Slavers","floor":28.0,"turns":2.0},{"damage":24.0,"enemies":"Colosseum Nobs","floor":28.0,"turns":4.0},{"damage":9.0,"enemies":"Slavers","floor":31.0,"turns":4.0},{"damage":36.0,"enemies":"Automaton","floor":33.0,"turns":11.0},{"damage":0.0,"enemies":"3 Shapes","floor":35.0,"turns":4.0},{"damage":4.0,"enemies":"Mind Bloom Boss Battle","floor":38.0,"turns":6.0},{"damage":0.0,"enemies":"3 Darklings","floor":39.0,"turns":2.0},{"damage":47.0,"enemies":"Giant Head","floor":41.0,"turns":8.0},{"damage":0,"enemies":"Jaw Worm Horde","floor":47,"turns":1},{"damage":21,"enemies":"Donu and Deca","floor":50,"turns":6}],"seed_played":"-6046395545520824637","potions_obtained":[{"floor":6.0,"key":"Explosive Potion"},{"floor":11.0,"key":"Swift Potion"},{"floor":13.0,"key":"Regen Potion"},{"floor":14.0,"key":"PowerPotion"},{"floor":18.0,"key":"AttackPotion"},{"floor":20.0,"key":"SpeedPotion"},{"floor":35.0,"key":"SpeedPotion"},{"floor":39.0,"key":"AttackPotion"},{"floor":47,"key":"Poison Potion"}],"is_trial":false,"path_per_floor":["M","$","?","?","M","E","R","M","T","R","M","R","?","M","R","B",null,"M","$","M","?","?","R","E","R","T","$","?","?","T","E","R","B",null,"M","?","$","?","M","R","E","R","T","R","?","$","M","?","R","B",null],"character_chosen":"THE_SILENT","items_purchased":["Noxious Fumes","Backflip+1","Dark Shackles+1","Footwork","DollysMirror","Backflip+1","Deadly Poison+1","Snake Skull","Block Potion","EssenceOfSteel"],"campfire_rested":8,"item_purchase_floors":[2,19,19,27,37,37,37,46,46,46],"current_hp_per_floor":[58,58,38,60,60,38,38,37,37,37,37,37,24,23,42,19,54,39,39,39,39,39,58,42,61,61,61,30,30,30,21,40,4,51,51,51,51,47,47,66,19,38,38,57,57,57,57,57,66,45],"gold":53,"neow_bonus":"ONE_RANDOM_RARE_CARD","is_prod":false,"is_daily":false,"chose_seed":false,"campfire_upgraded":3,"win_rate":0,"timestamp":1548934864,"path_taken":["M","$","?","?","M","E","R","M","T","R","M","R","?","M","R","BOSS","M","$","M","?","?","R","E","R","T","?","?","?","?","E","R","BOSS","M","?","$","?","M","R","E","R","T","R","?","$","M","?","R","BOSS"],"build_version":"2019-01-23","purchased_purges":1,"victory":true,"max_hp_per_floor":[66,66,66,66,66,66,66,66,66,66,66,66,66,66,66,66,66,66,66,66,66,66,66,66,66,66,66,66,66,66,66,66,66,66,66,66,66,66,66,66,66,66,66,66,66,66,66,66,66,66],"card_choices":[{"not_picked":["Dodge and Roll","Tactician"],"picked":"Bane","floor":1.0},{"not_picked":["Flying Knee","Underhanded Strike"],"picked":"Footwork","floor":5.0},{"not_picked":["Deflect","Prepared"],"picked":"Skewer","floor":6.0},{"not_picked":["Crippling Poison","Sucker Punch+1"],"picked":"Backstab+1","floor":8.0},{"not_picked":["Endless Agony+1","Dagger Spray+1"],"picked":"Dodge and Roll+1","floor":11.0},{"not_picked":["Unload+1","Prepared+1"],"picked":"Acrobatics+1","floor":13.0},{"not_picked":["All Out Attack+1","Deflect+1"],"picked":"Dagger Spray+1","floor":14.0},{"not_picked":["Night Terror+1","Doppelganger+1"],"picked":"Corpse Explosion+1","floor":16.0},{"not_picked":["Expertise+1","Sucker Punch+1"],"picked":"PiercingWail+1","floor":18.0},{"not_picked":["Dodge and Roll+1","Predator+1"],"picked":"Expertise+1","floor":20.0},{"not_picked":["Acrobatics+1","Riddle With Holes+1"],"picked":"Bane+1","floor":24.0},{"not_picked":["Masterful Stab+1","Infinite Blades"],"picked":"Setup+1","floor":28.0},{"not_picked":["Blade Dance+1","Distraction+1"],"picked":"Backstab+1","floor":31.0},{"not_picked":["Envenom","After Image"],"picked":"Night Terror+1","floor":33.0},{"not_picked":["Dodge and Roll+1","Predator+1"],"picked":"Deadly Poison+1","floor":35.0},{"not_picked":["Sucker Punch+1","Outmaneuver+1"],"picked":"Deflect+1","floor":38.0},{"not_picked":["Deflect+1","Setup+1"],"picked":"Blur+1","floor":39.0},{"not_picked":["Choke+1","Quick Slash+1"],"picked":"Backstab+1","floor":41.0},{"not_picked":["Flechettes+1","Blade Dance+1"],"picked":"Outmaneuver+1","floor":47}],"player_experience":1154583,"relics_obtained":[{"floor":6.0,"key":"Molten Egg 2"},{"floor":9.0,"key":"Toxic Egg 2"},{"floor":13.0,"key":"Odd Mushroom"},{"floor":24.0,"key":"Juzu Bracelet"},{"floor":26.0,"key":"Orichalcum"},{"floor":28.0,"key":"Old Coin"},{"floor":28.0,"key":"Letter Opener"},{"floor":30.0,"key":"Whetstone"},{"floor":31.0,"key":"Mummified Hand"},{"floor":38.0,"key":"Ice Cream"},{"floor":41.0,"key":"Gambling Chip"},{"floor":43.0,"key":"Potion Belt"}],"event_choices":[{"damage_healed":0.0,"max_hp_gain":0.0,"max_hp_loss":0.0,"gold_gain":0.0,"event_name":"Shining Light","player_choice":"Entered Light","floor":3.0,"gold_loss":0.0,"damage_taken":20.0,"cards_upgraded":["Defend_G","Defend_G"]},{"damage_healed":22.0,"max_hp_gain":0.0,"max_hp_loss":0.0,"gold_gain":0.0,"event_name":"Big Fish","player_choice":"Banana","floor":4.0,"gold_loss":0.0,"damage_taken":0.0},{"damage_healed":0.0,"max_hp_gain":0.0,"max_hp_loss":0.0,"gold_gain":0.0,"event_name":"Mushrooms","player_choice":"Fought Mushrooms","floor":13.0,"gold_loss":0.0,"damage_taken":0.0},{"damage_healed":0.0,"max_hp_gain":0.0,"max_hp_loss":0.0,"gold_gain":0.0,"event_name":"Forgotten Altar","player_choice":"Smashed Altar","floor":21.0,"gold_loss":0.0,"damage_taken":0.0,"cards_obtained":["Decay"]},{"damage_healed":0.0,"max_hp_gain":0.0,"max_hp_loss":0.0,"gold_gain":0.0,"event_name":"Beggar","player_choice":"Ignored","floor":22.0,"gold_loss":0.0,"damage_taken":0.0},{"damage_healed":0.0,"max_hp_gain":0.0,"max_hp_loss":0.0,"gold_gain":0.0,"event_name":"Colosseum","player_choice":"Fight","floor":28.0,"gold_loss":0.0,"damage_taken":0.0},{"damage_healed":0.0,"max_hp_gain":0.0,"max_hp_loss":0.0,"gold_gain":0.0,"event_name":"Colosseum","player_choice":"Fought Nobs","floor":28.0,"gold_loss":0.0,"damage_taken":0.0},{"damage_healed":0.0,"max_hp_gain":0.0,"max_hp_loss":0.0,"gold_gain":0.0,"event_name":"Cursed Tome","player_choice":"Ignored","floor":29.0,"gold_loss":0.0,"damage_taken":0.0},{"damage_healed":0.0,"max_hp_gain":0.0,"max_hp_loss":0.0,"gold_gain":0.0,"event_name":"Match and Keep!","player_choice":"1 cards matched","floor":36.0,"gold_loss":0.0,"damage_taken":0.0,"cards_obtained":["Neutralize"]},{"damage_healed":0.0,"max_hp_gain":0.0,"max_hp_loss":0.0,"gold_gain":0.0,"event_name":"MindBloom","player_choice":"Fight","floor":38.0,"gold_loss":0.0,"damage_taken":0.0},{"damage_healed":0.0,"max_hp_gain":0.0,"max_hp_loss":0.0,"gold_gain":0.0,"event_name":"WeMeetAgain","player_choice":"Paid Gold","floor":45.0,"gold_loss":138.0,"damage_taken":0.0,"relics_obtained":["Incense Burner"]},{"damage_healed":0,"gold_gain":0,"player_choice":"Ignored","damage_taken":0,"max_hp_gain":0,"max_hp_loss":0,"event_name":"Mysterious Sphere","floor":48,"gold_loss":0}],"is_beta":false,"boss_relics":[{"not_picked":["Lizard Tail","Sozu"],"picked":"Fusion Hammer"},{"not_picked":["Runic Pyramid","Snecko Eye"],"picked":"Empty Cage"}],"items_purged_floors":[19],"is_endless":false,"potions_floor_spawned":[6,11,13,14,18,20,35,39,47],"ascension_level":17}