{"gold_per_floor":[119,119,294,308,40,52,119,131,167,199,222,77,77,177,177,280,330,341,39,39,39,50,50,79,79,79,106,131,131,149,161,161,259,259,272,287,304,214,267,267,284,284,311,311,66,81,110,121,121,121],"floor_reached":50,"playtime":2415,"items_purged":["Doubt","Strike_G"],"score":743,"play_id":"194e70cc-00f3-46b9-be58-6123ea56c664","local_time":"20180917185247","is_ascension_mode":true,"campfire_choices":[{"data":"Leg Sweep","floor":6.0,"key":"SMITH"},{"data":"Deadly Poison","floor":8.0,"key":"SMITH"},{"data":"Poisoned Stab","floor":13.0,"key":"SMITH"},{"floor":15.0,"key":"REST"},{"data":"Crippling Poison","floor":23.0,"key":"SMITH"},{"data":"Catalyst","floor":25.0,"key":"SMITH"},{"floor":29.0,"key":"REST"},{"floor":32.0,"key":"REST"},{"floor":40,"key":"REST"},{"floor":42,"key":"REST"},{"floor":49,"key":"REST"}],"neow_cost":"NONE","seed_source_timestamp":0,"circlet_count":0,"master_deck":["Defend_G","Defend_G","Defend_G","Defend_G","Defend_G","Strike_G","Strike_G","Strike_G+1","Strike_G","Survivor","Neutralize+1","Slice","Deadly Poison","Leg Sweep+1","Deadly Poison+1","Poisoned Stab+1","Backflip","Glass Knife","Prepared","Crippling Poison+1","Catalyst","Deflect","Catalyst+1","Bane+1","Adrenaline","PiercingWail","Backflip+1","Discovery"],"special_seed":0,"relics":["Ring of the Snake","FaceOfCleric","MawBank","Tiny Chest","Anchor","Bronze Scales","Tiny House","TwistedFunnel","Art of War","Blue Candle","Vajra","Ninja Scroll","Philosopher\u0027s Stone","Bird Faced Urn","Bag of Marbles","Paper Crane","Omamori"],"potions_floor_usage":[37,46,48,50],"damage_taken":[{"damage":0.0,"enemies":"Jaw Worm","floor":1.0,"turns":5.0},{"damage":2.0,"enemies":"Cultist","floor":4.0,"turns":4.0},{"damage":21.0,"enemies":"Lagavulin","floor":7.0,"turns":11.0},{"damage":0.0,"enemies":"2 Louse","floor":10.0,"turns":3.0},{"damage":0.0,"enemies":"Looter","floor":11.0,"turns":3.0},{"damage":14.0,"enemies":"Hexaghost","floor":16.0,"turns":8.0},{"damage":4.0,"enemies":"Chosen","floor":18.0,"turns":5.0},{"damage":9.0,"enemies":"2 Thieves","floor":22.0,"turns":4.0},{"damage":15.0,"enemies":"Slavers","floor":24.0,"turns":5.0},{"damage":14.0,"enemies":"Book of Stabbing","floor":28.0,"turns":4.0},{"damage":9.0,"enemies":"Snecko","floor":30.0,"turns":4.0},{"damage":18.0,"enemies":"Snake Plant","floor":31.0,"turns":3.0},{"damage":24.0,"enemies":"Champ","floor":33.0,"turns":6.0},{"damage":13,"enemies":"3 Darklings","floor":35,"turns":3},{"damage":0,"enemies":"Orb Walker","floor":36,"turns":2},{"damage":16,"enemies":"Sphere and 2 Shapes","floor":37,"turns":3},{"damage":11,"enemies":"Mysterious Sphere","floor":39,"turns":5},{"damage":20,"enemies":"Reptomancer","floor":41,"turns":3},{"damage":3,"enemies":"3 Darklings","floor":46,"turns":3},{"damage":41,"enemies":"Nemesis","floor":47,"turns":3},{"damage":33,"enemies":"Spire Growth","floor":48,"turns":4},{"damage":50,"enemies":"Awakened One","floor":50,"turns":10}],"seed_played":"-7064068924300595053","potions_obtained":[{"floor":10.0,"key":"Weak Potion"},{"floor":11.0,"key":"GhostInAJar"},{"floor":16.0,"key":"SpeedPotion"},{"floor":24.0,"key":"SteroidPotion"},{"floor":28.0,"key":"Fire Potion"},{"floor":31.0,"key":"EssenceOfSteel"},{"floor":33.0,"key":"SpeedPotion"},{"floor":36,"key":"LiquidBronze"},{"floor":41,"key":"Energy Potion"},{"floor":46,"key":"Fire Potion"},{"floor":47,"key":"SteroidPotion"},{"floor":48,"key":"EssenceOfSteel"}],"is_trial":false,"path_per_floor":["M","?","?","M","$","R","E","R","T","M","M","$","R","?","R","B",null,"M","$","?","$","M","R","E","R","T","T","E","R","M","M","R","B",null,"M","M","M","$","?","R","M","R","T","?","$","M","E","M","R"],"character_chosen":"THE_SILENT","items_purchased":["Leg Sweep","MawBank","Bronze Scales","TwistedFunnel","Discovery","Paper Crane"],"campfire_rested":6,"item_purchase_floors":[5,5,12,19,38,45],"current_hp_per_floor":[63,63,63,62,62,62,42,42,42,43,44,44,44,44,66,53,75,72,72,72,72,64,64,50,50,50,50,37,62,54,37,62,39,75,63,64,49,49,39,66,47,74,74,74,74,74,34,4,32,0],"gold":121,"neow_bonus":"UPGRADE_CARD","is_prod":false,"is_daily":false,"chose_seed":false,"campfire_upgraded":5,"win_rate":0,"timestamp":1537203167,"path_taken":["M","?","?","M","$","R","E","R","T","M","M","$","R","?","R","BOSS","M","$","?","?","M","R","E","R","T","?","E","R","M","M","R","BOSS","M","M","M","$","?","R","M","R","T","?","$","M","E","M","R","BOSS"],"build_version":"2018-09-06","purchased_purges":2,"victory":false,"max_hp_per_floor":[70,70,70,71,71,71,72,72,72,73,74,74,74,74,74,75,80,81,81,81,81,82,82,83,83,83,83,84,84,85,86,86,87,87,88,89,90,90,91,91,92,92,92,92,92,93,94,95,95,95],"card_choices":[{"not_picked":["Dagger Spray","Choke"],"picked":"Slice","floor":1.0},{"not_picked":["Bane","Heel Hook"],"picked":"Deadly Poison","floor":4.0},{"not_picked":["Dodge and Roll","Leg Sweep"],"picked":"Deadly Poison","floor":7.0},{"not_picked":["Accuracy","Deadly Poison"],"picked":"Poisoned Stab","floor":10.0},{"not_picked":["Wraith Form v2","Footwork"],"picked":"Backflip","floor":11.0},{"not_picked":["Tools of the Trade","Phantasmal Killer"],"picked":"Glass Knife","floor":16.0},{"not_picked":["Deadly Poison","Reflex"],"picked":"Prepared","floor":17.0},{"not_picked":["Setup","Riddle With Holes"],"picked":"Crippling Poison","floor":18.0},{"not_picked":["Prepared+1","Underhanded Strike"],"picked":"Deflect","floor":22.0},{"not_picked":["Finisher","Reflex"],"picked":"Catalyst","floor":24.0},{"not_picked":["Backflip","Flying Knee","Well Laid Plans"],"picked":"SKIP","floor":28.0},{"not_picked":["Acrobatics","Caltrops+1"],"picked":"Bane+1","floor":30.0},{"not_picked":["Underhanded Strike","Poisoned Stab+1","Sucker Punch"],"picked":"SKIP","floor":31.0},{"not_picked":["After Image","Grand Finale"],"picked":"Adrenaline","floor":33.0},{"not_picked":["Outmaneuver+1","Heel Hook+1"],"picked":"PiercingWail","floor":35},{"not_picked":["Dodge and Roll","Sucker Punch+1"],"picked":"Backflip+1","floor":36},{"not_picked":["Flying Knee+1","Deflect","Caltrops"],"picked":"SKIP","floor":37},{"not_picked":["Underhanded Strike+1","Outmaneuver+1","Deflect"],"picked":"SKIP","floor":41},{"not_picked":["Poisoned Stab+1","Deadly Poison+1","Deflect+1"],"picked":"SKIP","floor":46},{"not_picked":["Sucker Punch","Flechettes+1","Die Die Die"],"picked":"SKIP","floor":47},{"not_picked":["Quick Slash","Blade Dance+1","Predator"],"picked":"SKIP","floor":48}],"player_experience":595878,"relics_obtained":[{"floor":7.0,"key":"Tiny Chest"},{"floor":9.0,"key":"Anchor"},{"floor":24.0,"key":"Art of War"},{"floor":26.0,"key":"Blue Candle"},{"floor":27.0,"key":"Vajra"},{"floor":28.0,"key":"Ninja Scroll"},{"floor":39,"key":"Bird Faced Urn"},{"floor":43,"key":"Bag of Marbles"},{"floor":47,"key":"Omamori"}],"event_choices":[{"event_name":"FaceTrader","player_choice":"Trade","floor":2.0,"damage_taken":0.0},{"event_name":"Liars Game","player_choice":"agreed","floor":3.0,"damage_taken":0.0},{"event_name":"Golden Shrine","player_choice":"Pray","floor":14.0,"damage_taken":0.0},{"event_name":"The Library","player_choice":"Read","floor":20.0,"damage_taken":0.0},{"event_name":"Mysterious Sphere","player_choice":"Fight","floor":39,"damage_taken":0},{"event_name":"Tomb of Lord Red Mask","player_choice":"Ignored","floor":44,"damage_taken":0}],"is_beta":false,"boss_relics":[{"not_picked":["Coffee Dripper","White Beast Statue"],"picked":"Tiny House"},{"not_picked":["Orrery","Pandora\u0027s Box"],"picked":"Philosopher\u0027s Stone"}],"items_purged_floors":[5,19],"is_endless":false,"potions_floor_spawned":[10,11,16,24,28,30,31,33,36,41,46,47,48],"killed_by":"Awakened One","ascension_level":6}