{"gold_per_floor":[113,132,151,171,189,189,216,216,242,242,262,262,262,280,280,357,357,377,387,402,317,65,93,93,126,126,138,183,195,207,219,231,317,329,357,369,481,493,515,12,12,12,35,35,35,35,58,72,72,72],"floor_reached":51,"playtime":2673,"items_purged":["Writhe"],"score":1199,"play_id":"a92e41ed-b57e-405c-86fa-f5988ab19ea2","local_time":"20190129140111","is_ascension_mode":true,"campfire_choices":[{"data":"Skewer","floor":6,"key":"SMITH"},{"data":"Cloak And Dagger","floor":8,"key":"SMITH"},{"data":"Acrobatics","floor":15,"key":"SMITH"},{"floor":24,"key":"REST"},{"floor":27,"key":"REST"},{"data":"Bullet Time","floor":30,"key":"SMITH"},{"data":"Neutralize","floor":32,"key":"SMITH"},{"data":"Wraith Form v2","floor":41,"key":"SMITH"},{"data":"Thinking Ahead","floor":45,"key":"SMITH"},{"floor":49,"key":"REST"}],"neow_cost":"NONE","seed_source_timestamp":19155566704829,"circlet_count":0,"master_deck":["AscendersBane","Survivor","Neutralize+1","Flying Knee","Skewer+1","Dagger Spray","Backstab","Cloak And Dagger+1","Flying Knee","Acrobatics+1","Burst+1","PiercingWail","Bullet Time+1","Wraith Form v2+1","Well Laid Plans","Bane","Corpse Explosion","Deadly Poison","Crippling Poison","PiercingWail","Burst","Poisoned Stab","Accuracy","Backflip","Cloak And Dagger+1","Acrobatics","Thinking Ahead+1"],"relics":["Ring of the Snake","Ginger","Bronze Scales","Centennial Puzzle","Busted Crown","War Paint","Shuriken","Vajra","Letter Opener","MawBank","Kunai","Paper Crane","Pandora\u0027s Box","Prayer Wheel","DollysMirror","Blood Vial","PreservedInsect"],"potions_floor_usage":[7,18,18,23,25,50,50],"damage_taken":[{"damage":7,"enemies":"Cultist","floor":1,"turns":5},{"damage":0,"enemies":"Small Slimes","floor":2,"turns":4},{"damage":0,"enemies":"2 Louse","floor":3,"turns":3},{"damage":7,"enemies":"Red Slaver","floor":4,"turns":4},{"damage":5,"enemies":"Lots of Slimes","floor":5,"turns":3},{"damage":10,"enemies":"Gremlin Nob","floor":7,"turns":3},{"damage":0,"enemies":"Exordium Wildlife","floor":11,"turns":2},{"damage":2,"enemies":"2 Fungi Beasts","floor":14,"turns":3},{"damage":52,"enemies":"The Guardian","floor":16,"turns":14},{"damage":0,"enemies":"Shell Parasite","floor":18,"turns":2},{"damage":0,"enemies":"Chosen","floor":19,"turns":3},{"damage":33,"enemies":"3 Cultists","floor":20,"turns":6},{"damage":17,"enemies":"Book of Stabbing","floor":23,"turns":5},{"damage":11,"enemies":"Slavers","floor":25,"turns":3},{"damage":10,"enemies":"Gremlin Leader","floor":28,"turns":4},{"damage":22,"enemies":"Champ","floor":33,"turns":10},{"damage":3,"enemies":"3 Shapes","floor":35,"turns":2},{"damage":12,"enemies":"Mind Bloom Boss Battle","floor":37,"turns":6},{"damage":2,"enemies":"Orb Walker","floor":39,"turns":3},{"damage":1,"enemies":"Transient","floor":48,"turns":5},{"damage":12,"enemies":"Donu and Deca","floor":50,"turns":5}],"seed_played":"1945004059846640217","potions_obtained":[{"floor":2,"key":"Ancient Potion"},{"floor":4,"key":"PowerPotion"},{"floor":7,"key":"Block Potion"},{"floor":11,"key":"Fire Potion"},{"floor":20,"key":"Strength Potion"},{"floor":23,"key":"Explosive Potion"},{"floor":33,"key":"GamblersBrew"},{"floor":39,"key":"AttackPotion"}],"is_trial":false,"path_per_floor":["M","M","M","M","M","R","E","R","T","?","M","?","?","M","R","B",null,"M","M","M","?","$","E","R","E","T","R","E","?","R","T","R","B",null,"M","?","?","?","M","$","R","$","T","?","R","$","T","M","R","B",null],"character_chosen":"THE_SILENT","items_purchased":["Shuriken","DollysMirror","Acrobatics","Thinking Ahead"],"campfire_rested":3,"item_purchase_floors":[22,40,40,40],"current_hp_per_floor":[58,58,58,51,46,46,36,36,36,29,29,29,72,70,70,18,59,59,59,26,26,26,9,30,19,19,40,30,54,54,54,54,32,62,59,72,60,60,58,58,58,58,58,58,58,58,58,59,72,60],"gold":72,"neow_bonus":"TEN_PERCENT_HP_BONUS","is_prod":false,"is_daily":false,"chose_seed":false,"campfire_upgraded":7,"win_rate":0,"timestamp":1548766871,"path_taken":["M","M","M","M","M","R","E","R","T","?","M","?","?","?","R","BOSS","M","?","M","?","$","E","R","E","T","R","E","?","R","?","R","BOSS","M","?","?","?","M","$","R","?","T","?","R","$","?","M","R","BOSS"],"build_version":"2019-01-23","purchased_purges":1,"victory":true,"max_hp_per_floor":[72,72,72,72,72,72,72,72,72,72,72,72,72,72,72,72,72,72,72,72,72,72,72,72,72,72,72,72,72,72,72,72,72,72,72,72,72,72,72,72,72,72,72,72,72,72,72,72,72,72],"card_choices":[{"not_picked":["Outmaneuver","Underhanded Strike"],"picked":"Flying Knee","floor":1},{"not_picked":["Backflip","Blade Dance"],"picked":"Skewer","floor":2},{"not_picked":["Underhanded Strike","Dagger Throw"],"picked":"Dagger Spray","floor":3},{"not_picked":["Acrobatics","Backflip"],"picked":"Backstab","floor":4},{"not_picked":["Prepared","Noxious Fumes"],"picked":"Masterful Stab","floor":5},{"not_picked":["Blade Dance","Prepared"],"picked":"Cloak And Dagger","floor":7},{"not_picked":["Deadly Poison","Endless Agony"],"picked":"Flying Knee","floor":11},{"not_picked":["Setup","Caltrops"],"picked":"Acrobatics","floor":14},{"not_picked":["Corpse Explosion","Malaise"],"picked":"Burst","floor":16},{"not_picked":[],"picked":"PiercingWail","floor":18},{"not_picked":["Eviscerate"],"picked":"SKIP","floor":19},{"not_picked":["Setup"],"picked":"SKIP","floor":20},{"not_picked":["Bane"],"picked":"SKIP","floor":23},{"not_picked":[],"picked":"Bullet Time","floor":25},{"not_picked":["Bane"],"picked":"SKIP","floor":28},{"not_picked":[],"picked":"Wraith Form v2","floor":33},{"not_picked":["Bane"],"picked":"SKIP","floor":35},{"not_picked":[],"picked":"Backflip","floor":37},{"not_picked":["Dagger Throw"],"picked":"SKIP","floor":39},{"not_picked":["Burst"],"picked":"SKIP","floor":39},{"not_picked":["Quick Slash"],"picked":"SKIP","floor":48},{"not_picked":["Expertise"],"picked":"SKIP","floor":48}],"player_experience":416411,"relics_obtained":[{"floor":7,"key":"Ginger"},{"floor":9,"key":"Bronze Scales"},{"floor":23,"key":"Vajra"},{"floor":25,"key":"Letter Opener"},{"floor":26,"key":"MawBank"},{"floor":28,"key":"Kunai"},{"floor":31,"key":"Paper Crane"},{"floor":37,"key":"Prayer Wheel"},{"floor":43,"key":"Blood Vial"},{"floor":47,"key":"PreservedInsect"}],"event_choices":[{"damage_healed":0,"gold_gain":0,"player_choice":"Success","damage_taken":7,"relics_obtained":["Centennial Puzzle"],"max_hp_gain":0,"max_hp_loss":0,"event_name":"Scrap Ooze","floor":10,"gold_loss":0},{"damage_healed":0,"gold_gain":0,"player_choice":"Ignored","damage_taken":0,"max_hp_gain":0,"max_hp_loss":0,"event_name":"Liars Game","floor":12,"gold_loss":0},{"cards_removed":["Masterful Stab"],"damage_healed":43,"gold_gain":0,"player_choice":"Offered Uncommon","damage_taken":0,"max_hp_gain":0,"max_hp_loss":0,"event_name":"Bonfire Elementals","floor":13,"gold_loss":0},{"damage_healed":0,"gold_gain":0,"player_choice":"Obtained Relic","damage_taken":0,"relics_obtained":["War Paint"],"max_hp_gain":0,"max_hp_loss":0,"event_name":"Addict","floor":21,"gold_loss":85},{"damage_healed":24,"gold_gain":0,"player_choice":"Heal","damage_taken":0,"max_hp_gain":0,"max_hp_loss":0,"event_name":"The Library","floor":29,"gold_loss":0},{"damage_healed":18,"gold_gain":0,"player_choice":"Writhe","damage_taken":0,"max_hp_gain":0,"max_hp_loss":0,"event_name":"Winding Halls","floor":36,"gold_loss":0,"cards_obtained":["Writhe"]},{"damage_healed":0,"gold_gain":0,"player_choice":"Fight","damage_taken":0,"max_hp_gain":0,"max_hp_loss":0,"event_name":"MindBloom","floor":37,"gold_loss":0},{"damage_healed":0,"gold_gain":0,"player_choice":"Ignored","damage_taken":0,"max_hp_gain":0,"max_hp_loss":0,"event_name":"Mysterious Sphere","floor":38,"gold_loss":0},{"cards_removed":["Finisher"],"damage_healed":0,"gold_gain":0,"player_choice":"Removed Attack","damage_taken":0,"max_hp_gain":0,"max_hp_loss":0,"event_name":"Falling","floor":44,"gold_loss":0}],"is_beta":false,"boss_relics":[{"not_picked":["WristBlade","Philosopher\u0027s Stone"],"picked":"Busted Crown"},{"not_picked":["Calling Bell","Fusion Hammer"],"picked":"Pandora\u0027s Box"}],"items_purged_floors":[40],"is_endless":false,"potions_floor_spawned":[2,4,7,11,20,23,33,39,48],"ascension_level":14}