{"path_per_floor":["M","M","?","?","M","R","M","M","T","?","R","E","M","$","R","B",null,"M","?","M","M","?","R","$","?","T","$","R","E","M","M","R","B",null,"M","?","?","$","M","$","R","M","T","R","?","$","M","M","R","B"],"character_chosen":"IRONCLAD","items_purchased":["Bag of Marbles"],"gold_per_floor":[114,129,129,129,144,144,159,174,224,224,224,254,269,44,44,144,144,159,159,174,189,239,239,139,139,139,14,14,44,59,74,74,174,174,189,189,213,63,78,78,78,93,118,118,118,118,133,148,148,148],"floor_reached":51,"campfire_rested":2,"playtime":1276,"current_hp_per_floor":[78,77,70,63,65,65,67,69,82,82,81,68,70,70,70,25,81,76,76,78,62,62,62,62,62,68,68,68,60,61,60,72,16,94,85,85,78,78,77,77,77,65,71,71,71,71,70,56,85,74],"items_purged":["Defend_R","Defend_R","Doubt","Doubt"],"gold":148,"score":842,"play_id":"b48a05bc-7925-41b3-98a5-2499f3949aae","local_time":"20180420123821","daily_mods":["Heirloom","Cursed Run","Terminal"],"is_prod":false,"is_daily":true,"chose_seed":false,"is_ascension_mode":false,"campfire_upgraded":4,"timestamp":1524220701,"path_taken":["M","M","?","?","M","R","M","M","T","?","R","E","M","$","R","BOSS","M","?","M","?","?","R","?","?","T","$","R","E","M","M","R","BOSS","M","?","?","$","M","$","R","?","T","R","?","?","M","M","R","BOSS"],"build_version":"2018-04-19","seed_source_timestamp":0,"purchased_purges":4,"victory":true,"master_deck":["Strike_R","Strike_R","Strike_R","Strike_R","Strike_R","Bash","Twin Strike+1","Thunderclap","Sword Boomerang+1","Headbutt+1","Injury","Flex+1","Regret","Parasite","Pain","Regret","Flex+1","Heavy Blade+1","Injury","Trip","Regret"],"max_hp_per_floor":[78,77,76,75,74,73,72,71,83,82,81,80,79,78,77,82,81,80,79,78,77,76,75,74,73,78,77,76,75,74,73,72,77,94,93,92,91,90,89,88,87,86,91,90,89,88,87,86,85,90],"relics":["Cursed Key","Darkstone Periapt","Du-Vu Doll","Shovel","Blood Vial","Strawberry","Regal Pillow","Bag of Marbles","Runic Dome","Mummified Hand","Self Forming Clay","Matryoshka","Lantern","Calling Bell","Bag of Preparation","Molten Egg 2","Unceasing Top","Thread and Needle","Calipers","Mercury Hourglass","Happy Flower","Kunai"],"card_choices":[{"not_picked":["True Grit","Second Wind"],"picked":"Twin Strike","floor":1},{"not_picked":["Shockwave","Corruption"],"picked":"Thunderclap","floor":2},{"not_picked":["Cleave","Pommel Strike"],"picked":"Sword Boomerang","floor":5},{"not_picked":["Ghostly Armor","Evolve"],"picked":"Headbutt","floor":8},{"not_picked":["Thunderclap","Cleave"],"picked":"Flex","floor":13},{"not_picked":["Blood for Blood","Perfected Strike"],"picked":"Flex","floor":35},{"not_picked":["Anger","Thunderclap"],"picked":"Heavy Blade","floor":39},{"not_picked":["Deep Breath","Swift Strike"],"picked":"Trip","floor":45}],"player_experience":208418,"potions_floor_usage":[21,29,33,50,50,50],"damage_taken":[{"damage":0,"enemies":"2 Louse","floor":1,"turns":4},{"damage":1,"enemies":"Jaw Worm","floor":2,"turns":3},{"damage":0,"enemies":"Cultist","floor":5,"turns":2},{"damage":0,"enemies":"2 Fungi Beasts","floor":7,"turns":2},{"damage":0,"enemies":"Blue Slaver","floor":8,"turns":2},{"damage":13,"enemies":"Lagavulin","floor":12,"turns":3},{"damage":0,"enemies":"3 Louse","floor":13,"turns":2},{"damage":53,"enemies":"Hexaghost","floor":16,"turns":5},{"damage":5,"enemies":"2 Thieves","floor":18,"turns":2},{"damage":0,"enemies":"Chosen","floor":20,"turns":2},{"damage":16,"enemies":"Snake Plant","floor":21,"turns":2},{"damage":10,"enemies":"Slavers","floor":29,"turns":3},{"damage":1,"enemies":"Chosen and Byrds","floor":30,"turns":3},{"damage":3,"enemies":"Centurion and Healer","floor":31,"turns":2},{"damage":62,"enemies":"Automaton","floor":33,"turns":7},{"damage":9,"enemies":"3 Shapes","floor":35,"turns":1},{"damage":9,"enemies":"Mysterious Sphere","floor":37,"turns":2},{"damage":3,"enemies":"3 Darklings","floor":39,"turns":2},{"damage":14,"enemies":"4 Shapes","floor":42,"turns":2},{"damage":3,"enemies":"Sphere and 2 Shapes","floor":47,"turns":2},{"damage":16,"enemies":"Maw","floor":48,"turns":3},{"damage":17,"enemies":"Donu and Deca","floor":50,"turns":4}],"event_choices":[{"event_name":"Golden Wing","player_choice":"Card Removal","floor":3,"damage_taken":0},{"event_name":"Scrap Ooze","player_choice":"success","floor":4,"damage_taken":7},{"event_name":"Living Wall","player_choice":"Forget","floor":10,"damage_taken":0},{"event_name":"The Mausoleum","player_choice":"Yes","floor":19,"damage_taken":0},{"event_name":"The Joust","player_choice":"Bet on Murderer","floor":22,"damage_taken":0},{"event_name":"Ghosts","player_choice":"Ignored","floor":25,"damage_taken":0},{"event_name":"Upgrade Shrine","player_choice":"Upgraded","floor":36,"damage_taken":0},{"event_name":"Mysterious Sphere","player_choice":"Fight","floor":37,"damage_taken":0},{"event_name":"SensoryStone","player_choice":"Memory 1","floor":45,"damage_taken":0}],"boss_relics":[{"not_picked":["White Beast Statue","Velvet Choker"],"picked":"Runic Dome"},{"not_picked":["Snecko Eye","Astrolabe"],"picked":"Calling Bell"}],"potions_floor_spawned":[2,7,8,13,18,21,31,33,42,47],"seed_played":"8167839930029530236","ascension_level":0,"is_trial":false}