{"path_per_floor":["M","M","?","$","M","R","E","R","T","$","M","R","$","M","R","B",null,"M","$","?","M","M","E","R","M","T","M","?","?","R","?","R","B",null,"M","$","M","$","M","R","M","?","T","R","M","R","M","M","R","B"],"character_chosen":"IRONCLAD","items_purchased":["True Grit","Deep Breath"],"gold_per_floor":[113,123,103,28,43,43,69,69,69,33,43,43,43,62,62,157,157,177,97,97,68,83,111,111,121,147,158,158,158,158,73,73,174,174,188,88,98,26,40,40,57,57,57,57,75,75,90,100,100,100],"floor_reached":51,"campfire_rested":1,"playtime":2737,"current_hp_per_floor":[72,78,78,78,74,74,64,64,64,64,76,76,76,69,69,75,80,80,80,80,80,61,60,60,66,66,71,71,56,81,81,81,79,85,68,68,72,72,56,56,62,62,62,62,68,68,78,85,85,55],"items_purged":["Strike_R","Strike_R","Writhe"],"gold":100,"score":719,"play_id":"72273bf4-01f1-4dd5-9d14-6f9101668de5","local_time":"20180329131151","is_prod":false,"is_daily":false,"is_ascension_mode":false,"campfire_upgraded":10,"timestamp":1522321911,"path_taken":["M","M","?","$","M","R","E","R","T","$","M","R","$","M","R","BOSS","M","$","?","M","M","E","R","M","T","M","?","?","R","?","R","BOSS","M","?","?","$","M","R","M","?","T","R","M","R","M","M","R","BOSS"],"build_version":"2018-03-22v2","purchased_purges":3,"victory":true,"master_deck":["Strike_R","Strike_R","Defend_R","Defend_R","Defend_R","Defend_R","Bash","Ghostly Armor+1","Barricade+1","Cleave","Shrug It Off","True Grit+1","Body Slam+1","Juggernaut+1","Rampage+1","Shrug It Off","True Grit+1","Flame Barrier+1","Offering","Deep Breath","Shrug It Off+1","Body Slam+1","Impervious"],"max_hp_per_floor":[80,80,80,80,80,80,80,80,80,80,80,80,80,80,80,80,80,80,80,80,80,80,80,80,80,80,80,80,85,85,85,85,85,85,85,85,85,85,85,85,85,85,85,85,85,85,85,85,85,85],"relics":["Black Blood","The Courier","Dead Branch","Mark of Pain","Letter Opener","Bottled Tornado","Omamori","Ancient Tea Set","Pen Nib"],"card_choices":[{"not_picked":["Evolve","Sword Boomerang"],"picked":"Ghostly Armor","floor":1.0},{"not_picked":["Clash","Headbutt"],"picked":"Barricade","floor":2.0},{"not_picked":["Wild Strike","Clash"],"picked":"Cleave","floor":5.0},{"not_picked":["Iron Wave","True Grit"],"picked":"Shrug It Off","floor":7.0},{"not_picked":["Whirlwind","Evolve"],"picked":"Body Slam","floor":14.0},{"not_picked":["Immolate","Dark Embrace"],"picked":"Juggernaut","floor":16.0},{"not_picked":["Rage","Dropkick"],"picked":"Rampage","floor":21},{"not_picked":["Burning Pact","Wild Strike"],"picked":"Shrug It Off","floor":22},{"not_picked":["Blood for Blood","Infernal Blade"],"picked":"True Grit","floor":23},{"not_picked":["Bludgeon","Barricade"],"picked":"Offering","floor":33},{"not_picked":["Armaments","Second Wind"],"picked":"Body Slam","floor":35},{"not_picked":["Body Slam","Perfected Strike"],"picked":"Shrug It Off","floor":45},{"not_picked":["Cleave","Evolve"],"picked":"Body Slam","floor":47},{"not_picked":["Pummel","Anger"],"picked":"Impervious","floor":48}],"player_experience":205231,"potions_floor_usage":[21,22,23,37,50,50,50],"damage_taken":[{"damage":14.0,"enemies":"Small Slimes","floor":1.0,"turns":4.0},{"damage":0.0,"enemies":"Cultist","floor":2.0,"turns":3.0},{"damage":10.0,"enemies":"Jaw Worm","floor":5.0,"turns":5.0},{"damage":16.0,"enemies":"3 Sentries","floor":7.0,"turns":10.0},{"damage":0.0,"enemies":"Large Slime","floor":11.0,"turns":15.0},{"damage":13.0,"enemies":"2 Fungi Beasts","floor":14.0,"turns":7.0},{"damage":0.0,"enemies":"Hexaghost","floor":16.0,"turns":10.0},{"damage":6,"enemies":"Shell Parasite","floor":18,"turns":9},{"damage":9,"enemies":"2 Thieves","floor":21,"turns":5},{"damage":25,"enemies":"Snake Plant","floor":22,"turns":5},{"damage":7,"enemies":"Gremlin Leader","floor":23,"turns":10},{"damage":0,"enemies":"Centurion and Healer","floor":25,"turns":6},{"damage":1,"enemies":"Snecko","floor":27,"turns":5},{"damage":8,"enemies":"Collector","floor":33,"turns":14},{"damage":27,"enemies":"3 Shapes","floor":35,"turns":5},{"damage":15,"enemies":"3 Darklings","floor":37,"turns":4},{"damage":26,"enemies":"Sphere and 2 Shapes","floor":39,"turns":10},{"damage":4,"enemies":"Maw","floor":41,"turns":8},{"damage":4,"enemies":"4 Shapes","floor":45,"turns":6},{"damage":0,"enemies":"3 Darklings","floor":47,"turns":5},{"damage":0,"enemies":"Maw","floor":48,"turns":8},{"damage":40,"enemies":"Donu and Deca","floor":50,"turns":11}],"event_choices":[{"event_name":"The Woman in Blue","player_choice":"Bought 1 Potion","floor":3.0,"damage_taken":0.0},{"event_name":"The Mausoleum","player_choice":"Yes","floor":20,"damage_taken":0},{"event_name":"The Library","player_choice":"Read","floor":28,"damage_taken":0},{"event_name":"Forgotten Altar","player_choice":"Shed Blood","floor":29,"damage_taken":0},{"event_name":"Addict","player_choice":"Obtained Relic","floor":31,"damage_taken":0}],"boss_relics":[{"not_picked":["Pandora\u0027s Box","Eternal Feather"],"picked":"Mark of Pain"},{"not_picked":["Philosopher\u0027s Stone","Orrery"],"picked":"Black Blood"}],"potions_floor_spawned":[1,7,11,21,22,27,37,41,45],"seed_played":"-8964482448021359598","ascension_level":0,"is_trial":false}