{"gold_per_floor":[112,112,37,56,66,66,94,94,94,94,105,124,139,139,139,213,213,224,224,235,45,59,59,84,84],"floor_reached":25,"playtime":829,"items_purged":["Defend_B"],"score":446,"play_id":"d0c8880a-bf87-4d5c-9f15-f7c6bbaf343c","local_time":"20181225213354","is_ascension_mode":true,"campfire_choices":[{"data":"Leap","floor":6.0,"key":"SMITH"},{"data":"Zap","floor":8.0,"key":"SMITH"},{"floor":10.0,"key":"REST"},{"data":"Dualcast","floor":15.0,"key":"SMITH"},{"floor":23,"key":"REST"}],"neow_cost":"NONE","seed_source_timestamp":28806016886090,"circlet_count":0,"master_deck":["AscendersBane","Defend_B","Defend_B","Defend_B","Zap+1","Dualcast+1","Leap+1","Genetic Algorithm","Go for the Eyes+1","Sunder+1","Sunder+1","Compile Driver+1","Chill","All For One+1","Multi-Cast+1","Conserve Battery+1","Stack+1","Beam Cell+1","Streamline+1","FTL+1","Rebound+1","Defragment","Glacier","BootSequence"],"special_seed":0,"relics":["Cracked Core","Molten Egg 2","Vajra","Matryoshka","Question Card","Astrolabe","Sundial"],"potions_floor_usage":[16,24],"damage_taken":[{"damage":0.0,"enemies":"2 Louse","floor":1.0,"turns":2.0},{"damage":0.0,"enemies":"Cultist","floor":4.0,"turns":3.0},{"damage":1.0,"enemies":"Jaw Worm","floor":5.0,"turns":5.0},{"damage":20.0,"enemies":"Lagavulin","floor":7.0,"turns":8.0},{"damage":14.0,"enemies":"Lots of Slimes","floor":11.0,"turns":4.0},{"damage":8.0,"enemies":"Exordium Thugs","floor":12.0,"turns":3.0},{"damage":1.0,"enemies":"3 Louse","floor":13.0,"turns":3.0},{"damage":16,"enemies":"Slime Boss","floor":16,"turns":8},{"damage":9,"enemies":"Shell Parasite","floor":18,"turns":5},{"damage":0,"enemies":"Chosen","floor":20,"turns":6},{"damage":21,"enemies":"Shelled Parasite and Fungi","floor":22,"turns":4},{"damage":24,"enemies":"Book of Stabbing","floor":24,"turns":5}],"seed_played":"2527479404816395630","potions_obtained":[{"floor":5.0,"key":"SteroidPotion"},{"floor":11.0,"key":"PowerPotion"},{"floor":12.0,"key":"FocusPotion"},{"floor":16,"key":"LiquidBronze"}],"is_trial":false,"path_per_floor":["M","?","$","M","M","R","E","R","T","R","M","M","M","M","?","R","B",null,"M","?","M","$","M","R","E","?"],"character_chosen":"DEFECT","items_purchased":["FTL+1","Rebound+1","Defragment"],"campfire_rested":2,"item_purchase_floors":[21,21,21],"current_hp_per_floor":[64,64,64,64,63,63,43,43,43,64,50,42,41,36,36,20,58,49,45,45,45,24,45,21,0],"gold":84,"neow_bonus":"TRANSFORM_CARD","is_prod":false,"is_daily":false,"chose_seed":false,"campfire_upgraded":3,"win_rate":0,"timestamp":1545741234,"path_taken":["M","?","$","?","M","R","E","R","T","R","M","M","M","?","R","BOSS","M","?","?","?","M","R","E","?"],"build_version":"2018-12-20","purchased_purges":1,"victory":false,"max_hp_per_floor":[71,71,71,71,71,71,71,71,71,71,71,71,71,71,71,71,71,71,71,71,71,71,71,71,71],"card_choices":[{"not_picked":["Beam Cell","Redo"],"picked":"Conserve Battery","floor":1.0},{"not_picked":["Lockon+1","Recycle"],"picked":"Genetic Algorithm","floor":4.0},{"not_picked":["Sweeping Beam+1","Gash+1"],"picked":"Go for the Eyes+1","floor":5.0},{"not_picked":["Melter+1","Fusion"],"picked":"Sunder+1","floor":7.0},{"not_picked":["Lockon+1","Streamline+1"],"picked":"Sunder+1","floor":11.0},{"not_picked":["Conserve Battery","Chaos"],"picked":"Compile Driver+1","floor":12.0},{"not_picked":["Tempest","Go for the Eyes+1"],"picked":"Chill","floor":13.0},{"not_picked":["Core Surge+1","Thunder Strike+1","Echo Form"],"picked":"All For One+1","floor":16},{"not_picked":["Force Field","Heatsinks+1","Skim"],"picked":"Beam Cell+1","floor":18},{"not_picked":["BootSequence","Leap","Defragment"],"picked":"Streamline+1","floor":20},{"not_picked":["Redo","Hologram","Loop"],"picked":"Glacier","floor":22},{"not_picked":["White Noise","Beam Cell+1","Meteor Strike+1"],"picked":"BootSequence","floor":24}],"player_experience":848010,"relics_obtained":[{"floor":7.0,"key":"Vajra"},{"floor":9.0,"key":"Matryoshka"},{"floor":24,"key":"Sundial"}],"event_choices":[{"cards_removed":["Conserve Battery"],"damage_healed":0.0,"max_hp_gain":0.0,"max_hp_loss":0.0,"gold_gain":0.0,"event_name":"WeMeetAgain","player_choice":"Gave Card","floor":2.0,"gold_loss":0.0,"damage_taken":0.0,"relics_obtained":["Molten Egg 2"]},{"damage_healed":0.0,"max_hp_gain":0.0,"max_hp_loss":0.0,"gold_gain":0.0,"event_name":"Scrap Ooze","player_choice":"Success","floor":14.0,"gold_loss":0.0,"damage_taken":5.0,"relics_obtained":["Question Card"]},{"damage_healed":0,"gold_gain":0,"player_choice":"Bought 0 Potions","damage_taken":0,"max_hp_gain":0,"max_hp_loss":0,"event_name":"The Woman in Blue","floor":19,"gold_loss":0}],"is_beta":false,"boss_relics":[{"not_picked":["Busted Crown","White Beast Statue"],"picked":"Astrolabe"}],"items_purged_floors":[3],"is_endless":false,"potions_floor_spawned":[5,11,12,16,18],"ascension_level":20}