{"path_per_floor":["M","?","M","$","M","R","T","E","T","?","M","R","$","M","R","B",null,"M","M","M","?","M","R","E","$","T","R","M","$","M","M","R","B",null,"M","?","?","M","M","R","M","R","T","E","R","M","R","M","R","B"],"character_chosen":"THE_SILENT","items_purchased":["Deadly Poison","Footwork","Bronze Scales"],"gold_per_floor":[115,115,134,12,32,32,32,60,60,10,24,24,24,40,40,137,137,155,166,185,185,197,197,223,38,38,38,56,56,67,86,86,187,217,237,237,237,252,267,267,277,277,277,304,304,314,314,330,330,330],"floor_reached":51,"campfire_rested":3,"playtime":2276,"current_hp_per_floor":[66,52,52,52,52,52,52,43,43,43,43,43,43,43,43,24,70,67,60,53,53,53,53,18,18,18,39,28,28,18,11,32,2,75,69,69,69,69,69,69,53,53,53,39,39,43,43,42,64,45],"items_purged":["Injury"],"gold":330,"score":726,"play_id":"77e0d610-8ff1-4033-b3e7-b0a118aee2f3","local_time":"20180423092615","is_prod":false,"is_daily":false,"chose_seed":false,"is_ascension_mode":false,"campfire_upgraded":8,"timestamp":1524468375,"path_taken":["M","?","M","$","M","R","?","E","T","?","M","R","$","M","R","BOSS","M","M","M","?","M","R","E","$","T","R","M","$","M","M","R","BOSS","M","?","?","M","M","R","M","R","T","E","R","M","R","M","R","BOSS"],"build_version":"2018-04-19","seed_source_timestamp":7757889424515,"purchased_purges":1,"victory":true,"master_deck":["Defend_G","Defend_G+1","Defend_G","Defend_G","Defend_G","Strike_G","Strike_G+1","Survivor+1","Neutralize","Burst","Bullet Time","Cloak And Dagger","Deadly Poison+1","Deadly Poison+1","Riddle With Holes+1","Dodge and Roll","Noxious Fumes+1","Sucker Punch","Poisoned Stab","Envenom+1","Escape Plan","Acrobatics+1","Dagger Spray","Crippling Poison+1","Footwork+1","Deadly Poison+1","Deflect+1","Blade Dance+1","Bane+1","Dash","Cloak And Dagger+1","After Image","Writhe","Footwork+1","Slice+1","Noxious Fumes+1"],"max_hp_per_floor":[70,70,70,70,70,70,70,70,70,70,70,70,70,70,70,70,70,70,70,70,70,70,70,70,70,70,70,70,70,70,70,70,70,75,75,75,75,75,75,75,75,75,75,75,75,75,75,75,75,75],"relics":["Ring of the Snake","Vajra","Prayer Wheel","Tough Bandages","Cursed Key","Ancient Tea Set","Bronze Scales","Bottled Lightning","Tiny House","Frozen Egg 2","Meat on the Bone"],"card_choices":[{"not_picked":["Eviscerate","Distraction"],"picked":"Cloak And Dagger","floor":1},{"not_picked":["Dagger Throw","Heel Hook"],"picked":"Deadly Poison","floor":3},{"not_picked":["Dodge and Roll","Prepared"],"picked":"Riddle With Holes","floor":5},{"not_picked":["Dagger Spray","Underhanded Strike"],"picked":"Dodge and Roll","floor":8},{"not_picked":["Acrobatics","Poisoned Stab"],"picked":"Noxious Fumes","floor":9},{"not_picked":["Acrobatics","Night Terror"],"picked":"Sucker Punch","floor":11},{"not_picked":["Underhanded Strike","Dodge and Roll"],"picked":"Poisoned Stab","floor":14},{"not_picked":["Tools of the Trade","Unload"],"picked":"Envenom","floor":16},{"not_picked":["Underhanded Strike","PiercingWail"],"picked":"Escape Plan","floor":18},{"not_picked":["Calculated Gamble","Quick Slash"],"picked":"Acrobatics","floor":19},{"not_picked":["Well Laid Plans","Escape Plan"],"picked":"Dagger Spray","floor":20},{"not_picked":["Backstab","Tools of the Trade"],"picked":"Crippling Poison","floor":24},{"not_picked":["Dagger Spray","Heel Hook"],"picked":"Deadly Poison","floor":30},{"not_picked":["Quick Slash","Bane"],"picked":"Deflect","floor":31},{"not_picked":["Acrobatics","Flying Knee"],"picked":"Blade Dance","floor":34},{"not_picked":["Sucker Punch","Concentrate"],"picked":"Bane","floor":35},{"not_picked":["Sucker Punch","Backflip"],"picked":"Cloak And Dagger","floor":38},{"not_picked":["Prepared","Flying Knee"],"picked":"After Image","floor":41},{"not_picked":["Slice","Skewer"],"picked":"Footwork","floor":43},{"not_picked":["Quick Slash","Predator"],"picked":"Slice","floor":44},{"not_picked":["Bane","Prepared"],"picked":"Noxious Fumes","floor":48}],"player_experience":519057,"potions_floor_usage":[8,22,22,48,50,50],"damage_taken":[{"damage":4,"enemies":"Cultist","floor":1,"turns":6},{"damage":0,"enemies":"Small Slimes","floor":3,"turns":4},{"damage":0,"enemies":"2 Louse","floor":5,"turns":3},{"damage":9,"enemies":"Lagavulin","floor":8,"turns":4},{"damage":0,"enemies":"Exordium Wildlife","floor":11,"turns":4},{"damage":0,"enemies":"2 Fungi Beasts","floor":14,"turns":3},{"damage":19,"enemies":"The Guardian","floor":16,"turns":9},{"damage":3,"enemies":"Shell Parasite","floor":18,"turns":4},{"damage":7,"enemies":"Chosen","floor":19,"turns":4},{"damage":7,"enemies":"Centurion and Healer","floor":20,"turns":5},{"damage":0,"enemies":"Cultist and Chosen","floor":22,"turns":5},{"damage":35,"enemies":"Gremlin Leader","floor":24,"turns":5},{"damage":11,"enemies":"Snake Plant","floor":28,"turns":4},{"damage":10,"enemies":"Centurion and Healer","floor":30,"turns":5},{"damage":7,"enemies":"Snecko","floor":31,"turns":4},{"damage":30,"enemies":"Automaton","floor":33,"turns":8},{"damage":6,"enemies":"3 Darklings","floor":35,"turns":5},{"damage":0,"enemies":"Orb Walker","floor":38,"turns":3},{"damage":0,"enemies":"Sphere and 2 Shapes","floor":39,"turns":4},{"damage":16,"enemies":"Maw","floor":41,"turns":7},{"damage":14,"enemies":"Nemesis","floor":44,"turns":7},{"damage":8,"enemies":"4 Shapes","floor":46,"turns":6},{"damage":1,"enemies":"Sphere and 2 Shapes","floor":48,"turns":5},{"damage":31,"enemies":"Time Eater","floor":50,"turns":12}],"event_choices":[{"event_name":"Shining Light","player_choice":"Entered Light","floor":2,"damage_taken":0},{"event_name":"The Cleric","player_choice":"Card Removal","floor":10,"damage_taken":0},{"event_name":"Ghosts","player_choice":"Ignored","floor":21,"damage_taken":0},{"event_name":"Purifier","player_choice":"One Purge","floor":36,"damage_taken":0},{"event_name":"Match and Keep!","player_choice":"1 cards matched","floor":37,"damage_taken":0}],"boss_relics":[{"not_picked":["Runic Pyramid","Calling Bell"],"picked":"Cursed Key"},{"not_picked":["Velvet Choker","White Beast Statue"],"picked":"Tiny House"}],"potions_floor_spawned":[1,3,18,24,30,31,35,48],"seed_played":"6076286822876049027","ascension_level":0,"is_trial":false}