{"gold_per_floor":[111,111,130,130,151,151,186,186,210,51,51,51,86,105,105,224,224,240,290,308,89,110,110,151,151,198,218,241,241,241,7,7,135,135,151,7,22,22,41,41,64,88,88,109,109,49,64,107,107,107],"floor_reached":51,"playtime":2714,"items_purged":["Sweeping Beam"],"score":1073,"play_id":"a2b9c247-7b22-4b8d-ab0a-0393346b26e7","local_time":"20190128191852","daily_mods":["SealedDeck"],"is_ascension_mode":true,"campfire_choices":[{"data":"Streamline","floor":6.0,"key":"SMITH"},{"data":"Defragment","floor":8.0,"key":"SMITH"},{"floor":12.0,"key":"REST"},{"data":"Beam Cell","floor":15.0,"key":"SMITH"},{"data":"Buffer","floor":23.0,"key":"SMITH"},{"data":"Rip and Tear","floor":25,"key":"SMITH"},{"data":"Streamline","floor":29,"key":"SMITH"},{"data":"Double Energy","floor":32,"key":"SMITH"},{"data":"Self Repair","floor":40,"key":"SMITH"},{"data":"Aggregate","floor":45,"key":"SMITH"},{"data":"Coolheaded","floor":49,"key":"SMITH"}],"neow_cost":"","seed_source_timestamp":328756692605685,"circlet_count":0,"master_deck":["AscendersBane","Self Repair+1","Stack","Ball Lightning","Streamline+1","Leap","Gash","Leap","FTL+1","BootSequence","Hologram+1","Cold Snap","Steam","Defragment+1","Rip and Tear+1","FTL","Coolheaded","Buffer+1","Steam+1","Coolheaded+1","Streamline+1","Tempest+1","Conserve Battery+1","Machine Learning","Reinforced Body+1","Double Energy+1","Go for the Eyes","All For One","Loop+1","Lockon+1","Tempest+1","Coolheaded","Aggregate+1","FTL+1","Seek+1"],"special_seed":0,"relics":["Cracked Core","Golden Idol","Strawberry","Blood Vial","Ice Cream","Vajra","Sozu","ClockworkSouvenir","Meat on the Bone","Oddly Smooth Stone","Ancient Tea Set","Happy Flower","Inserter","DataDisk","The Courier","Toxic Egg 2"],"potions_floor_usage":[24],"damage_taken":[{"damage":0.0,"enemies":"2 Louse","floor":1.0,"turns":2.0},{"damage":0.0,"enemies":"Small Slimes","floor":3.0,"turns":3.0},{"damage":0.0,"enemies":"Cultist","floor":5.0,"turns":2.0},{"damage":30.0,"enemies":"Gremlin Nob","floor":7.0,"turns":4.0},{"damage":10.0,"enemies":"Lagavulin","floor":13.0,"turns":4.0},{"damage":0.0,"enemies":"2 Fungi Beasts","floor":14.0,"turns":2.0},{"damage":2.0,"enemies":"Hexaghost","floor":16.0,"turns":8.0},{"damage":0.0,"enemies":"Chosen","floor":18.0,"turns":3.0},{"damage":0.0,"enemies":"Shell Parasite","floor":20.0,"turns":3.0},{"damage":7.0,"enemies":"Centurion and Healer","floor":22.0,"turns":6.0},{"damage":9,"enemies":"Slavers","floor":24,"turns":5},{"damage":0,"enemies":"3 Cultists","floor":27,"turns":5},{"damage":0,"enemies":"Chosen and Byrds","floor":28,"turns":4},{"damage":12,"enemies":"Automaton","floor":33,"turns":8},{"damage":9,"enemies":"3 Shapes","floor":35,"turns":5},{"damage":10,"enemies":"3 Darklings","floor":37,"turns":5},{"damage":8,"enemies":"Spire Growth","floor":39,"turns":4},{"damage":26,"enemies":"Jaw Worm Horde","floor":41,"turns":4},{"damage":7,"enemies":"3 Darklings","floor":42,"turns":4},{"damage":11,"enemies":"4 Shapes","floor":44,"turns":3},{"damage":0,"enemies":"Transient","floor":47,"turns":5},{"damage":0,"enemies":"Giant Head","floor":48,"turns":8},{"damage":57,"enemies":"Awakened One","floor":50,"turns":11}],"seed_played":"3579990939025923684","potions_obtained":[{"floor":1.0,"key":"FearPotion"},{"floor":3.0,"key":"SpeedPotion"},{"floor":13.0,"key":"SteroidPotion"}],"is_trial":true,"path_per_floor":["M","?","M","?","M","R","E","R","T","$","?","R","E","M","R","B",null,"M","?","M","$","M","R","E","R","T","M","M","R","?","$","R","B",null,"M","$","M","?","M","R","M","M","T","M","R","$","M","E","R","B",null],"character_chosen":"DEFECT","items_purchased":["Rip and Tear","FTL","ClockworkSouvenir","Streamline","Double Energy","Happy Flower","Go for the Eyes","DataDisk"],"campfire_rested":1,"item_purchase_floors":[10,10,21,21,31,31,31,36],"current_hp_per_floor":[75,60,67,49,49,49,33,33,33,33,21,45,44,46,46,53,75,77,77,79,79,81,81,80,80,80,82,82,82,82,82,82,77,81,80,80,79,79,80,80,66,71,71,62,62,62,64,76,76,43],"gold":107,"neow_bonus":"","is_prod":false,"is_daily":false,"chose_seed":false,"campfire_upgraded":10,"win_rate":0,"timestamp":1548699532,"path_taken":["M","?","M","?","M","R","E","R","T","$","?","R","E","M","R","BOSS","M","?","M","$","M","R","E","R","T","?","M","R","?","?","R","BOSS","M","$","M","?","M","R","M","M","T","M","R","$","M","E","R","BOSS"],"build_version":"2019-01-23","purchased_purges":1,"victory":true,"max_hp_per_floor":[75,75,75,75,75,75,82,82,82,82,82,82,82,82,82,82,82,82,82,82,82,82,82,82,82,82,82,82,82,82,82,82,82,82,82,82,82,82,82,82,82,82,82,82,82,82,82,82,82,82],"card_choices":[{"not_picked":["Ball Lightning","Reprogram"],"picked":"Hologram","floor":1.0},{"not_picked":["Turbo","Aggregate"],"picked":"Cold Snap","floor":3.0},{"not_picked":["Aggregate","Undo"],"picked":"Steam","floor":5.0},{"not_picked":["Capacitor","Stack"],"picked":"Defragment","floor":7.0},{"not_picked":["Beam Cell","Turbo"],"picked":"Sweeping Beam","floor":13.0},{"not_picked":["Steam","Gash"],"picked":"Coolheaded","floor":14.0},{"not_picked":["Amplify","Core Surge"],"picked":"Buffer","floor":16.0},{"not_picked":["Turbo","Redo"],"picked":"Steam+1","floor":18.0},{"not_picked":["Hologram","Gash"],"picked":"Coolheaded","floor":20.0},{"not_picked":["Double Energy","Hologram"],"picked":"Tempest+1","floor":22.0},{"not_picked":["Sweeping Beam","Compile Driver+1"],"picked":"Conserve Battery+1","floor":24},{"not_picked":["Reprogram","Redo+1"],"picked":"Machine Learning","floor":27},{"not_picked":["Static Discharge+1","Stack"],"picked":"Reinforced Body+1","floor":28},{"not_picked":["Fission","Hyperbeam"],"picked":"All For One","floor":33},{"not_picked":["Reinforced Body","Blizzard"],"picked":"Loop+1","floor":35},{"not_picked":["Chaos","Barrage"],"picked":"Lockon+1","floor":37},{"not_picked":["White Noise","Gash"],"picked":"Tempest+1","floor":39},{"not_picked":["Force Field","Rebound","Go for the Eyes"],"picked":"SKIP","floor":41},{"not_picked":["Sweeping Beam+1","Compile Driver"],"picked":"Coolheaded","floor":42},{"not_picked":["Barrage+1","Go for the Eyes"],"picked":"Aggregate","floor":44},{"not_picked":["Conserve Battery","Rebound+1"],"picked":"FTL+1","floor":47},{"not_picked":["Streamline","Reprogram"],"picked":"Seek","floor":48}],"player_experience":1107918,"relics_obtained":[{"floor":7.0,"key":"Strawberry"},{"floor":9.0,"key":"Blood Vial"},{"floor":13.0,"key":"Vajra"},{"floor":24,"key":"Meat on the Bone"},{"floor":26,"key":"Oddly Smooth Stone"},{"floor":43,"key":"The Courier"},{"floor":48,"key":"Toxic Egg 2"}],"event_choices":[{"damage_healed":0.0,"max_hp_gain":0.0,"max_hp_loss":0.0,"gold_gain":0.0,"event_name":"Shining Light","player_choice":"Entered Light","floor":2.0,"gold_loss":0.0,"damage_taken":15.0,"cards_upgraded":["FTL","Hologram"]},{"damage_healed":0.0,"max_hp_gain":0.0,"max_hp_loss":0.0,"gold_gain":0.0,"event_name":"Golden Idol","player_choice":"Take Damage","floor":4.0,"gold_loss":0.0,"damage_taken":18.0,"relics_obtained":["Golden Idol"]},{"damage_healed":0.0,"max_hp_gain":0.0,"max_hp_loss":0.0,"gold_gain":0.0,"event_name":"Scrap Ooze","player_choice":"Success","floor":11.0,"gold_loss":0.0,"damage_taken":12.0,"relics_obtained":["Ice Cream"]},{"damage_healed":0.0,"max_hp_gain":0.0,"max_hp_loss":0.0,"gold_gain":100.0,"event_name":"The Joust","player_choice":"Bet on Murderer","floor":19.0,"gold_loss":50.0,"damage_taken":0.0},{"damage_healed":0,"gold_gain":0,"player_choice":"Gave Potion","damage_taken":0,"relics_obtained":["Ancient Tea Set"],"max_hp_gain":0,"max_hp_loss":0,"event_name":"WeMeetAgain","floor":30,"gold_loss":0},{"cards_removed":["Beam Cell"],"damage_healed":0,"gold_gain":0,"player_choice":"Removed Attack","damage_taken":0,"max_hp_gain":0,"max_hp_loss":0,"event_name":"Falling","floor":38,"gold_loss":0}],"is_beta":false,"boss_relics":[{"not_picked":["Eternal Feather","Runic Pyramid"],"picked":"Sozu"},{"not_picked":["FrozenCore","Cursed Key"],"picked":"Inserter"}],"items_purged_floors":[46],"is_endless":false,"potions_floor_spawned":[1,3,13,28,33,39,41,42,48],"ascension_level":10}