{"path_per_floor":["M","$","M","M","M","R","E","R","T","R","?","M","?","M","R","B",null,"M","M","?","M","?","R","M","R","T","$","?","R","M","M","R","B",null,"M","$","?","?","M","R","M","M","T","M","?","R","$","E","R","B"],"character_chosen":"IRONCLAD","items_purchased":["Inflame","Dual Wield","Shuriken","Flex","Flex"],"gold_per_floor":[115,8,27,43,54,54,84,84,136,136,136,153,153,172,172,276,276,289,305,305,316,316,316,335,335,335,49,49,49,62,79,79,183,183,199,75,75,0,14,14,29,46,46,59,19,19,19,79,79,79],"floor_reached":51,"campfire_rested":9,"playtime":3112,"current_hp_per_floor":[80,80,76,76,61,61,32,56,56,80,80,74,74,80,80,44,80,67,56,56,26,26,50,24,48,48,48,48,72,68,45,69,41,83,73,73,73,73,63,83,45,38,38,39,39,65,65,49,75,55],"items_purged":["Strike_R"],"gold":79,"score":529,"play_id":"437ba5bd-0350-42fb-bab8-162b2e6e5fc6","local_time":"20180307093857","is_prod":false,"is_daily":false,"is_ascension_mode":false,"campfire_upgraded":2,"timestamp":1520411937,"path_taken":["M","$","M","M","M","R","E","R","T","R","?","M","?","M","R","BOSS","M","M","?","M","?","R","M","R","T","$","?","R","?","M","R","BOSS","M","$","?","?","M","R","M","M","T","M","?","R","$","E","R","BOSS"],"build_version":"2018-03-01-PROD1","purchased_purges":1,"victory":true,"master_deck":["Strike_R","Strike_R","Defend_R","Defend_R","Defend_R","Defend_R","Berserk","Thunderclap","Inflame+1","Dual Wield","Inflame+1","Twin Strike","Limit Break+1","Anger","Armaments","Feed","Inflame+1","Flex+1","Second Wind+1","Seeing Red+1","Normality","Limit Break","Cleave","Flex","Shrug It Off","Limit Break","Double Tap","Headbutt+1","Flex","Headbutt+1","Iron Wave","Shrug It Off+1","Shrug It Off+1","Spot Weakness+1"],"max_hp_per_floor":[80,80,80,80,80,80,80,80,80,80,80,80,80,80,80,80,80,80,80,80,80,80,80,80,80,80,80,80,80,80,83,83,83,83,83,83,83,83,83,83,87,87,87,87,87,87,87,87,87,87],"relics":["Burning Blood","Letter Opener","Anchor","Astrolabe","Mercury Hourglass","Bird Faced Urn","Shuriken","Vajra","Mark of Pain","Red Mask","Mummified Hand","Tiny Chest"],"card_choices":[{"not_picked":["True Grit","Clash"],"picked":"Thunderclap"},{"not_picked":["Body Slam","Evolve"],"picked":"Perfected Strike"},{"not_picked":["Dual Wield","Burning Pact"],"picked":"Inflame"},{"not_picked":["Armaments","Searing Blow"],"picked":"Twin Strike"},{"not_picked":["Impervious","Reckless Charge"],"picked":"Limit Break"},{"not_picked":["Dropkick","Cleave"],"picked":"Anger"},{"not_picked":["Warcry","Clothesline"],"picked":"Armaments"},{"not_picked":["Fiend Fire","Bludgeon"],"picked":"Feed"},{"not_picked":["True Grit","Perfected Strike"],"picked":"Seeing Red"},{"not_picked":["Warcry","Disarm"],"picked":"Cleave"},{"not_picked":["Iron Wave","Fire Breathing"],"picked":"Shrug It Off"},{"not_picked":["Flex","Perfected Strike"],"picked":"Limit Break"},{"not_picked":["Offering","Exhume"],"picked":"Double Tap"},{"not_picked":["Thunderclap","Evolve"],"picked":"Headbutt"},{"not_picked":["Wild Strike","Thunderclap"],"picked":"Headbutt"},{"not_picked":["Shockwave","Anger"],"picked":"Iron Wave"},{"not_picked":["Disarm","Wild Strike"],"picked":"Shrug It Off"},{"not_picked":["Disarm","Cleave"],"picked":"Shrug It Off"},{"not_picked":["Dropkick","Hemokinesis"],"picked":"Spot Weakness"}],"player_experience":101211,"potions_floor_usage":[7,33,33,33,41,48,48,48,50],"damage_taken":[{"damage":1,"enemies":"2 Louse","floor":1,"turns":3},{"damage":10,"enemies":"Small Slimes","floor":3,"turns":4},{"damage":6,"enemies":"Jaw Worm","floor":4,"turns":3},{"damage":21,"enemies":"Blue Slaver","floor":5,"turns":4},{"damage":44,"enemies":"Lagavulin","floor":7,"turns":6},{"damage":12,"enemies":"Exordium Thugs","floor":12,"turns":5},{"damage":0,"enemies":"Gremlin Gang","floor":14,"turns":4},{"damage":42,"enemies":"The Guardian","floor":16,"turns":8},{"damage":19,"enemies":"Spheric Guardian","floor":18,"turns":4},{"damage":17,"enemies":"Shell Parasite","floor":19,"turns":5},{"damage":36,"enemies":"Snake Plant","floor":21,"turns":5},{"damage":32,"enemies":"Sentry and Sphere","floor":24,"turns":5},{"damage":18,"enemies":"Centurion and Healer","floor":30,"turns":5},{"damage":36,"enemies":"Snake Plant","floor":31,"turns":4},{"damage":42,"enemies":"Collector","floor":33,"turns":7},{"damage":18,"enemies":"3 Shapes","floor":35,"turns":4},{"damage":24,"enemies":"3 Darklings","floor":39,"turns":5},{"damage":52,"enemies":"4 Shapes","floor":41,"turns":5},{"damage":19,"enemies":"Maw","floor":42,"turns":5},{"damage":9,"enemies":"3 Darklings","floor":44,"turns":4},{"damage":28,"enemies":"2 Orb Walkers","floor":48,"turns":5},{"damage":34,"enemies":"Donu and Deca","floor":50,"turns":7}],"event_choices":[{"event_name":"Living Wall","player_choice":"Grow","floor":11,"damage_taken":0},{"event_name":"Purifier","player_choice":"One Purge","floor":13,"damage_taken":0},{"event_name":"Accursed Blacksmith","player_choice":"Rummage","floor":20,"damage_taken":0},{"event_name":"The Library","player_choice":"Read","floor":22,"damage_taken":0},{"event_name":"The Mausoleum","player_choice":"Yes","floor":28,"damage_taken":0},{"event_name":"Mysterious Sphere","player_choice":"Ignore","floor":37,"damage_taken":0},{"event_name":"Tomb of Lord Red Mask","player_choice":"Paid","floor":38,"damage_taken":0},{"event_name":"The Woman in Blue","player_choice":"Bought 3 Potions","floor":45,"damage_taken":0}],"boss_relics":[{"not_picked":["Pandora\u0027s Box","Calling Bell"],"picked":"Astrolabe"},{"not_picked":["Cursed Key","Eternal Feather"],"picked":"Mark of Pain"}],"potions_floor_spawned":[4,5,18,19,30,33,35,39,48],"seed_played":"-3323194136141306238","ascension_level":0,"is_trial":false}