{"gold_per_floor":[118,118,118,134,134,165,181,181,181,181,8,18,48,61,61,138,138,156,106,22,35,35,35,35,66,117,128,128,30,61,61,61,61],"floor_reached":33,"playtime":705,"items_purged":["Defend_R"],"score":682,"play_id":"572ebae3-bab4-4499-8eda-1157b3810434","local_time":"20190128022224","is_ascension_mode":true,"campfire_choices":[{"data":"Bash","floor":8,"key":"SMITH"},{"data":"Clash","floor":10,"key":"SMITH"},{"data":"Inflame","floor":15,"key":"SMITH"},{"data":"Dual Wield","floor":23,"key":"SMITH"},{"floor":32,"key":"REST"}],"neow_cost":"NONE","seed_source_timestamp":455215155758310,"circlet_count":0,"master_deck":["AscendersBane","Strike_R+1","Strike_R+1","Strike_R+1","Strike_R+1","Defend_R+1","Defend_R+1","Defend_R+1","Bash+1","Spot Weakness+1","Shrug It Off","Clash+1","Pummel","Inflame+1","Clash","Inflame+1","Flame Barrier","Shrug It Off","True Grit+1","Inflame","Dual Wield+1","Whirlwind","Corruption","Shrug It Off","Impervious"],"relics":["Burning Blood","NeowsBlessing","FossilizedHelix","Mummified Hand","Bottled Tornado","Velvet Choker","Art of War","Dream Catcher","Bag of Preparation"],"potions_floor_usage":[12,13,25,33,33],"damage_taken":[{"damage":0,"enemies":"2 Louse","floor":1,"turns":1},{"damage":0,"enemies":"Small Slimes","floor":4,"turns":1},{"damage":0,"enemies":"3 Sentries","floor":6,"turns":2},{"damage":0,"enemies":"Cultist","floor":7,"turns":4},{"damage":0,"enemies":"Exordium Wildlife","floor":12,"turns":5},{"damage":0,"enemies":"Gremlin Nob","floor":13,"turns":3},{"damage":0,"enemies":"Blue Slaver","floor":14,"turns":2},{"damage":43,"enemies":"Hexaghost","floor":16,"turns":8},{"damage":21,"enemies":"3 Byrds","floor":18,"turns":5},{"damage":0,"enemies":"Spheric Guardian","floor":21,"turns":4},{"damage":14,"enemies":"Book of Stabbing","floor":25,"turns":4},{"damage":20,"enemies":"Snake Plant","floor":27,"turns":4},{"damage":25,"enemies":"Gremlin Leader","floor":30,"turns":4},{"damage":49,"enemies":"Champ","floor":33,"turns":7}],"seed_played":"-6644855665139456250","potions_obtained":[{"floor":1,"key":"Fire Potion"},{"floor":7,"key":"Block Potion"},{"floor":14,"key":"Strength Potion"},{"floor":21,"key":"GamblersBrew"},{"floor":27,"key":"SneckoOil"}],"is_trial":false,"path_per_floor":["M","?","?","M","?","E","M","R","T","R","$","M","E","M","R","B",null,"M","?","$","M","$","R","?","E","T","M","?","$","E","?","R","B"],"character_chosen":"IRONCLAD","items_purchased":["Inflame","Clash","Inflame","Corruption","Shrug It Off"],"campfire_rested":1,"item_purchase_floors":[11,11,20,29,29],"current_hp_per_floor":[74,51,51,57,62,68,74,74,74,74,74,80,80,80,80,43,71,56,56,56,62,62,62,62,54,54,40,40,40,21,21,45,0],"gold":61,"neow_bonus":"THREE_ENEMY_KILL","is_prod":false,"is_daily":false,"chose_seed":false,"campfire_upgraded":4,"win_rate":0,"timestamp":1548670944,"path_taken":["M","?","?","?","?","E","M","R","T","R","$","M","E","M","R","BOSS","M","?","?","M","$","R","?","E","T","?","?","$","E","?","R","BOSS"],"build_version":"2019-01-23","purchased_purges":1,"victory":false,"max_hp_per_floor":[75,75,75,75,80,80,80,80,80,80,80,80,80,80,80,80,80,80,80,80,80,80,80,80,80,80,80,80,80,80,80,80,80],"card_choices":[{"not_picked":["Reckless Charge","Combust"],"picked":"Spot Weakness","floor":1},{"not_picked":["Reckless Charge","Second Wind"],"picked":"Shrug It Off","floor":4},{"not_picked":["Burning Pact","Headbutt"],"picked":"Clash","floor":6},{"not_picked":["Perfected Strike","Shrug It Off"],"picked":"Pummel","floor":7},{"not_picked":["Sword Boomerang","Anger"],"picked":"Inflame","floor":12},{"not_picked":["Headbutt","Dark Embrace"],"picked":"Flame Barrier","floor":13},{"not_picked":["Cleave","Reckless Charge"],"picked":"Shrug It Off","floor":14},{"not_picked":["Armaments","Heavy Blade"],"picked":"True Grit+1","floor":18},{"not_picked":["Twin Strike","Pommel Strike"],"picked":"Dual Wield","floor":21},{"not_picked":["Searing Blow","Flame Barrier"],"picked":"Whirlwind","floor":27},{"not_picked":["Headbutt","Iron Wave"],"picked":"Impervious","floor":30}],"player_experience":1062759,"relics_obtained":[{"floor":6,"key":"FossilizedHelix"},{"floor":9,"key":"Mummified Hand"},{"floor":13,"key":"Bottled Tornado"},{"floor":25,"key":"Art of War"},{"floor":26,"key":"Dream Catcher"},{"floor":30,"key":"Bag of Preparation"}],"event_choices":[{"damage_healed":0,"gold_gain":0,"player_choice":"Entered Light","damage_taken":23,"max_hp_gain":0,"max_hp_loss":0,"event_name":"Shining Light","floor":2,"gold_loss":0,"cards_upgraded":["Spot Weakness","Strike_R"]},{"cards_removed":["Strike_R"],"damage_healed":0,"gold_gain":0,"player_choice":"Card Removal","damage_taken":0,"max_hp_gain":0,"max_hp_loss":0,"event_name":"Wheel of Change","floor":3,"gold_loss":0},{"damage_healed":0,"gold_gain":0,"player_choice":"Donut","damage_taken":0,"max_hp_gain":5,"max_hp_loss":0,"event_name":"Big Fish","floor":5,"gold_loss":0},{"damage_healed":0,"gold_gain":0,"player_choice":"Bet on Murderer","damage_taken":0,"max_hp_gain":0,"max_hp_loss":0,"event_name":"The Joust","floor":19,"gold_loss":50},{"damage_healed":0,"gold_gain":0,"player_choice":"Upgraded","damage_taken":0,"max_hp_gain":0,"max_hp_loss":0,"event_name":"Upgrade Shrine","floor":24,"gold_loss":0,"cards_upgraded":["Inflame"]},{"damage_healed":0,"gold_gain":0,"player_choice":"Simplicity","damage_taken":0,"max_hp_gain":0,"max_hp_loss":0,"event_name":"Back to Basics","floor":28,"gold_loss":0,"cards_upgraded":["Strike_R","Strike_R","Strike_R","Defend_R","Defend_R","Defend_R"]},{"damage_healed":0,"gold_gain":0,"player_choice":"Ignored","damage_taken":0,"max_hp_gain":0,"max_hp_loss":0,"event_name":"The Mausoleum","floor":31,"gold_loss":0}],"is_beta":true,"boss_relics":[{"not_picked":["Lizard Tail","Runic Pyramid"],"picked":"Velvet Choker"}],"items_purged_floors":[11],"is_endless":false,"potions_floor_spawned":[1,7,14,21,27,30],"killed_by":"Champ","ascension_level":20}