{"path_per_floor":["M","?","M","M","M","E","M","E","T","$","?","R","E","M","R","B",null,"M","?","M","?","$","E","R"],"character_chosen":"DEFECT","items_purchased":["Doom and Gloom","Loop","Block Potion","Glacier","Bag of Preparation"],"gold_per_floor":[11,11,29,42,54,80,93,121,200,30,30,30,71,91,91,214,214,232,232,251,251,58,94,94,94],"floor_reached":25,"campfire_rested":3,"playtime":3261,"item_purchase_floors":[10,10,10,22,22],"current_hp_per_floor":[75,75,72,69,53,24,19,8,8,8,8,30,28,26,48,51,90,39,39,18,48,48,14,41,0],"items_purged":[],"gold":94,"score":488,"play_id":"667dca95-036b-447d-8e2e-87511491e278","local_time":"20180604193019","is_prod":false,"is_daily":false,"chose_seed":false,"is_ascension_mode":true,"campfire_upgraded":0,"win_rate":0,"timestamp":1528133419,"campfire_choices":[{"floor":12,"key":"REST"},{"floor":15,"key":"REST"},{"floor":24,"key":"REST"}],"path_taken":["M","?","M","M","M","E","M","E","T","$","?","R","E","M","R","BOSS","M","?","M","?","$","E","R","E"],"build_version":"2018-05-31","seed_source_timestamp":101776209786844,"purchased_purges":0,"victory":false,"master_deck":["Strike_B","Strike_B","Strike_B","Strike_B+1","Defend_B","Defend_B","Defend_B","Defend_B","Zap","Dualcast","Hologram","Regret","Ball Lightning","Cold Snap","Sunder","Seek","Ball Lightning+1","Steam","Doom and Gloom","Loop","Injury","Buffer","Coolheaded","Creative AI","Clumsy","Clumsy","Injury","Conserve Battery","Double Energy","Glacier","Auto Shields+1"],"max_hp_per_floor":[75,75,75,75,75,75,75,75,75,75,75,75,75,75,75,80,90,90,90,90,90,90,90,90,90],"relics":["Cracked Core","Peace Pipe","Question Card","Du-Vu Doll","Thread and Needle","Shuriken","Golden Idol","Happy Flower","Calling Bell","Blood Vial","Pear","Girya","Bag of Preparation","Whetstone"],"card_choices":[{"not_picked":["Stack","Gash"],"picked":"Hologram","floor":1},{"not_picked":["Force Field","Leap","Go for the Eyes"],"picked":"Ball Lightning","floor":3},{"not_picked":["Steam","Barrage","Beam Cell"],"picked":"Cold Snap","floor":4},{"not_picked":["Multi-Cast","Heatsinks","Hologram"],"picked":"Sunder","floor":5},{"not_picked":["Hologram","Gash","Scrape"],"picked":"Seek","floor":6},{"not_picked":["Redo","Barrage","Static Discharge"],"picked":"Ball Lightning","floor":7},{"not_picked":["Melter","Heatsinks","Compile Driver"],"picked":"Steam","floor":8},{"not_picked":["Blizzard","Steam","Chaos"],"picked":"Buffer","floor":13},{"not_picked":["Gash","Steam","Beam Cell"],"picked":"Coolheaded","floor":14},{"not_picked":["All For One","Thunder Strike","Biased Cognition"],"picked":"Creative AI","floor":16},{"not_picked":["Steam","Heatsinks","Go for the Eyes"],"picked":"Conserve Battery","floor":18},{"not_picked":["Hologram","Genetic Algorithm","Force Field"],"picked":"Double Energy","floor":20},{"not_picked":["Loop","Beam Cell","Coolheaded"],"picked":"Auto Shields+1","floor":23}],"player_experience":702239,"potions_floor_usage":[13,13,16,16],"damage_taken":[{"damage":0,"enemies":"2 Louse","floor":1,"turns":2},{"damage":3,"enemies":"Small Slimes","floor":3,"turns":3},{"damage":3,"enemies":"Cultist","floor":4,"turns":3},{"damage":16,"enemies":"Looter","floor":5,"turns":3},{"damage":29,"enemies":"Lagavulin","floor":6,"turns":7},{"damage":5,"enemies":"3 Louse","floor":7,"turns":2},{"damage":11,"enemies":"3 Sentries","floor":8,"turns":4},{"damage":2,"enemies":"Gremlin Nob","floor":13,"turns":3},{"damage":2,"enemies":"Blue Slaver","floor":14,"turns":3},{"damage":2,"enemies":"Slime Boss","floor":16,"turns":6},{"damage":51,"enemies":"3 Byrds","floor":18,"turns":4},{"damage":23,"enemies":"2 Thieves","floor":20,"turns":3},{"damage":36,"enemies":"Gremlin Leader","floor":23,"turns":8},{"damage":47,"enemies":"Book of Stabbing","floor":25,"turns":8}],"relics_obtained":[{"floor":6,"key":"Du-Vu Doll"},{"floor":8,"key":"Thread and Needle"},{"floor":9,"key":"Shuriken"},{"floor":13,"key":"Happy Flower"},{"floor":17,"key":"Blood Vial"},{"floor":17,"key":"Pear"},{"floor":17,"key":"Girya"},{"floor":23,"key":"Whetstone"}],"event_choices":[{"event_name":"Big Fish","player_choice":"Box","floor":2,"damage_taken":0},{"event_name":"Golden Idol","player_choice":"Take Wound","floor":11,"damage_taken":0},{"event_name":"Drug Dealer","player_choice":"Ignored","floor":19,"damage_taken":0},{"event_name":"The Library","player_choice":"Heal","floor":21,"damage_taken":0}],"boss_relics":[{"not_picked":["White Beast Statue","Lizard Tail"],"picked":"Calling Bell"}],"items_purged_floors":[],"potions_floor_spawned":[3,8,14,23],"seed_played":"2771612124863608024","killed_by":"Book of Stabbing","ascension_level":3,"potions_obtained":[{"floor":3,"key":"Fire Potion"},{"floor":8,"key":"AttackPotion"},{"floor":14,"key":"Fruit Juice"},{"floor":23,"key":"Poison Potion"}],"is_trial":false}