{"path_per_floor":["M","$","?","M","M","R","M","R","T","E","?","R","?","M","R","B",null,"M","$","M","M","?","R","M","R","T","M","$","M","R","M","R","B",null,"M","?","$","M","$","R","E","R","T","$","M","M","R","M","R","B"],"character_chosen":"THE_SILENT","items_purchased":["Accuracy","Dagger Spray","Footwork","Accuracy","Strength Potion","Terror"],"gold_per_floor":[115,40,140,151,161,161,180,180,180,214,214,214,214,231,231,326,326,346,231,248,261,261,261,276,276,303,313,132,148,148,168,168,265,265,279,279,83,95,45,45,73,73,73,4,17,30,30,45,45,45],"floor_reached":51,"campfire_rested":1,"playtime":2086,"current_hp_per_floor":[70,70,70,70,70,70,64,64,64,57,43,43,48,48,48,31,75,75,75,75,70,70,70,68,68,68,54,54,54,54,44,66,50,75,75,75,75,75,75,75,73,73,73,73,60,59,59,59,59,31],"items_purged":["Strike_G","Doubt","Strike_G"],"gold":45,"score":704,"play_id":"70884e23-c3cf-47d6-8fc3-fd7cd59f2056","local_time":"20180423135914","is_prod":false,"is_daily":false,"chose_seed":false,"is_ascension_mode":false,"campfire_upgraded":11,"timestamp":1524484754,"path_taken":["M","$","?","M","M","R","M","R","T","E","?","R","?","M","R","BOSS","M","$","M","M","?","R","M","R","T","M","?","M","R","M","R","BOSS","M","?","?","?","$","R","E","R","T","$","M","M","R","M","R","BOSS"],"build_version":"2018-04-19","seed_source_timestamp":24329369232790,"purchased_purges":3,"victory":true,"master_deck":["Defend_G","Defend_G","Defend_G+1","Defend_G","Defend_G+1","Strike_G","Strike_G","Survivor","Neutralize+1","All Out Attack","Leg Sweep+1","Dash+1","Sucker Punch+1","Slice+1","PiercingWail","Envenom+1","Backflip","Accuracy","Dagger Spray+1","Cloak And Dagger+1","Finisher+1","Glass Knife+1","Footwork","Well Laid Plans+1","Storm of Steel+1","Cloak And Dagger+1","Infinite Blades","Cloak And Dagger+1","Leg Sweep","Dodge and Roll+1","Accuracy+1","Escape Plan+1","Caltrops+1","Writhe","Terror","Infinite Blades+1"],"max_hp_per_floor":[70,70,70,70,70,70,70,70,70,70,70,70,75,75,75,75,75,75,75,75,75,75,75,75,75,75,75,75,75,75,75,75,75,75,75,75,75,75,75,75,75,75,75,75,75,75,75,75,75,75],"relics":["Ring of the Snake","Bronze Scales","Shuriken","Cursed Key","Happy Flower","Orrery","Lantern","Oddly Smooth Stone"],"card_choices":[{"not_picked":["Prepared","Slice"],"picked":"All Out Attack","floor":1},{"not_picked":["Choke","Finisher"],"picked":"Leg Sweep","floor":4},{"not_picked":["Dagger Throw","Deadly Poison"],"picked":"Dash","floor":5},{"not_picked":["Cloak And Dagger","Well Laid Plans"],"picked":"Sucker Punch","floor":7},{"not_picked":["Tools of the Trade","Dagger Throw"],"picked":"Slice","floor":10},{"not_picked":["Expertise","Dash"],"picked":"PiercingWail","floor":14},{"not_picked":["Storm of Steel","Die Die Die"],"picked":"Envenom","floor":16},{"not_picked":["Poisoned Stab","Sucker Punch"],"picked":"Backflip","floor":18},{"not_picked":["Escape Plan","Dodge and Roll"],"picked":"Cloak And Dagger","floor":21},{"not_picked":["Heel Hook","Calculated Gamble"],"picked":"Glass Knife","floor":24},{"not_picked":["Dash","Bane"],"picked":"Well Laid Plans","floor":29},{"not_picked":["Adrenaline","Night Terror"],"picked":"Storm of Steel","floor":33},{"not_picked":["Dagger Spray","Dagger Throw"],"picked":"Cloak And Dagger","floor":34},{"not_picked":["Predator","Poisoned Stab"],"picked":"Infinite Blades","floor":34},{"not_picked":["Backflip","Deflect"],"picked":"Cloak And Dagger","floor":34},{"not_picked":["Backflip","Heel Hook"],"picked":"Leg Sweep","floor":34},{"not_picked":["Outmaneuver","Concentrate"],"picked":"Dodge and Roll","floor":34},{"not_picked":["Backflip","PiercingWail"],"picked":"Escape Plan","floor":38},{"not_picked":["All Out Attack","Calculated Gamble"],"picked":"Caltrops","floor":41},{"not_picked":["Setup","Doppelganger"],"picked":"Infinite Blades","floor":46}],"player_experience":528724,"potions_floor_usage":[24,24,31,33,33,46,48,50],"damage_taken":[{"damage":0,"enemies":"Small Slimes","floor":1,"turns":3},{"damage":0,"enemies":"Cultist","floor":4,"turns":4},{"damage":0,"enemies":"Jaw Worm","floor":5,"turns":4},{"damage":6,"enemies":"Large Slime","floor":7,"turns":8},{"damage":7,"enemies":"Lagavulin","floor":10,"turns":8},{"damage":0,"enemies":"3 Louse","floor":14,"turns":2},{"damage":17,"enemies":"Hexaghost","floor":16,"turns":10},{"damage":0,"enemies":"2 Thieves","floor":18,"turns":4},{"damage":0,"enemies":"3 Byrds","floor":20,"turns":4},{"damage":5,"enemies":"Centurion and Healer","floor":21,"turns":6},{"damage":2,"enemies":"Slaver and Parasite","floor":24,"turns":4},{"damage":14,"enemies":"Snake Plant","floor":27,"turns":4},{"damage":0,"enemies":"Centurion and Healer","floor":29,"turns":5},{"damage":10,"enemies":"Cultist and Chosen","floor":31,"turns":4},{"damage":16,"enemies":"Automaton","floor":33,"turns":7},{"damage":0,"enemies":"Orb Walker","floor":35,"turns":2},{"damage":0,"enemies":"3 Shapes","floor":38,"turns":3},{"damage":2,"enemies":"Nemesis","floor":41,"turns":9},{"damage":13,"enemies":"Sphere and 2 Shapes","floor":45,"turns":6},{"damage":1,"enemies":"3 Darklings","floor":46,"turns":5},{"damage":0,"enemies":"4 Shapes","floor":48,"turns":4},{"damage":28,"enemies":"Donu and Deca","floor":50,"turns":7}],"event_choices":[{"event_name":"Golden Shrine","player_choice":"Pray","floor":3,"damage_taken":0},{"event_name":"Shining Light","player_choice":"Entered Light","floor":11,"damage_taken":0},{"event_name":"Big Fish","player_choice":"Donut","floor":13,"damage_taken":0},{"event_name":"Match and Keep!","player_choice":"1 cards matched","floor":22,"damage_taken":0}],"boss_relics":[{"not_picked":["Lizard Tail","Tiny House"],"picked":"Cursed Key"},{"not_picked":["Velvet Choker","Runic Pyramid"],"picked":"Orrery"}],"potions_floor_spawned":[4,5,14,16,21,24,27,35,41,46],"seed_played":"2442755756218230739","ascension_level":0,"is_trial":false}