{"gold_per_floor":[111,111,3,18,18,45,57,69,117,150,160,160,224,5,5,110,110,129,129,46,46,46,46,72,72,72,72,72,91,105,123,123,223,223,240,240,34,46,63,63],"floor_reached":40,"playtime":3621,"items_purged":["Strike_R"],"score":421,"play_id":"112ec8ec-5eee-40f5-97ee-3b706d5f16ca","local_time":"20190106202115","is_ascension_mode":false,"campfire_choices":[{"data":"Heavy Blade","floor":12.0,"key":"SMITH"},{"floor":15.0,"key":"REST"},{"floor":23.0,"key":"RECALL"},{"data":"Inflame","floor":25.0,"key":"SMITH"},{"data":"Flame Barrier","floor":27.0,"key":"SMITH"},{"floor":32,"key":"REST"}],"neow_cost":"NONE","seed_source_timestamp":0,"circlet_count":0,"master_deck":["Strike_R","Strike_R","Defend_R","Bash","Flex","Intimidate","Inflame+1","Searing Blow","Clothesline","Feed","Flex","Rage","Flame Barrier+1","Heavy Blade+1","Sword Boomerang","Shrug It Off","Barricade+1","Dual Wield+1","Immolate+1","Metallicize+1","Warcry+1","Rampage","Cleave","Uppercut","Barricade+1","Armaments","Metallicize+1","Apotheosis","Infernal Blade","Parasite"],"special_seed":0,"relics":["Burning Blood","NeowsBlessing","Smiling Mask","Orichalcum","Frozen Egg 2","Vajra","HandDrill","Astrolabe","Mercury Hourglass","Singing Bowl","Nilry\u0027s Codex","Mark of Pain"],"potions_floor_usage":[38,38,39],"damage_taken":[{"damage":0.0,"enemies":"2 Louse","floor":1.0,"turns":1.0},{"damage":0.0,"enemies":"Cultist","floor":4.0,"turns":1.0},{"damage":0.0,"enemies":"Small Slimes","floor":5.0,"turns":1.0},{"damage":33.0,"enemies":"Gremlin Nob","floor":6.0,"turns":5.0},{"damage":4.0,"enemies":"Looter","floor":7.0,"turns":3.0},{"damage":6.0,"enemies":"3 Louse","floor":8.0,"turns":3.0},{"damage":15.0,"enemies":"Lagavulin","floor":10.0,"turns":5.0},{"damage":7.0,"enemies":"Exordium Wildlife","floor":11.0,"turns":5.0},{"damage":36.0,"enemies":"Lagavulin Event","floor":13.0,"turns":7.0},{"damage":28.0,"enemies":"Hexaghost","floor":16.0,"turns":12.0},{"damage":12.0,"enemies":"Shell Parasite","floor":18.0,"turns":6.0},{"damage":10.0,"enemies":"Spheric Guardian","floor":29.0,"turns":4.0},{"damage":4.0,"enemies":"Cultist and Chosen","floor":30.0,"turns":4.0},{"damage":14.0,"enemies":"Centurion and Healer","floor":31.0,"turns":6.0},{"damage":35,"enemies":"Automaton","floor":33,"turns":13},{"damage":20,"enemies":"3 Shapes","floor":35,"turns":5},{"damage":15,"enemies":"3 Darklings","floor":38,"turns":2},{"damage":30,"enemies":"Writhing Mass","floor":39,"turns":7},{"damage":49,"enemies":"Giant Head","floor":40,"turns":8}],"seed_played":"-3026261839367883693","potions_obtained":[{"floor":4.0,"key":"LiquidBronze"},{"floor":6.0,"key":"SkillPotion"},{"floor":7.0,"key":"Strength Potion"},{"floor":11.0,"key":"LiquidBronze"},{"floor":13.0,"key":"SkillPotion"},{"floor":16.0,"key":"Explosive Potion"},{"floor":31.0,"key":"Fruit Juice"},{"floor":33,"key":"Explosive Potion"},{"floor":35,"key":"PowerPotion"},{"floor":38,"key":"Regen Potion"}],"is_trial":false,"path_per_floor":["M","?","$","M","M","E","M","M","T","E","M","R","?","$","R","B",null,"M","?","$","?","?","R","T","R","T","R","?","M","M","M","R","B",null,"M","?","$","M","M","E"],"character_chosen":"IRONCLAD","items_purchased":["Inflame","Searing Blow","HandDrill","Shrug It Off","Rampage","Metallicize+1","Apotheosis"],"campfire_rested":2,"item_purchase_floors":[3,3,14,14,20,37,37],"current_hp_per_floor":[80,80,80,80,80,53,55,58,58,52,51,51,21,21,46,24,86,80,80,80,63,63,63,63,63,63,63,47,43,45,44,73,44,98,84,84,84,75,67,18],"gold":63,"neow_bonus":"THREE_ENEMY_KILL","is_prod":false,"is_daily":false,"chose_seed":false,"campfire_upgraded":3,"win_rate":0,"timestamp":1546759275,"path_taken":["M","?","$","M","?","E","M","M","T","E","M","R","?","$","R","BOSS","M","?","$","?","?","R","?","R","T","R","?","?","M","M","R","BOSS","M","?","$","M","M","E"],"build_version":"2019-01-03v4","purchased_purges":1,"victory":false,"max_hp_per_floor":[80,80,80,80,80,80,80,83,83,86,86,86,86,86,86,86,86,86,86,86,91,91,91,91,91,91,91,91,91,91,98,98,98,98,98,98,98,98,100,100],"card_choices":[{"not_picked":["Warcry","Shockwave"],"picked":"Flex","floor":1.0},{"not_picked":["Shockwave","Perfected Strike"],"picked":"Clothesline","floor":4.0},{"not_picked":["Hemokinesis","Sword Boomerang","Seeing Red"],"picked":"SKIP","floor":5.0},{"not_picked":["Dark Embrace","Headbutt"],"picked":"Feed","floor":6.0},{"not_picked":["Wild Strike","Burning Pact"],"picked":"Flex","floor":7.0},{"not_picked":["Ghostly Armor","Clash"],"picked":"Rage","floor":8.0},{"not_picked":["Clothesline","Pommel Strike"],"picked":"Flame Barrier","floor":10.0},{"not_picked":["Clash","Twin Strike"],"picked":"Heavy Blade","floor":11.0},{"not_picked":["Entrench","Combust+1"],"picked":"Sword Boomerang","floor":13.0},{"not_picked":["Limit Break","Fiend Fire"],"picked":"Barricade+1","floor":16.0},{"not_picked":["Havoc","Heavy Blade"],"picked":"Warcry+1","floor":18.0},{"not_picked":["Sword Boomerang","Clash+1"],"picked":"Cleave","floor":29.0},{"not_picked":["Cleave+1","Entrench+1"],"picked":"Uppercut","floor":30.0},{"not_picked":["Disarm+1","Ghostly Armor","Uppercut"],"picked":"Singing Bowl","floor":31.0},{"not_picked":["Impervious","Berserk+1"],"picked":"Barricade+1","floor":33},{"not_picked":["Pommel Strike+1","Shrug It Off"],"picked":"Armaments","floor":35},{"not_picked":["Evolve+1","Shrug It Off+1"],"picked":"Infernal Blade","floor":38},{"not_picked":["Armaments+1","Warcry","Intimidate"],"picked":"Singing Bowl","floor":39}],"player_experience":557919,"relics_obtained":[{"floor":6.0,"key":"Smiling Mask"},{"floor":9.0,"key":"Orichalcum"},{"floor":10.0,"key":"Frozen Egg 2"},{"floor":13.0,"key":"Vajra"},{"floor":26.0,"key":"Singing Bowl"},{"floor":28.0,"key":"Nilry\u0027s Codex"}],"event_choices":[{"damage_healed":0.0,"max_hp_gain":0.0,"max_hp_loss":0.0,"gold_gain":0.0,"cards_transformed":["Defend_R"],"event_name":"Transmorgrifier","player_choice":"Transformed","floor":2.0,"gold_loss":0.0,"damage_taken":0.0,"cards_obtained":["Intimidate"]},{"damage_healed":0.0,"max_hp_gain":0.0,"max_hp_loss":0.0,"gold_gain":0.0,"event_name":"Dead Adventurer","player_choice":"Searched \u00271\u0027 times","floor":13.0,"gold_loss":0.0,"damage_taken":0.0},{"damage_healed":0.0,"max_hp_gain":0.0,"max_hp_loss":0.0,"gold_gain":0.0,"event_name":"Ghosts","player_choice":"Ignored","floor":19.0,"gold_loss":0.0,"damage_taken":0.0},{"damage_healed":0.0,"max_hp_gain":5.0,"max_hp_loss":0.0,"gold_gain":0.0,"event_name":"Forgotten Altar","player_choice":"Shed Blood","floor":21.0,"gold_loss":0.0,"damage_taken":22.0},{"damage_healed":0.0,"max_hp_gain":0.0,"max_hp_loss":0.0,"gold_gain":0.0,"event_name":"The Mausoleum","player_choice":"Opened","floor":22.0,"gold_loss":0.0,"damage_taken":0.0,"relics_obtained":["Mercury Hourglass"]},{"damage_healed":0.0,"max_hp_gain":0.0,"max_hp_loss":0.0,"gold_gain":0.0,"event_name":"Cursed Tome","player_choice":"Obtained Book","floor":28.0,"gold_loss":0.0,"damage_taken":16.0},{"cards_removed":["Defend_R"],"damage_healed":0,"gold_gain":0,"player_choice":"Removed Skill","damage_taken":0,"max_hp_gain":0,"max_hp_loss":0,"event_name":"Falling","floor":36,"gold_loss":0}],"is_beta":false,"boss_relics":[{"not_picked":["Pandora\u0027s Box","Velvet Choker"],"picked":"Astrolabe"},{"not_picked":["Tiny House","Coffee Dripper"],"picked":"Mark of Pain"}],"items_purged_floors":[20],"is_endless":false,"potions_floor_spawned":[4,6,7,11,13,16,31,33,35,38],"killed_by":"Giant Head","ascension_level":0}