{"gold_per_floor":[215,215,22,42,42,42,54,71,71,71,84,84,98,115,115,213,213,226,18,18,18,32,32,50,68,95,18,0,17,17,17,17,17],"floor_reached":33,"playtime":2489,"items_purged":[],"score":289,"play_id":"79166a6f-08d3-4a1d-8311-9e92dd0d0ce1","local_time":"20190120205512","is_ascension_mode":false,"campfire_choices":[{"floor":6,"key":"RECALL"},{"data":"White Noise","floor":10,"key":"SMITH"},{"data":"Sunder","floor":15,"key":"SMITH"},{"floor":23,"key":"REST"},{"data":"Fission","floor":32,"key":"SMITH"}],"neow_cost":"NONE","seed_source_timestamp":12509019384881,"circlet_count":0,"master_deck":["Strike_B","Strike_B+1","Strike_B","Strike_B+1","Defend_B","Defend_B","Defend_B","Defend_B","Zap","Dualcast","Tempest+1","BootSequence","Sunder+1","White Noise+1","Core Surge+1","Streamline+1","Beam Cell+1","Fission+1","Cold Snap+1","Wild Strike+1","Darkness","Slice+1","Melter+1","Backflip+1"],"relics":["Cracked Core","MealTicket","Molten Egg 2","Inserter","PrismaticShard","Nilry\u0027s Codex","Torii"],"potions_floor_usage":[7,11,18,18,33],"damage_taken":[{"damage":1,"enemies":"Jaw Worm","floor":1,"turns":5},{"damage":0,"enemies":"2 Louse","floor":4,"turns":2},{"damage":0,"enemies":"Cultist","floor":7,"turns":2},{"damage":1,"enemies":"Large Slime","floor":8,"turns":3},{"damage":0,"enemies":"Blue Slaver","floor":11,"turns":3},{"damage":0,"enemies":"3 Louse","floor":13,"turns":2},{"damage":0,"enemies":"2 Fungi Beasts","floor":14,"turns":2},{"damage":0,"enemies":"Slime Boss","floor":16,"turns":6},{"damage":17,"enemies":"3 Byrds","floor":18,"turns":4},{"damage":18,"enemies":"2 Thieves","floor":22,"turns":3},{"damage":15,"enemies":"Snake Plant","floor":24,"turns":4},{"damage":27,"enemies":"Sentry and Sphere","floor":25,"turns":4},{"damage":22,"enemies":"Shelled Parasite and Fungi","floor":29,"turns":4},{"damage":85,"enemies":"Collector","floor":33,"turns":7}],"seed_played":"5789938363086214400","potions_obtained":[{"floor":1,"key":"Block Potion"},{"floor":4,"key":"Fire Potion"},{"floor":11,"key":"Block Potion"},{"floor":14,"key":"LiquidBronze"},{"floor":29,"key":"LiquidBronze"}],"is_trial":false,"path_per_floor":["M","?","$","M","?","R","M","M","T","R","M","?","M","M","R","B",null,"M","$","?","?","M","R","M","M","T","$","?","M","$","?","R","B"],"character_chosen":"DEFECT","items_purchased":["MealTicket","PrismaticShard","Melter+1"],"campfire_rested":1,"item_purchase_floors":[3,19,27],"current_hp_per_floor":[74,59,59,59,59,59,59,58,58,58,58,63,63,63,63,63,80,63,78,62,62,44,68,53,26,26,41,41,19,34,60,60,0],"gold":17,"neow_bonus":"HUNDRED_GOLD","is_prod":false,"is_daily":false,"chose_seed":false,"campfire_upgraded":3,"win_rate":0,"timestamp":1547970912,"path_taken":["M","?","$","M","?","R","?","M","T","R","M","?","M","M","R","BOSS","M","$","?","?","M","R","M","M","T","$","?","M","$","?","R","BOSS"],"build_version":"2019-01-17v2","purchased_purges":0,"victory":false,"max_hp_per_floor":[75,75,75,75,75,75,75,75,75,75,75,80,80,80,80,80,80,80,80,80,80,80,80,80,80,80,80,80,80,80,80,80,80],"card_choices":[{"not_picked":["Rip and Tear","Compile Driver"],"picked":"Tempest","floor":1},{"not_picked":["Darkness","Gash"],"picked":"BootSequence","floor":4},{"not_picked":["Streamline","Compile Driver"],"picked":"Sunder","floor":7},{"not_picked":["FTL","Rebound"],"picked":"White Noise","floor":8},{"not_picked":["Turbo","Beam Cell+1"],"picked":"Core Surge+1","floor":11},{"not_picked":["Turbo","Leap"],"picked":"Streamline+1","floor":13},{"not_picked":["Rebound+1","Conserve Battery"],"picked":"Beam Cell+1","floor":14},{"not_picked":["Reboot","Meteor Strike+1"],"picked":"Fission","floor":16},{"not_picked":["Rebound+1","Glacier"],"picked":"Cold Snap+1","floor":18},{"not_picked":["Turbo+1","Noxious Fumes"],"picked":"Wild Strike+1","floor":22},{"not_picked":["Heel Hook+1","Cleave+1"],"picked":"Darkness","floor":24},{"not_picked":["Recycle+1","Blade Dance"],"picked":"Slice+1","floor":25},{"not_picked":["Deadly Poison+1","Jack Of All Trades"],"picked":"Backflip+1","floor":29}],"player_experience":579630,"relics_obtained":[{"floor":9,"key":"Molten Egg 2"},{"floor":20,"key":"Nilry\u0027s Codex"}],"event_choices":[{"damage_healed":0,"gold_gain":0,"player_choice":"Entered Light","damage_taken":15,"max_hp_gain":0,"max_hp_loss":0,"event_name":"Shining Light","floor":2,"gold_loss":0,"cards_upgraded":["Strike_B","Strike_B"]},{"damage_healed":0,"gold_gain":0,"player_choice":"Forge","damage_taken":0,"max_hp_gain":0,"max_hp_loss":0,"event_name":"Accursed Blacksmith","floor":5,"gold_loss":0,"cards_upgraded":["Tempest"]},{"damage_healed":0,"gold_gain":0,"player_choice":"Donut","damage_taken":0,"max_hp_gain":5,"max_hp_loss":0,"event_name":"Big Fish","floor":12,"gold_loss":0},{"damage_healed":0,"gold_gain":0,"player_choice":"Obtained Book","damage_taken":16,"max_hp_gain":0,"max_hp_loss":0,"event_name":"Cursed Tome","floor":20,"gold_loss":0},{"damage_healed":0,"gold_gain":0,"player_choice":"Opened","damage_taken":0,"relics_obtained":["Torii"],"max_hp_gain":0,"max_hp_loss":0,"event_name":"The Mausoleum","floor":21,"gold_loss":0},{"damage_healed":0,"gold_gain":0,"player_choice":"Paid Fearfully","damage_taken":0,"max_hp_gain":0,"max_hp_loss":0,"event_name":"Masked Bandits","floor":28,"gold_loss":18},{"damage_healed":26,"gold_gain":0,"player_choice":"Heal","damage_taken":0,"max_hp_gain":0,"max_hp_loss":0,"event_name":"The Library","floor":31,"gold_loss":0}],"is_beta":false,"boss_relics":[{"not_picked":["FrozenCore","Astrolabe"],"picked":"Inserter"}],"items_purged_floors":[],"is_endless":false,"potions_floor_spawned":[1,4,11,14,29],"killed_by":"Collector","ascension_level":0}