{"gold_per_floor":[114,114,126,301,301,301,321,321,321,3,20,20,37,3,3,99,99,68,68,86,106,9,9],"floor_reached":23,"playtime":1178,"items_purged":["Doubt"],"score":181,"play_id":"195b8880-369e-4286-b08a-edfc0b5a1b89","local_time":"20190116202020","is_ascension_mode":false,"campfire_choices":[{"floor":6,"key":"RECALL"},{"data":"Warcry","floor":12,"key":"SMITH"},{"data":"Bash","floor":15,"key":"SMITH"}],"neow_cost":"TEN_PERCENT_HP_LOSS","seed_source_timestamp":440111565392472,"circlet_count":0,"master_deck":["Strike_R","Strike_R","Strike_R","Strike_R","Defend_R","Defend_R","Defend_R","Defend_R","Bash+1","Demon Form","Warcry+1","Flame Barrier","Pummel","Clash","Combust","Armaments","Pummel","Feed","Flex+1","Rage+1","Perfected Strike+1","Metallicize","Shrug It Off"],"relics":["Burning Blood","CultistMask","Torii","Medical Kit","White Beast Statue"],"potions_floor_usage":[13,20,23,23,23,23],"damage_taken":[{"damage":5,"enemies":"Small Slimes","floor":1,"turns":4},{"damage":3,"enemies":"Cultist","floor":3,"turns":5},{"damage":6,"enemies":"Jaw Worm","floor":7,"turns":6},{"damage":18,"enemies":"Exordium Wildlife","floor":11,"turns":6},{"damage":5,"enemies":"Gremlin Gang","floor":13,"turns":4},{"damage":56,"enemies":"The Guardian","floor":16,"turns":8},{"damage":32,"enemies":"2 Thieves","floor":18,"turns":5},{"damage":4,"enemies":"Chosen","floor":20,"turns":4},{"damage":25,"enemies":"Snake Plant","floor":21,"turns":4},{"damage":28,"enemies":"Gremlin Leader","floor":23,"turns":5}],"seed_played":"-1715583400382951045","potions_obtained":[{"floor":11,"key":"EssenceOfSteel"},{"floor":18,"key":"EssenceOfSteel"},{"floor":20,"key":"GamblersBrew"},{"floor":21,"key":"EntropicBrew"}],"is_trial":false,"path_per_floor":["M","?","M","?","T","R","M","?","T","$","M","R","M","$","R","B",null,"M","?","M","M","$","E"],"character_chosen":"IRONCLAD","items_purchased":["Medical Kit","Clash","Pummel","Metallicize","Shrug It Off"],"campfire_rested":0,"item_purchase_floors":[10,10,14,22,22],"current_hp_per_floor":[72,72,72,72,72,72,72,72,72,72,60,60,61,61,61,11,72,46,46,51,32,32,4],"gold":9,"neow_bonus":"THREE_RARE_CARDS","is_prod":false,"is_daily":false,"chose_seed":false,"campfire_upgraded":2,"win_rate":0,"timestamp":1547623220,"path_taken":["M","?","?","?","?","R","?","?","T","$","M","R","M","$","R","BOSS","M","?","M","M","$","E"],"build_version":"2019-01-10","purchased_purges":1,"victory":false,"max_hp_per_floor":[72,72,72,72,72,72,72,72,72,72,72,72,72,72,72,72,72,72,72,75,75,75,75],"card_choices":[{"not_picked":["Impervious","Limit Break"],"picked":"Demon Form","floor":0},{"not_picked":["Anger","Body Slam"],"picked":"Warcry","floor":1},{"not_picked":["Flex","True Grit"],"picked":"Flame Barrier","floor":3},{"not_picked":["Second Wind","Clothesline"],"picked":"Pummel","floor":7},{"not_picked":["Feel No Pain","True Grit"],"picked":"Combust","floor":11},{"not_picked":["Combust","Entrench"],"picked":"Armaments","floor":13},{"not_picked":["Barricade","Demon Form"],"picked":"Feed","floor":16},{"not_picked":["Evolve+1","Iron Wave"],"picked":"Flex+1","floor":18},{"not_picked":["Iron Wave","Armaments"],"picked":"Rage+1","floor":20},{"not_picked":["Clothesline","Warcry"],"picked":"Perfected Strike+1","floor":21}],"player_experience":576907,"relics_obtained":[{"floor":9,"key":"Torii"}],"event_choices":[{"damage_healed":0,"gold_gain":0,"player_choice":"Trade","damage_taken":0,"relics_obtained":["CultistMask"],"max_hp_gain":0,"max_hp_loss":0,"event_name":"FaceTrader","floor":2,"gold_loss":0},{"damage_healed":0,"gold_gain":175,"player_choice":"AGREE","damage_taken":0,"max_hp_gain":0,"max_hp_loss":0,"event_name":"Liars Game","floor":4,"gold_loss":0,"cards_obtained":["Doubt"]},{"damage_healed":0,"gold_gain":0,"player_choice":"Ignored","damage_taken":0,"max_hp_gain":0,"max_hp_loss":0,"event_name":"Shining Light","floor":8,"gold_loss":0},{"cards_removed":["Strike_R"],"damage_healed":0,"gold_gain":0,"player_choice":"Elegance","damage_taken":0,"max_hp_gain":0,"max_hp_loss":0,"event_name":"Back to Basics","floor":19,"gold_loss":0}],"is_beta":false,"boss_relics":[{"not_picked":["Tiny House","Ectoplasm"],"picked":"White Beast Statue"}],"items_purged_floors":[10],"is_endless":false,"potions_floor_spawned":[11,18,20,21],"killed_by":"Gremlin Leader","ascension_level":0}