{"gold_per_floor":[115,135,210,15,25,50,50,225,225,225,175,175,175,186,186,291,291,305,305,73,106,0,0,33,33,33,33,51,62,88,106,106,106],"floor_reached":33,"playtime":2476,"items_purged":["Strike_B","Writhe"],"score":281,"play_id":"bb8aca40-0fa9-40f5-8a86-607a86670ce2","local_time":"20181014132902","is_ascension_mode":false,"campfire_choices":[{"data":"Chill","floor":7,"key":"SMITH"},{"data":"Zap","floor":10,"key":"SMITH"},{"data":"Barrage","floor":13,"key":"SMITH"},{"data":"Beam Cell","floor":15,"key":"SMITH"},{"data":"Sunder","floor":23,"key":"SMITH"},{"floor":25,"key":"REST"},{"floor":32,"key":"REST"}],"neow_cost":"NONE","seed_source_timestamp":242608183015862,"circlet_count":0,"master_deck":["Strike_B","Strike_B","Defend_B","Defend_B","Defend_B","Zap+1","Dualcast","Coolheaded","Force Field","Conserve Battery","Self Repair","Beam Cell+1","Barrage+1","Chill+1","Undo","Echo Form","Barrage","Creative AI","Ball Lightning","Streamline","Sunder+1","Defragment","Electrodynamics","Conserve Battery+1","Loop+1","Hologram"],"relics":["FrozenCore","Pocketwatch","Bottled Lightning","Mummified Hand","Red Mask","Regal Pillow","Torii","MutagenicStrength","Matryoshka"],"potions_floor_usage":[6,21,24,30,31,33],"damage_taken":[{"damage":1,"enemies":"Jaw Worm","floor":1,"turns":5},{"damage":3,"enemies":"2 Louse","floor":2,"turns":3},{"damage":13,"enemies":"Small Slimes","floor":5,"turns":3},{"damage":22,"enemies":"3 Sentries","floor":6,"turns":8},{"damage":0,"enemies":"Looter","floor":14,"turns":2},{"damage":23,"enemies":"Hexaghost","floor":16,"turns":13},{"damage":5,"enemies":"Chosen","floor":18,"turns":6},{"damage":19,"enemies":"Masked Bandits","floor":21,"turns":5},{"damage":48,"enemies":"Gremlin Leader","floor":24,"turns":7},{"damage":12,"enemies":"Spheric Guardian","floor":28,"turns":4},{"damage":0,"enemies":"Snake Plant","floor":29,"turns":4},{"damage":41,"enemies":"Slavers","floor":30,"turns":6},{"damage":8,"enemies":"Shelled Parasite and Fungi","floor":31,"turns":4},{"damage":56,"enemies":"Collector","floor":33,"turns":6}],"seed_played":"-4024804413276672938","potions_obtained":[{"floor":2,"key":"LiquidBronze"},{"floor":14,"key":"EssenceOfSteel"},{"floor":16,"key":"FearPotion"},{"floor":24,"key":"Explosive Potion"},{"floor":29,"key":"GamblersBrew"},{"floor":30,"key":"Poison Potion"},{"floor":31,"key":"Ancient Potion"}],"is_trial":false,"path_per_floor":["M","M","?","$","M","E","R","?","T","R","?","?","R","M","R","B",null,"M","?","$","?","$","R","E","R","T","?","M","M","E","M","R"],"character_chosen":"DEFECT","items_purchased":["Self Repair","Beam Cell","Creative AI","Ball Lightning","Sunder","Defragment"],"campfire_rested":2,"item_purchase_floors":[4,4,20,20,22,22],"current_hp_per_floor":[74,71,60,60,54,39,39,39,39,39,39,32,32,32,32,16,75,75,75,75,63,63,63,22,59,59,59,47,54,20,19,56,0],"gold":106,"neow_bonus":"TRANSFORM_CARD","is_prod":false,"is_daily":false,"chose_seed":false,"campfire_upgraded":5,"win_rate":0.0,"timestamp":1539476942,"path_taken":["M","M","?","$","M","E","R","?","T","R","?","?","R","M","R","BOSS","M","?","$","?","$","R","E","R","T","?","M","M","E","?","R","BOSS"],"build_version":"2018-10-11","purchased_purges":2,"victory":false,"max_hp_per_floor":[75,75,75,75,75,75,75,75,75,75,75,75,75,75,75,75,75,75,75,75,75,75,75,75,75,75,75,75,75,75,75,75,75],"card_choices":[{"not_picked":["Gash","Steam"],"picked":"Force Field","floor":1},{"not_picked":["Streamline","Blizzard"],"picked":"Conserve Battery","floor":2},{"not_picked":["Gash","Self Repair"],"picked":"Barrage","floor":5},{"not_picked":["Redo","Beam Cell"],"picked":"Chill","floor":6},{"not_picked":["Sweeping Beam","Scrape"],"picked":"Undo","floor":14},{"not_picked":["Biased Cognition","Meteor Strike"],"picked":"Echo Form","floor":16},{"not_picked":["Lockon","Go for the Eyes"],"picked":"Barrage","floor":18},{"not_picked":["Self Repair+1","Sweeping Beam"],"picked":"Streamline","floor":21},{"not_picked":["Leap+1","Reinforced Body"],"picked":"Electrodynamics","floor":24},{"not_picked":["Compile Driver","Redo"],"picked":"Conserve Battery+1","floor":28},{"not_picked":["Compile Driver+1","Tempest","Rebound"],"picked":"SKIP","floor":29},{"not_picked":["Cold Snap","Defragment"],"picked":"Loop+1","floor":30},{"not_picked":["Cold Snap","Conserve Battery"],"picked":"Hologram","floor":31}],"player_experience":25738,"relics_obtained":[{"floor":6,"key":"Pocketwatch"},{"floor":9,"key":"Bottled Lightning"},{"floor":21,"key":"Red Mask"},{"floor":24,"key":"Regal Pillow"},{"floor":26,"key":"Torii"},{"floor":30,"key":"Matryoshka"}],"event_choices":[{"event_name":"World of Goop","player_choice":"Gather Gold","floor":3,"damage_taken":0},{"event_name":"Liars Game","player_choice":"agreed","floor":8,"damage_taken":0},{"event_name":"The Cleric","player_choice":"Card Removal","floor":11,"damage_taken":0},{"event_name":"Golden Wing","player_choice":"Card Removal","floor":12,"damage_taken":0},{"event_name":"The Mausoleum","player_choice":"Yes","floor":19,"damage_taken":0},{"event_name":"Masked Bandits","player_choice":"Fought Bandits","floor":21,"damage_taken":0},{"event_name":"Drug Dealer","player_choice":"Inject Mutagens","floor":27,"damage_taken":0}],"is_beta":false,"boss_relics":[{"not_picked":["Eternal Feather","Busted Crown"],"picked":"FrozenCore"}],"items_purged_floors":[4,20],"is_endless":false,"potions_floor_spawned":[2,14,16,24,29,30,31],"killed_by":"Collector","ascension_level":0}