{"gold_per_floor":[17,17,17,35,8,8,39,39,107,120,132,143,143,23,23,126,126,141,160,17,17,36,71,91,91,91,111,111,144,44,44,44,44],"floor_reached":33,"playtime":1977,"items_purged":["Strike_G","Defend_G"],"score":344,"play_id":"785bcfbc-faee-4a07-b11f-4d254c5c8690","local_time":"20190116195347","is_ascension_mode":true,"campfire_choices":[{"data":"Neutralize","floor":6,"key":"SMITH"},{"data":"Blade Dance","floor":13,"key":"SMITH"},{"data":"Cloak And Dagger","floor":15,"key":"SMITH"},{"data":"Blade Dance","floor":25,"key":"SMITH"},{"floor":28,"key":"REST"},{"floor":32,"key":"REST"}],"neow_cost":"NO_GOLD","seed_source_timestamp":188010318353221,"circlet_count":0,"master_deck":["Defend_G","Defend_G","Defend_G+1","Strike_G","Survivor+1","Neutralize+1","Quick Slash","All Out Attack","Quick Slash","Footwork","Poisoned Stab","Dagger Spray","PiercingWail","Blade Dance+1","Cloak And Dagger+1","Accuracy","Grand Finale","Acrobatics+1","Blade Dance+1","Escape Plan","Heel Hook","Acrobatics"],"relics":["Ring of the Snake","War Paint","Paper Crane","Ornamental Fan","HoveringKite","Blood Vial","Darkstone Periapt","FossilizedHelix"],"potions_floor_usage":[7,22,23,24,31,33],"damage_taken":[{"damage":0,"enemies":"Small Slimes","floor":1,"turns":2},{"damage":0,"enemies":"2 Louse","floor":4,"turns":2},{"damage":18,"enemies":"Lagavulin","floor":7,"turns":7},{"damage":0,"enemies":"Cultist","floor":10,"turns":3},{"damage":2,"enemies":"Gremlin Gang","floor":11,"turns":3},{"damage":0,"enemies":"Blue Slaver","floor":12,"turns":3},{"damage":15,"enemies":"Slime Boss","floor":16,"turns":9},{"damage":0,"enemies":"3 Byrds","floor":18,"turns":4},{"damage":7,"enemies":"Chosen","floor":19,"turns":6},{"damage":16,"enemies":"Sentry and Sphere","floor":22,"turns":5},{"damage":20,"enemies":"Slavers","floor":23,"turns":5},{"damage":25,"enemies":"Cultist and Chosen","floor":24,"turns":6},{"damage":1,"enemies":"Centurion and Healer","floor":27,"turns":6},{"damage":12,"enemies":"Book of Stabbing","floor":29,"turns":6},{"damage":0,"enemies":"Snake Plant","floor":31,"turns":2},{"damage":60,"enemies":"Champ","floor":33,"turns":14}],"seed_played":"4660299646862503171","potions_obtained":[{"floor":4,"key":"Poison Potion"},{"floor":11,"key":"SmokeBomb"},{"floor":12,"key":"SpeedPotion"},{"floor":16,"key":"Strength Potion"},{"floor":22,"key":"Poison Potion"},{"floor":23,"key":"Regen Potion"}],"is_trial":false,"path_per_floor":["M","?","?","M","$","R","E","?","T","M","M","M","R","$","R","B",null,"M","M","$","?","M","E","M","R","T","M","R","E","$","M","R","B"],"character_chosen":"THE_SILENT","items_purchased":["Poisoned Stab","Cloak And Dagger","Accuracy","Escape Plan"],"campfire_rested":2,"item_purchase_floors":[5,14,14,20],"current_hp_per_floor":[70,70,58,58,58,58,40,63,63,63,61,61,61,61,61,46,70,70,63,63,63,47,27,19,19,19,20,41,31,31,33,54,0],"gold":44,"neow_bonus":"TRANSFORM_TWO_CARDS","is_prod":false,"is_daily":false,"chose_seed":false,"campfire_upgraded":4,"win_rate":0,"timestamp":1547664827,"path_taken":["M","?","?","M","$","R","E","?","T","M","M","M","R","$","R","BOSS","M","M","$","?","M","E","M","R","T","M","R","E","$","M","R","BOSS"],"build_version":"2019-01-10","purchased_purges":2,"victory":false,"max_hp_per_floor":[70,70,70,70,70,70,70,70,70,70,70,70,70,70,70,70,70,70,70,70,70,70,70,70,70,70,70,70,70,70,70,70,70],"card_choices":[{"not_picked":["Caltrops","Concentrate"],"picked":"Quick Slash","floor":1},{"not_picked":["Backflip","Acrobatics"],"picked":"Footwork","floor":4},{"not_picked":["Prepared","Deadly Poison"],"picked":"Dagger Spray","floor":7},{"not_picked":["Deflect","Concentrate","Acrobatics"],"picked":"SKIP","floor":10},{"not_picked":["Tactician","Dagger Throw"],"picked":"PiercingWail","floor":11},{"not_picked":["Wraith Form v2","Prepared"],"picked":"Blade Dance","floor":12},{"not_picked":["Unload","Venomology"],"picked":"Grand Finale","floor":16},{"not_picked":["Prepared","Dagger Throw"],"picked":"Acrobatics+1","floor":18},{"not_picked":["Dagger Throw","Flying Knee+1"],"picked":"Blade Dance","floor":19},{"not_picked":["Dagger Throw+1","Flying Knee"],"picked":"Heel Hook","floor":22},{"not_picked":["Dagger Throw+1","Poisoned Stab+1"],"picked":"Acrobatics","floor":23},{"not_picked":["Unload","PiercingWail","Slice"],"picked":"SKIP","floor":24},{"not_picked":["Crippling Poison+1","Quick Slash","Flying Knee+1"],"picked":"SKIP","floor":27},{"not_picked":["Leg Sweep","Masterful Stab","Bouncing Flask"],"picked":"SKIP","floor":29}],"player_experience":195987,"relics_obtained":[{"floor":7,"key":"Paper Crane"},{"floor":9,"key":"Ornamental Fan"},{"floor":23,"key":"Blood Vial"},{"floor":26,"key":"Darkstone Periapt"},{"floor":29,"key":"FossilizedHelix"}],"event_choices":[{"cards_removed":["Strike_G"],"damage_healed":0,"gold_gain":0,"player_choice":"Forget","damage_taken":0,"max_hp_gain":0,"max_hp_loss":0,"event_name":"Living Wall","floor":2,"gold_loss":0},{"damage_healed":0,"gold_gain":0,"player_choice":"Success","damage_taken":12,"relics_obtained":["War Paint"],"max_hp_gain":0,"max_hp_loss":0,"event_name":"Scrap Ooze","floor":3,"gold_loss":0},{"damage_healed":23,"gold_gain":0,"player_choice":"Banana","damage_taken":0,"max_hp_gain":0,"max_hp_loss":0,"event_name":"Big Fish","floor":8,"gold_loss":0},{"cards_removed":["Strike_G"],"damage_healed":0,"gold_gain":0,"player_choice":"Offered Basic","damage_taken":0,"max_hp_gain":0,"max_hp_loss":0,"event_name":"Bonfire Elementals","floor":21,"gold_loss":0}],"is_beta":false,"boss_relics":[{"not_picked":["Ectoplasm","Tiny House"],"picked":"HoveringKite"}],"items_purged_floors":[20,30],"is_endless":false,"potions_floor_spawned":[4,11,12,16,18,22,23],"killed_by":"Champ","ascension_level":4}