{"gold_per_floor":[110,110,110,7,18,18,46,46,69,69,97,122,157,171,171,247,247,262,108,118,33,33,33,50,50,50,50],"floor_reached":27,"playtime":706,"items_purged":["Strike_R"],"score":441,"play_id":"4f969f2c-6d25-4b9e-9f86-0e2aeba7e1ee","local_time":"20180703153557","is_ascension_mode":true,"campfire_choices":[{"data":"Flex","floor":6,"key":"SMITH"},{"data":"Flex","floor":8,"key":"SMITH"},{"data":"Heavy Blade","floor":10,"key":"SMITH"},{"data":"Metallicize","floor":15,"key":"SMITH"},{"data":"Dual Wield","floor":23,"key":"SMITH"},{"data":"Limit Break","floor":25,"key":"SMITH"}],"neow_cost":"NONE","seed_source_timestamp":64874301040979,"circlet_count":0,"master_deck":["Strike_R","Strike_R+1","Strike_R","Strike_R","Defend_R","Defend_R+1","Defend_R","Defend_R","Bash","AscendersBane","Flex+1","Heavy Blade+1","Flex+1","Shockwave","Ghostly Armor","Dual Wield+1","Metallicize+1","Clothesline","Limit Break+1","Shrug It Off","Flash of Steel"],"relics":["Burning Blood","NeowsBlessing","Happy Flower","Lantern","Smiling Mask","Odd Mushroom","Centennial Puzzle","Runic Dome","Bird Faced Urn","Meat on the Bone"],"potions_floor_usage":[12,13,27,27],"damage_taken":[{"damage":0,"enemies":"2 Louse","floor":1,"turns":1},{"damage":0,"enemies":"Small Slimes","floor":5,"turns":1},{"damage":0,"enemies":"3 Sentries","floor":7,"turns":2},{"damage":15,"enemies":"Gremlin Nob","floor":11,"turns":4},{"damage":5,"floor":12,"turns":4},{"damage":17,"enemies":"3 Sentries","floor":13,"turns":7},{"damage":0,"enemies":"Cultist","floor":14,"turns":2},{"damage":12,"enemies":"The Guardian","floor":16,"turns":10},{"damage":12,"enemies":"Chosen","floor":18,"turns":2},{"damage":4,"enemies":"3 Byrds","floor":20,"turns":6},{"damage":4,"enemies":"Centurion and Healer","floor":24,"turns":5},{"damage":53,"enemies":"Gremlin Leader","floor":27,"turns":7}],"seed_played":"-1138966261663280440","potions_obtained":[{"floor":7,"key":"Swift Potion"},{"floor":12,"key":"Explosive Potion"},{"floor":13,"key":"EssenceOfSteel"},{"floor":14,"key":"PowerPotion"}],"is_trial":false,"path_per_floor":["M","?","?","$","M","R","E","R","T","R","E","?","E","M","R","B",null,"M","$","M","?","?","R","M","R","T"],"character_chosen":"IRONCLAD","items_purchased":["Heavy Blade","Flex","Flash of Steel"],"campfire_rested":0,"item_purchase_floors":[4,4,19],"current_hp_per_floor":[74,51,56,56,62,62,68,68,68,68,59,60,49,55,55,49,72,66,66,68,68,45,45,49,49,49,0],"gold":50,"neow_bonus":"THREE_ENEMY_KILL","is_prod":false,"is_daily":false,"chose_seed":false,"campfire_upgraded":6,"win_rate":0,"timestamp":1530657357,"path_taken":["M","?","?","$","M","R","E","R","T","R","E","?","E","M","R","BOSS","M","$","M","?","?","R","M","R","T","E"],"build_version":"2018-07-02","purchased_purges":1,"victory":false,"max_hp_per_floor":[75,75,80,80,80,80,80,80,80,80,80,80,80,80,80,80,80,80,80,80,80,85,85,85,85,85,85],"card_choices":[{"not_picked":["Havoc","Blood for Blood"],"picked":"Flex","floor":1},{"not_picked":["Entrench","Sever Soul"],"picked":"Shockwave","floor":5},{"not_picked":["Rampage","Flex"],"picked":"Ghostly Armor","floor":7},{"not_picked":["Feel No Pain","Perfected Strike"],"picked":"Dual Wield","floor":12},{"not_picked":["Warcry","Clash"],"picked":"Metallicize","floor":13},{"not_picked":["Seeing Red","Juggernaut"],"picked":"Clothesline","floor":14},{"not_picked":["Bludgeon","Immolate"],"picked":"Limit Break","floor":16},{"not_picked":["Wild Strike","Thunderclap"],"picked":"Shrug It Off","floor":18}],"player_experience":470935,"relics_obtained":[{"floor":7,"key":"Happy Flower"},{"floor":9,"key":"Lantern"},{"floor":11,"key":"Smiling Mask"},{"floor":12,"key":"Odd Mushroom"},{"floor":13,"key":"Centennial Puzzle"},{"floor":26,"key":"Meat on the Bone"}],"event_choices":[{"event_name":"Shining Light","player_choice":"Entered Light","floor":2,"damage_taken":0},{"event_name":"Big Fish","player_choice":"Donut","floor":3,"damage_taken":0},{"event_name":"Mushrooms","player_choice":"Fought Mushrooms","floor":12,"damage_taken":0},{"event_name":"Addict","player_choice":"Obtained Relic","floor":21,"damage_taken":0},{"event_name":"Forgotten Altar","player_choice":"Shed Blood","floor":22,"damage_taken":0}],"boss_relics":[{"not_picked":["Pandora\u0027s Box","Velvet Choker"],"picked":"Runic Dome"}],"items_purged_floors":[19],"is_endless":false,"potions_floor_spawned":[7,12,13,14,16,24],"killed_by":"Gremlin Leader","ascension_level":15}