{"path_per_floor":["M","M","M","?","M","R","E","R","T","M","M","R","$","M","R","B",null,"M","M","?","$","T","R","?","$","T","E","R","M","M"],"character_chosen":"IRONCLAD","items_purchased":["Flex","Good Instincts","Swift Strike","Sword Boomerang"],"gold_per_floor":[110,125,143,143,168,168,202,202,202,217,232,232,4,25,25,154,154,179,168,168,17,63,63,63,63,63,97,97,114,129],"floor_reached":31,"campfire_rested":3,"playtime":2049,"current_hp_per_floor":[80,80,80,60,64,64,50,74,74,70,67,67,67,68,68,8,80,36,29,29,29,34,58,64,64,64,21,61,35,38],"items_purged":["Strike_R"],"gold":129,"score":283,"play_id":"032a8110-d432-47d9-a911-b69ece060aa3","local_time":"20180306180447","is_prod":false,"is_daily":false,"is_ascension_mode":false,"campfire_upgraded":3,"timestamp":1520355887,"path_taken":["M","?","M","?","M","R","E","R","T","M","M","R","$","M","R","BOSS","M","M","?","$","?","R","?","?","T","E","R","M","?","M"],"build_version":"2018-03-01-PROD1","purchased_purges":1,"victory":false,"master_deck":["Strike_R","Strike_R","Strike_R","Defend_R","Defend_R","Defend_R","Defend_R","Bash","Fiend Fire+1","Shrug It Off","Iron Wave","Iron Wave","Pommel Strike","Rampage+1","Flex+1","Shrug It Off","Flex","Good Instincts","Flex","Demon Form","Rampage","Inflame","Pommel Strike","Flex","Metallicize","Heavy Blade","Swift Strike","Sword Boomerang","Writhe","Spot Weakness+1","Sword Boomerang+1"],"max_hp_per_floor":[80,80,80,80,80,80,80,80,80,80,80,80,80,80,80,80,80,80,80,80,80,80,80,86,86,86,86,86,86,86],"relics":["Burning Blood","Bloody Idol","Darkstone Periapt","Shuriken","Orrery","Lantern","Ancient Tea Set","Du-Vu Doll","Regal Pillow"],"card_choices":[{"not_picked":["Iron Wave","Thunderclap"],"picked":"Shrug It Off"},{"not_picked":["Perfected Strike","Clash"],"picked":"Iron Wave"},{"not_picked":["Reaper","True Grit"],"picked":"Iron Wave"},{"not_picked":["Clash","Sword Boomerang"],"picked":"Pommel Strike"},{"not_picked":["Clash","Carnage"],"picked":"Rampage"},{"not_picked":["Shockwave","Uppercut"],"picked":"Flex"},{"not_picked":["Clash","Wild Strike"],"picked":"Shrug It Off"},{"not_picked":["Havoc","Clash"],"picked":"Flex"},{"not_picked":["Berserk","Dark Embrace"],"picked":"Demon Form"},{"not_picked":["Iron Wave","Anger"],"picked":"Rampage"},{"not_picked":["Armaments","Anger"],"picked":"Inflame"},{"not_picked":["Feel No Pain","Dark Embrace"],"picked":"Pommel Strike"},{"not_picked":["Fire Breathing","Clash"],"picked":"Flex"},{"not_picked":["Carnage","Clash"],"picked":"Metallicize"},{"not_picked":["Flex","Burning Pact"],"picked":"Heavy Blade"},{"not_picked":["Perfected Strike","Exhume"],"picked":"Spot Weakness"},{"not_picked":["Rage","Shockwave"],"picked":"Sword Boomerang"}],"player_experience":85304,"potions_floor_usage":[7,16,16,27],"damage_taken":[{"damage":6,"enemies":"Cultist","floor":1,"turns":3},{"damage":3,"enemies":"Jaw Worm","floor":2,"turns":3},{"damage":0,"enemies":"Small Slimes","floor":3,"turns":3},{"damage":2,"enemies":"Blue Slaver","floor":5,"turns":4},{"damage":20,"enemies":"Lagavulin","floor":7,"turns":6},{"damage":10,"enemies":"Looter","floor":10,"turns":3},{"damage":9,"enemies":"3 Louse","floor":11,"turns":3},{"damage":5,"enemies":"2 Fungi Beasts","floor":14,"turns":3},{"damage":66,"enemies":"Slime Boss","floor":16,"turns":15},{"damage":50,"enemies":"Chosen","floor":18,"turns":6},{"damage":13,"enemies":"2 Thieves","floor":19,"turns":4},{"damage":54,"enemies":"Gremlin Leader","floor":27,"turns":9},{"damage":37,"enemies":"Centurion and Healer","floor":29,"turns":6},{"damage":8,"enemies":"Snecko","floor":30,"turns":4},{"damage":50,"enemies":"Cultist and Chosen","floor":31,"turns":4}],"event_choices":[{"event_name":"Golden Idol","player_choice":"Take Damage","floor":4,"damage_taken":0},{"event_name":"Forgotten Altar","player_choice":"Gave Idol","floor":20,"damage_taken":0},{"event_name":"The Mausoleum","player_choice":"Yes","floor":24,"damage_taken":0}],"boss_relics":[{"not_picked":["Sozu","Runic Dome"],"picked":"Orrery"}],"potions_floor_spawned":[3,10,14,18],"seed_played":"-1794835459545491233","killed_by":"Cultist and Chosen","ascension_level":0,"is_trial":false}