{"gold_per_floor":[112,112,131,11,22,22,35,45,45,61,61,73,73,87,87,188,188,201,201,201,212,227,227,71,86,86,11,11,28,28,77,77,77],"floor_reached":33,"playtime":2029,"items_purged":["Strike_G"],"score":241,"play_id":"e7207c80-49fc-4760-91f4-166f40072802","local_time":"20181207191216","is_ascension_mode":false,"campfire_choices":[{"data":"Backflip","floor":6.0,"key":"SMITH"},{"data":"Night Terror","floor":13.0,"key":"SMITH"},{"data":"Backstab","floor":15.0,"key":"SMITH"},{"data":"Bouncing Flask","floor":23,"key":"SMITH"},{"floor":28,"key":"REST"},{"floor":32,"key":"REST"}],"neow_cost":"NONE","seed_source_timestamp":0,"circlet_count":0,"master_deck":["Defend_G","Defend_G","Defend_G","Defend_G","Strike_G+1","Strike_G","Strike_G","Survivor","Neutralize+1","Finesse","Blade Dance","Backstab+1","Poisoned Stab","Backflip+1","Night Terror+1","PiercingWail","Poisoned Stab","Tactician","Choke","Quick Slash","Die Die Die","Caltrops+1","Bouncing Flask+1","All Out Attack","Flechettes+1"],"special_seed":0,"relics":["Ring of the Snake","Sundial","Ornamental Fan","Runic Pyramid","Snake Skull","Molten Egg 2","Whetstone"],"potions_floor_usage":[16,16,21,25,30],"damage_taken":[{"damage":0.0,"enemies":"Cultist","floor":1.0,"turns":6.0},{"damage":3.0,"enemies":"2 Louse","floor":3.0,"turns":3.0},{"damage":3.0,"enemies":"Jaw Worm","floor":5.0,"turns":3.0},{"damage":8.0,"enemies":"Lots of Slimes","floor":7.0,"turns":3.0},{"damage":1.0,"enemies":"2 Fungi Beasts","floor":8.0,"turns":4.0},{"damage":0.0,"enemies":"3 Louse","floor":10.0,"turns":3.0},{"damage":0.0,"enemies":"Blue Slaver","floor":12.0,"turns":3.0},{"damage":0.0,"enemies":"Looter","floor":14.0,"turns":2.0},{"damage":36,"enemies":"The Guardian","floor":16,"turns":14},{"damage":0,"enemies":"Chosen","floor":18,"turns":4},{"damage":2,"enemies":"Shell Parasite","floor":21,"turns":4},{"damage":17,"enemies":"Snake Plant","floor":22,"turns":3},{"damage":14,"enemies":"Sentry and Sphere","floor":25,"turns":4},{"damage":10,"enemies":"3 Cultists","floor":29,"turns":4},{"damage":16,"enemies":"Colosseum Slavers","floor":30,"turns":4},{"damage":21,"enemies":"Collector","floor":33,"turns":5}],"seed_played":"3309867349701558558","potions_obtained":[{"floor":3.0,"key":"GamblersBrew"},{"floor":8.0,"key":"GamblersBrew"},{"floor":10.0,"key":"Weak Potion"},{"floor":22,"key":"Explosive Potion"},{"floor":25,"key":"Dexterity Potion"},{"floor":29,"key":"Block Potion"}],"is_trial":false,"path_per_floor":["M","T","M","$","M","M","R","M","M","T","M","?","M","R","M","R","B",null,"M","?","?","M","M","R","$","M","T","?","R","M","?","T","R","B"],"character_chosen":"THE_SILENT","items_purchased":["Poisoned Stab","Snake Skull"],"campfire_rested":2,"item_purchase_floors":[4,24],"current_hp_per_floor":[70,70,67,67,64,64,56,55,55,55,55,55,55,55,55,19,70,70,70,70,68,51,51,51,37,37,37,58,48,32,32,53,32],"gold":77,"neow_bonus":"RANDOM_COLORLESS","is_prod":false,"is_daily":false,"chose_seed":false,"campfire_upgraded":4,"win_rate":0.0,"timestamp":1544163136,"path_taken":["M","?","M","$","M","R","M","?","T","M","?","?","R","M","R","BOSS","M","?","?","?","M","R","$","M","T","?","R","M","?","?","R","BOSS"],"build_version":"2018-12-06","purchased_purges":1,"victory":false,"max_hp_per_floor":[70,70,70,70,70,70,70,70,70,70,70,70,70,70,70,70,70,70,70,70,70,70,70,70,70,70,70,70,70,70,70,70,70],"card_choices":[{"not_picked":["Tactician","Cloak And Dagger"],"picked":"Blade Dance","floor":1.0},{"not_picked":["Bane","Deflect"],"picked":"Backstab","floor":3.0},{"not_picked":["Quick Slash","Expertise"],"picked":"Backflip","floor":5.0},{"not_picked":["Reflex","Quick Slash"],"picked":"Night Terror","floor":7.0},{"not_picked":["Flying Knee","Masterful Stab"],"picked":"PiercingWail","floor":8.0},{"not_picked":["Dagger Spray","PiercingWail"],"picked":"Poisoned Stab","floor":10.0},{"not_picked":["Blade Dance","Flying Knee"],"picked":"Choke","floor":12.0},{"not_picked":["Dodge and Roll","Setup"],"picked":"Quick Slash","floor":14.0},{"not_picked":["Malaise","Storm of Steel"],"picked":"Die Die Die","floor":16},{"not_picked":["Cloak And Dagger","Escape Plan","Dagger Throw+1"],"picked":"SKIP","floor":18},{"not_picked":["PiercingWail","Dagger Throw"],"picked":"Bouncing Flask","floor":21},{"not_picked":["Prepared+1","Heel Hook","Choke"],"picked":"SKIP","floor":22},{"not_picked":["Tactician","Backflip+1"],"picked":"All Out Attack","floor":25},{"not_picked":["Deflect","Well Laid Plans+1"],"picked":"Flechettes+1","floor":29}],"player_experience":417604,"relics_obtained":[{"floor":2.0,"key":"Sundial"},{"floor":9.0,"key":"Ornamental Fan"},{"floor":26,"key":"Molten Egg 2"},{"floor":31,"key":"Whetstone"}],"event_choices":[{"damage_healed":0.0,"max_hp_gain":0.0,"max_hp_loss":0.0,"gold_gain":0.0,"cards_transformed":["Strike_G"],"event_name":"Transmorgrifier","player_choice":"Transformed","floor":11.0,"gold_loss":0.0,"damage_taken":0.0,"cards_obtained":["Tactician"]},{"damage_healed":0,"gold_gain":0,"player_choice":"Read","damage_taken":0,"max_hp_gain":0,"max_hp_loss":0,"event_name":"The Library","floor":19,"gold_loss":0,"cards_obtained":["Caltrops"]},{"damage_healed":0,"gold_gain":0,"player_choice":"Upgraded","damage_taken":0,"max_hp_gain":0,"max_hp_loss":0,"event_name":"Upgrade Shrine","floor":20,"gold_loss":0,"cards_upgraded":["Caltrops"]},{"cards_removed":["Defend_G"],"damage_healed":0,"gold_gain":0,"player_choice":"Gave Gold","damage_taken":0,"max_hp_gain":0,"max_hp_loss":0,"event_name":"Beggar","floor":27,"gold_loss":75},{"damage_healed":0,"gold_gain":0,"player_choice":"Fight","damage_taken":0,"max_hp_gain":0,"max_hp_loss":0,"event_name":"Colosseum","floor":30,"gold_loss":0},{"damage_healed":0,"gold_gain":0,"player_choice":"Fled From Nobs","damage_taken":0,"max_hp_gain":0,"max_hp_loss":0,"event_name":"Colosseum","floor":30,"gold_loss":0}],"is_beta":false,"boss_relics":[{"not_picked":["Philosopher\u0027s Stone","Busted Crown"],"picked":"Runic Pyramid"}],"items_purged_floors":[4],"is_endless":false,"potions_floor_spawned":[3,8,10,22,25,29,30],"killed_by":"Collector","ascension_level":0}