{"gold_per_floor":[110,110,137,57,57,90,90,104,104,104,118,133,158,170,170,170],"floor_reached":16,"playtime":614,"items_purged":[],"score":215,"play_id":"a1d74c59-c756-4673-88aa-22d72ca3afcd","local_time":"20190107015007","is_ascension_mode":true,"campfire_choices":[{"data":"Zap","floor":7.0,"key":"SMITH"},{"data":"Fission","floor":10.0,"key":"SMITH"},{"data":"Buffer","floor":15,"key":"SMITH"}],"neow_cost":"NONE","seed_source_timestamp":0,"circlet_count":0,"master_deck":["AscendersBane","Strike_B","Strike_B","Strike_B","Strike_B","Defend_B","Defend_B","Defend_B","Defend_B","Zap+1","Dualcast","Cold Snap","Sunder+1","Fission+1","Leap","Conserve Battery","Buffer+1","White Noise"],"special_seed":0,"relics":["Cracked Core","Vajra","Potion Belt","Singing Bowl","Matryoshka","Symbiotic Virus"],"potions_floor_usage":[12],"damage_taken":[{"damage":0.0,"enemies":"Jaw Worm","floor":1.0,"turns":3.0},{"damage":10.0,"enemies":"3 Sentries","floor":6.0,"turns":5.0},{"damage":3.0,"enemies":"Small Slimes","floor":8.0,"turns":3.0},{"damage":1.0,"enemies":"Cultist","floor":11.0,"turns":3.0},{"damage":1,"enemies":"Gremlin Gang","floor":12,"turns":4},{"damage":8,"enemies":"Gremlin Nob","floor":13,"turns":3},{"damage":0,"enemies":"2 Fungi Beasts","floor":14,"turns":3},{"damage":25,"enemies":"The Guardian","floor":16,"turns":9}],"seed_played":"4507249157621566428","potions_obtained":[{"floor":6.0,"key":"Fire Potion"},{"floor":12,"key":"Ancient Potion"},{"floor":14,"key":"FearPotion"}],"is_trial":false,"path_per_floor":["M","?","T","$","?","E","R","M","T","R","M","M","E","M","R","B"],"character_chosen":"DEFECT","items_purchased":["Sunder"],"campfire_rested":0,"item_purchase_floors":[4],"current_hp_per_floor":[71,45,45,45,45,35,35,32,32,32,31,32,24,24,24,0],"gold":170,"neow_bonus":"TEN_PERCENT_HP_BONUS","is_prod":false,"is_daily":false,"chose_seed":false,"campfire_upgraded":3,"win_rate":0,"timestamp":1546793407,"path_taken":["M","?","?","?","?","E","R","M","T","R","M","M","E","M","R","BOSS"],"build_version":"2019-01-03v4","purchased_purges":0,"victory":false,"max_hp_per_floor":[78,78,78,78,78,78,78,78,78,78,78,80,80,80,80,80],"card_choices":[{"not_picked":["Go for the Eyes","Barrage"],"picked":"Cold Snap","floor":1.0},{"not_picked":["Undo","Sweeping Beam"],"picked":"Fission","floor":6.0},{"not_picked":["Steam","Double Energy"],"picked":"Leap","floor":8.0},{"not_picked":["Coolheaded","Beam Cell"],"picked":"Conserve Battery","floor":11.0},{"not_picked":["Coolheaded","Chaos","Auto Shields"],"picked":"Singing Bowl","floor":12},{"not_picked":["Conserve Battery","Coolheaded"],"picked":"Buffer","floor":13},{"not_picked":["Conserve Battery","Cold Snap"],"picked":"White Noise","floor":14}],"player_experience":1014715,"relics_obtained":[{"floor":3.0,"key":"Potion Belt"},{"floor":6.0,"key":"Singing Bowl"},{"floor":9.0,"key":"Matryoshka"},{"floor":13,"key":"Symbiotic Virus"}],"event_choices":[{"damage_healed":0.0,"max_hp_gain":0.0,"max_hp_loss":0.0,"gold_gain":0.0,"event_name":"Scrap Ooze","player_choice":"Success","floor":2.0,"gold_loss":0.0,"damage_taken":26.0,"relics_obtained":["Vajra"]},{"damage_healed":0.0,"max_hp_gain":0.0,"max_hp_loss":0.0,"gold_gain":0.0,"event_name":"Upgrade Shrine","player_choice":"Upgraded","floor":5.0,"gold_loss":0.0,"damage_taken":0.0,"cards_upgraded":["Sunder"]}],"is_beta":false,"boss_relics":[],"items_purged_floors":[],"is_endless":false,"potions_floor_spawned":[6,12,14],"killed_by":"The Guardian","ascension_level":19}