{"gold_per_floor":[114,114,125,125,27,27,45,45,68,68,102,102,134,35,35,136,136,152,170,186,186,259,290,290,305,305,305,317,317,332,50,50,150,150,160,172,172,172,26,26,26,26,53,53,73,85,104,104,104,104],"floor_reached":50,"playtime":2130,"items_purged":["Strike_G"],"score":749,"play_id":"c749fb53-b4f1-4477-832b-2b054e99d996","local_time":"20180928064833","is_ascension_mode":true,"campfire_choices":[{"data":"Neutralize","floor":6,"key":"SMITH"},{"data":"Cloak And Dagger","floor":8,"key":"SMITH"},{"floor":10,"key":"REST"},{"data":"After Image","floor":12,"key":"SMITH"},{"data":"Noxious Fumes","floor":15,"key":"SMITH"},{"floor":24,"key":"REST"},{"floor":27,"key":"REST"},{"data":"Blade Dance","floor":32,"key":"SMITH"},{"floor":40,"key":"REST"},{"data":"Cloak And Dagger","floor":44,"key":"SMITH"},{"floor":49,"key":"REST"}],"neow_cost":"NONE","seed_source_timestamp":110514876799477,"circlet_count":0,"master_deck":["Defend_G","Defend_G","Defend_G","Defend_G","Defend_G","Strike_G","Strike_G","Survivor","Neutralize+1","AscendersBane","Burst","Finisher","Caltrops","Infinite Blades","Flying Knee","Cloak And Dagger+1","After Image+1","Footwork","Noxious Fumes+1","Cloak And Dagger+1","Adrenaline","PiercingWail","Deflect","Blade Dance+1","Deadly Poison+1","Accuracy","Accuracy","Blade Dance+1","Dramatic Entrance","Backflip+1"],"relics":["Ring of the Snake","Pen Nib","Snake Skull","Orichalcum","Sozu","Ornamental Fan","Gremlin Horn","Bottled Tornado","Shuriken","Blood Vial","Frozen Egg 2"],"potions_floor_usage":[13,16,23],"damage_taken":[{"damage":5,"enemies":"Cultist","floor":1,"turns":4},{"damage":0,"enemies":"Jaw Worm","floor":3,"turns":8},{"damage":3,"enemies":"Small Slimes","floor":7,"turns":4},{"damage":14,"enemies":"Lagavulin","floor":11,"turns":7},{"damage":5,"enemies":"3 Sentries","floor":13,"turns":7},{"damage":2,"enemies":"The Guardian","floor":16,"turns":10},{"damage":0,"enemies":"Shell Parasite","floor":18,"turns":6},{"damage":13,"enemies":"Spheric Guardian","floor":19,"turns":4},{"damage":19,"enemies":"Snecko","floor":20,"turns":7},{"damage":3,"enemies":"Gremlin Leader","floor":23,"turns":8},{"damage":3,"enemies":"3 Cultists","floor":25,"turns":6},{"damage":3,"enemies":"Shelled Parasite and Fungi","floor":28,"turns":4},{"damage":1,"enemies":"Centurion and Healer","floor":30,"turns":5},{"damage":25,"enemies":"Collector","floor":33,"turns":9},{"damage":26,"enemies":"3 Darklings","floor":35,"turns":5},{"damage":0,"enemies":"Orb Walker","floor":36,"turns":4},{"damage":0,"enemies":"Sphere and 2 Shapes","floor":45,"turns":3},{"damage":41,"enemies":"Spire Growth","floor":46,"turns":5},{"damage":15,"enemies":"Transient","floor":47,"turns":5},{"damage":38,"enemies":"Time Eater","floor":50,"turns":4}],"seed_played":"-6227186787655056038","potions_obtained":[{"floor":1,"key":"EntropicBrew"},{"floor":3,"key":"Weak Potion"},{"floor":4,"key":"GhostInAJar"},{"floor":4,"key":"Fire Potion"},{"floor":13,"key":"GhostInAJar"}],"is_trial":false,"path_per_floor":["M","?","M","?","$","R","M","R","T","R","E","R","E","$","R","B",null,"M","M","M","?","T","E","R","M","T","R","M","?","M","$","R","B",null,"M","M","?","?","$","R","?","?","T","R","M","M","M","T","R"],"character_chosen":"THE_SILENT","items_purchased":["Infinite Blades","Flying Knee","Noxious Fumes","Cloak And Dagger","Shuriken","Accuracy","Accuracy"],"campfire_rested":5,"item_purchase_floors":[5,5,14,14,31,31,39],"current_hp_per_floor":[58,51,51,51,51,51,48,48,48,69,55,55,50,50,50,48,65,65,52,33,20,20,17,39,36,36,58,55,55,54,54,54,29,64,38,38,38,38,38,60,60,60,60,60,62,23,10,10,32,0],"gold":104,"neow_bonus":"TRANSFORM_CARD","is_prod":false,"is_daily":false,"chose_seed":false,"campfire_upgraded":6,"win_rate":0,"timestamp":1538110113,"path_taken":["M","?","M","?","$","R","M","R","T","R","E","R","E","$","R","BOSS","M","?","M","?","?","E","R","M","T","R","M","?","M","$","R","BOSS","M","M","?","?","$","R","?","?","T","R","M","M","M","?","R","BOSS"],"build_version":"2018-09-20","purchased_purges":1,"victory":false,"max_hp_per_floor":[70,70,70,70,70,70,70,70,70,70,70,70,70,70,70,70,70,70,70,70,75,75,75,75,75,75,75,75,75,75,75,75,75,75,75,75,75,75,75,75,75,75,75,75,75,75,75,75,75,75],"card_choices":[{"not_picked":["Calculated Gamble","Choke"],"picked":"Finisher","floor":1},{"not_picked":["Dagger Throw","Deflect"],"picked":"Caltrops","floor":3},{"not_picked":["Predator","Masterful Stab"],"picked":"Cloak And Dagger","floor":7},{"not_picked":["Blade Dance","Malaise"],"picked":"After Image","floor":11},{"not_picked":["Dodge and Roll","Acrobatics"],"picked":"Footwork","floor":13},{"not_picked":["Malaise","Night Terror"],"picked":"Adrenaline","floor":16},{"not_picked":["Prepared","Poisoned Stab"],"picked":"Accuracy","floor":18},{"not_picked":["Riddle With Holes","Tactician"],"picked":"PiercingWail","floor":19},{"not_picked":["Crippling Poison","Reflex+1"],"picked":"Deflect","floor":20},{"not_picked":["Bane","Cloak And Dagger"],"picked":"Blade Dance","floor":23},{"not_picked":["Outmaneuver","Flechettes"],"picked":"Deadly Poison+1","floor":25},{"not_picked":["Flying Knee","Calculated Gamble","Dodge and Roll"],"picked":"SKIP","floor":28},{"not_picked":["Dagger Throw","Doppelganger","PiercingWail"],"picked":"SKIP","floor":30},{"not_picked":["Tactician","Acrobatics","Dagger Spray"],"picked":"SKIP","floor":35},{"not_picked":["Dash+1","Calculated Gamble","Poisoned Stab+1"],"picked":"SKIP","floor":36},{"not_picked":["Violence","Impatience"],"picked":"Dramatic Entrance","floor":42},{"not_picked":["Footwork","Predator+1","Setup"],"picked":"SKIP","floor":45},{"not_picked":["Acrobatics","Deadly Poison","Outmaneuver"],"picked":"SKIP","floor":46},{"not_picked":["Flechettes","Poisoned Stab+1"],"picked":"Backflip+1","floor":47}],"player_experience":716902,"relics_obtained":[{"floor":9,"key":"Pen Nib"},{"floor":11,"key":"Snake Skull"},{"floor":13,"key":"Orichalcum"},{"floor":22,"key":"Ornamental Fan"},{"floor":23,"key":"Gremlin Horn"},{"floor":26,"key":"Bottled Tornado"},{"floor":43,"key":"Blood Vial"},{"floor":48,"key":"Frozen Egg 2"}],"event_choices":[{"event_name":"Golden Wing","player_choice":"Card Removal","floor":2,"damage_taken":0},{"event_name":"The Lab","player_choice":"Got Potions","floor":4,"damage_taken":0},{"event_name":"Forgotten Altar","player_choice":"Shed Blood","floor":21,"damage_taken":0},{"event_name":"Ghosts","player_choice":"Ignored","floor":29,"damage_taken":0},{"event_name":"Tomb of Lord Red Mask","player_choice":"Ignored","floor":37,"damage_taken":0},{"event_name":"Falling","player_choice":"Removed Power","floor":38,"damage_taken":0},{"event_name":"Duplicator","player_choice":"One dupe","floor":41,"damage_taken":0},{"event_name":"SensoryStone","player_choice":"Memory 1","floor":42,"damage_taken":0}],"is_beta":false,"boss_relics":[{"not_picked":["HoveringKite","Ectoplasm"],"picked":"Sozu"},{"not_picked":["Fusion Hammer","White Beast Statue","Runic Pyramid"]}],"items_purged_floors":[39],"is_endless":false,"potions_floor_spawned":[1,3,11,13,19,23,33,45,47],"killed_by":"Time Eater","ascension_level":12}