{"gold_per_floor":[118,118,136,61,76,76,111,111,137,198,198,213,223,223,223,325,375,391,156,206,221,240,240,274,274,274,299,313,324,324,350,350,455,455,468,141,141,151,151,151,165,182,182,197,80,114,114,148,148,148],"floor_reached":51,"playtime":2273,"items_purged":["Leap"],"score":1681,"play_id":"3ef960ba-7263-4675-85c9-72ae52a3acd9","local_time":"20181002141222","daily_mods":["SealedDeck","Green Cards","Colorless Cards","Careless"],"is_ascension_mode":true,"campfire_choices":[{"data":"Finisher","floor":6,"key":"SMITH"},{"data":"Trip","floor":8,"key":"SMITH"},{"data":"Terror","floor":11,"key":"SMITH"},{"data":"Sadistic Nature","floor":15,"key":"SMITH"},{"data":"Slice","floor":23,"key":"SMITH"},{"data":"Masterful Stab","floor":25,"key":"SMITH"},{"data":"Quick Slash","floor":32,"key":"SMITH"},{"data":"Blind","floor":40,"key":"SMITH"},{"data":"Swift Strike","floor":47,"key":"SMITH"},{"data":"Sadistic Nature","floor":49,"key":"SMITH"}],"neow_cost":"","seed_source_timestamp":0,"circlet_count":0,"master_deck":["Dark Shackles","Deflect","Slice+1","Trip+1","Gash","Go for the Eyes","FTL+1","Finisher+1","Gash+1","Backstab","Panacea+1","PanicButton","Terror+1","Quick Slash+1","Sadistic Nature+1","Master of Strategy","Gash","Footwork","Finesse","Sadistic Nature+1","Masterful Stab+1","Go for the Eyes","Masterful Stab+1","Panacea","Prepared+1","Gash+1","All For One","Blind+1","Forethought","Deflect+1","Steam","Swift Strike+1"],"relics":["Unceasing Top","Anchor","Boot","Nunchaku","Tiny House","Bronze Scales","Blood Vial","PreservedInsect","Smiling Mask","Busted Crown","Medical Kit","Bottled Flame","Orichalcum","Juzu Bracelet"],"potions_floor_usage":[10,28,48,50,50],"damage_taken":[{"damage":0,"enemies":"Small Slimes","floor":1,"turns":1},{"damage":0,"enemies":"2 Louse","floor":3,"turns":1},{"damage":0,"enemies":"Cultist","floor":5,"turns":1},{"damage":0,"enemies":"3 Sentries","floor":7,"turns":2},{"damage":0,"enemies":"Gremlin Nob","floor":10,"turns":1},{"damage":0,"enemies":"2 Fungi Beasts","floor":12,"turns":1},{"damage":0,"enemies":"Looter","floor":13,"turns":1},{"damage":0,"enemies":"Hexaghost","floor":16,"turns":2},{"damage":0,"enemies":"Chosen","floor":18,"turns":1},{"damage":0,"enemies":"Shell Parasite","floor":21,"turns":2},{"damage":0,"enemies":"Snake Plant","floor":22,"turns":2},{"damage":0,"enemies":"Gremlin Leader","floor":24,"turns":2},{"damage":0,"enemies":"Book of Stabbing","floor":27,"turns":2},{"damage":0,"enemies":"Shelled Parasite and Fungi","floor":28,"turns":2},{"damage":0,"enemies":"Snecko","floor":29,"turns":2},{"damage":0,"enemies":"Slavers","floor":31,"turns":1},{"damage":0,"enemies":"Champ","floor":33,"turns":2},{"damage":0,"enemies":"3 Darklings","floor":35,"turns":1},{"damage":0,"enemies":"Orb Walker","floor":38,"turns":1},{"damage":0,"enemies":"Transient","floor":41,"turns":5},{"damage":0,"enemies":"Sphere and 2 Shapes","floor":42,"turns":1},{"damage":0,"enemies":"3 Darklings","floor":44,"turns":1},{"damage":0,"enemies":"2 Orb Walkers","floor":46,"turns":1},{"damage":0,"enemies":"Nemesis","floor":48,"turns":2},{"damage":0,"enemies":"Donu and Deca","floor":50,"turns":1}],"seed_played":"-3594915217796278385","potions_obtained":[{"floor":5,"key":"AttackPotion"},{"floor":12,"key":"SpeedPotion"},{"floor":16,"key":"Fruit Juice"},{"floor":17,"key":"Explosive Potion"},{"floor":21,"key":"PowerPotion"},{"floor":28,"key":"Fire Potion"},{"floor":42,"key":"SteroidPotion"},{"floor":46,"key":"Fruit Juice"}],"is_trial":true,"path_per_floor":["M","?","M","$","M","R","E","R","T","?","R","M","M","?","R","B",null,"M","$","?","M","M","R","E","R","T","E","M","M","?","E","R","B",null,"M","$","?","M","?","R","M","M","T","M","$","E","R","E","R","B"],"character_chosen":"DEFECT","items_purchased":["Backstab","Finesse","Sadistic Nature","Medical Kit","Blind","Steam","Swift Strike"],"campfire_rested":0,"item_purchase_floors":[4,19,19,36,36,45,45],"current_hp_per_floor":[68,73,73,73,73,73,73,73,73,73,73,73,73,57,57,57,79,79,79,79,79,79,79,79,79,79,81,88,90,90,90,90,90,90,90,90,90,90,90,90,90,90,90,90,90,90,90,95,95,95],"gold":148,"neow_bonus":"","is_prod":false,"is_daily":false,"chose_seed":false,"campfire_upgraded":10,"win_rate":0,"timestamp":1538482342,"path_taken":["M","?","M","$","M","R","E","R","T","?","R","M","M","?","R","BOSS","M","?","?","M","M","R","E","R","T","E","?","M","?","E","R","BOSS","M","$","?","M","?","R","?","M","T","?","$","E","R","E","R","BOSS"],"build_version":"2018-09-27","purchased_purges":1,"victory":true,"max_hp_per_floor":[75,80,80,80,80,80,80,80,80,80,80,80,80,80,80,80,85,85,85,85,85,85,85,85,85,85,85,90,90,90,90,90,90,90,90,90,90,90,90,90,90,90,90,90,90,90,90,95,95,95],"card_choices":[{"not_picked":["Rebound","Jack Of All Trades"],"picked":"Finisher","floor":1},{"not_picked":["Outmaneuver","Skim"],"picked":"Gash","floor":3},{"not_picked":["Prepared","Blade Dance"],"picked":"Panacea","floor":5},{"not_picked":["Darkness","Go for the Eyes"],"picked":"PanicButton","floor":7},{"not_picked":["Melter","Stack"],"picked":"Terror","floor":10},{"not_picked":["Glacier","Backflip"],"picked":"Quick Slash","floor":12},{"not_picked":["Deflect","Steam"],"picked":"Sadistic Nature","floor":13},{"not_picked":["Burst","Magnetism"],"picked":"Master of Strategy","floor":16},{"not_picked":["Coolheaded","Streamline"],"picked":"Gash","floor":17},{"not_picked":["Conserve Battery","Cloak And Dagger"],"picked":"Footwork","floor":18},{"not_picked":["Barrage+1","Deflect"],"picked":"Masterful Stab+1","floor":21},{"not_picked":["Swift Strike","Redo"],"picked":"Go for the Eyes","floor":22},{"not_picked":["Reflex+1","Double Energy"],"picked":"Masterful Stab","floor":24},{"not_picked":["Self Repair","Streamline+1"],"picked":"Panacea","floor":27},{"not_picked":["Cold Snap","Bane"],"picked":"Prepared+1","floor":28},{"not_picked":["Accuracy","Blade Dance"],"picked":"Gash+1","floor":29},{"not_picked":["PiercingWail","Dodge and Roll","Deadly Poison"],"picked":"SKIP","floor":31},{"not_picked":["Secret Weapon","Thinking Ahead"],"picked":"All For One","floor":33},{"not_picked":["Coolheaded"],"picked":"SKIP","floor":35},{"not_picked":[],"picked":"Forethought","floor":38},{"not_picked":[],"picked":"Deflect+1","floor":41},{"not_picked":["Turbo+1"],"picked":"SKIP","floor":42},{"not_picked":["Flying Knee+1"],"picked":"SKIP","floor":44},{"not_picked":["Dagger Throw+1"],"picked":"SKIP","floor":46},{"not_picked":["Sucker Punch"],"picked":"SKIP","floor":48}],"player_experience":778708,"relics_obtained":[{"floor":7,"key":"Anchor"},{"floor":9,"key":"Boot"},{"floor":10,"key":"Nunchaku"},{"floor":24,"key":"Bronze Scales"},{"floor":26,"key":"Blood Vial"},{"floor":27,"key":"PreservedInsect"},{"floor":31,"key":"Smiling Mask"},{"floor":43,"key":"Bottled Flame"},{"floor":46,"key":"Orichalcum"},{"floor":48,"key":"Juzu Bracelet"}],"event_choices":[{"event_name":"Big Fish","player_choice":"Donut","floor":2,"damage_taken":0},{"event_name":"Dead Adventurer","player_choice":"Searched \u00272\u0027 times","floor":10,"damage_taken":0},{"event_name":"Shining Light","player_choice":"Entered Light","floor":14,"damage_taken":0},{"event_name":"The Joust","player_choice":"Bet on Murderer","floor":20,"damage_taken":0},{"event_name":"Bonfire Elementals","player_choice":"COMMON","floor":30,"damage_taken":0},{"event_name":"SensoryStone","player_choice":"Memory 1","floor":37,"damage_taken":0},{"event_name":"Falling","player_choice":"Removed Skill","floor":39,"damage_taken":0}],"is_beta":false,"boss_relics":[{"not_picked":["Empty Cage","Ectoplasm"],"picked":"Tiny House"},{"not_picked":["Coffee Dripper","Runic Pyramid"],"picked":"Busted Crown"}],"items_purged_floors":[36],"is_endless":false,"potions_floor_spawned":[5,12,16,18,21,28,31,42,46],"ascension_level":9}