{"gold_per_floor":[109,109,127,147,25,25,58,72,97,97,109,109,29,45,45,45],"floor_reached":16,"playtime":326,"items_purged":[],"score":179,"play_id":"ab59d69a-b65b-4214-b07d-f39d52451d16","local_time":"20180711231250","is_ascension_mode":true,"campfire_choices":[{"data":"Rampage","floor":6,"key":"SMITH"},{"floor":12,"key":"REST"},{"floor":15,"key":"REST"}],"neow_cost":"NONE","seed_source_timestamp":225232729323452,"circlet_count":0,"master_deck":["Strike_R","Strike_R","Strike_R","Strike_R","Strike_R","Defend_R+1","Defend_R+1","Defend_R","Bash","AscendersBane","Rampage+1","Clothesline","Flame Barrier","Shrug It Off","Metallicize","Rampage","Inflame","Corruption","Perfected Strike"],"relics":["Lizard Tail","War Paint","Blood Vial"],"potions_floor_usage":[7,7,7,11],"damage_taken":[{"damage":2,"enemies":"2 Louse","floor":1,"turns":3},{"damage":11,"enemies":"Cultist","floor":3,"turns":4},{"damage":7,"enemies":"Jaw Worm","floor":4,"turns":3},{"damage":21,"enemies":"3 Sentries","floor":7,"turns":8},{"damage":11,"enemies":"Looter","floor":8,"turns":4},{"damage":7,"enemies":"Exordium Wildlife","floor":11,"turns":3},{"damage":32,"enemies":"Gremlin Gang","floor":14,"turns":6},{"damage":0,"enemies":"The Guardian","floor":16,"turns":1}],"seed_played":"8026428027204086551","potions_obtained":[{"floor":4,"key":"EntropicBrew"},{"floor":7,"key":"SkillPotion"}],"is_trial":false,"path_per_floor":["M","?","M","M","$","R","E","M","T","?","M","R","$","M","R"],"character_chosen":"IRONCLAD","items_purchased":["Shrug It Off","Metallicize","Corruption"],"campfire_rested":2,"item_purchase_floors":[5,5,13],"current_hp_per_floor":[66,59,48,41,41,41,20,9,9,9,4,26,26,37,59,59],"gold":45,"neow_bonus":"BOSS_RELIC","is_prod":false,"is_daily":false,"chose_seed":false,"campfire_upgraded":1,"win_rate":0,"timestamp":1531375970,"path_taken":["M","?","M","M","$","R","E","M","T","?","M","R","?","?","R","BOSS"],"build_version":"2018-07-10","purchased_purges":0,"victory":false,"max_hp_per_floor":[75,75,75,75,75,75,75,75,75,75,75,75,75,75,75,75],"card_choices":[{"not_picked":["Twin Strike","Headbutt"],"picked":"Rampage","floor":1},{"not_picked":["Reckless Charge","Armaments"],"picked":"Clothesline","floor":3},{"not_picked":["Combust","Warcry"],"picked":"Flame Barrier","floor":4},{"not_picked":["Armaments","Warcry"],"picked":"Rampage","floor":7},{"not_picked":["Feel No Pain","Headbutt"],"picked":"Inflame","floor":11},{"not_picked":["Flex","Shrug It Off"],"picked":"Perfected Strike","floor":14}],"player_experience":604611,"relics_obtained":[{"floor":7,"key":"War Paint"},{"floor":9,"key":"Blood Vial"}],"event_choices":[{"event_name":"Golden Wing","player_choice":"Card Removal","floor":2,"damage_taken":0},{"event_name":"Scrap Ooze","player_choice":"unsuccessful","floor":10,"damage_taken":0}],"boss_relics":[],"items_purged_floors":[],"is_endless":false,"potions_floor_spawned":[4,7],"killed_by":"The Guardian","ascension_level":15}