{"gold_per_floor":[113,113,63,78,45,61,72,72,72,105,123,137,172,185,185,281,281,296,314,327,339,438,363,363,71,98,115,115,143,156,156,156,156],"floor_reached":33,"playtime":2322,"items_purged":[],"score":306,"play_id":"e551032e-971f-4757-ac03-e3e38f162cd2","local_time":"20181224021455","is_ascension_mode":false,"campfire_choices":[{"data":"Doppelganger","floor":8,"key":"SMITH"},{"data":"Prepared","floor":15,"key":"SMITH"},{"data":"Wraith Form v2","floor":24,"key":"SMITH"},{"data":"Blade Dance","floor":28,"key":"SMITH"},{"floor":32,"key":"REST"}],"neow_cost":"NONE","seed_source_timestamp":120146802110102,"circlet_count":0,"master_deck":["Defend_G","Defend_G","Defend_G","Defend_G","Defend_G","Strike_G","Strike_G+1","Strike_G+1","Survivor","Neutralize+1","Dodge and Roll","Dash","Bouncing Flask","Infinite Blades","Doppelganger+1","Noxious Fumes","Infinite Blades","Prepared+1","Poisoned Stab","Poisoned Stab","Wraith Form v2+1","Slice","Blade Dance+1","Endless Agony","Finisher","Madness","Backstab","Deflect+1","Necronomicurse"],"relics":["Ring of the Snake","Mercury Hourglass","Girya","Shuriken","WristBlade","Medical Kit","Bag of Marbles","Blue Candle","Necronomicon"],"potions_floor_usage":[18,18,19,27,30,33],"damage_taken":[{"damage":0,"enemies":"2 Louse","floor":1,"turns":2},{"damage":0,"enemies":"Jaw Worm","floor":4,"turns":5},{"damage":0,"enemies":"Cultist","floor":6,"turns":3},{"damage":1,"enemies":"3 Louse","floor":7,"turns":4},{"damage":10,"enemies":"3 Sentries","floor":10,"turns":7},{"damage":0,"enemies":"Exordium Wildlife","floor":11,"turns":3},{"damage":0,"enemies":"Blue Slaver","floor":12,"turns":4},{"damage":0,"enemies":"Lagavulin","floor":13,"turns":5},{"damage":0,"enemies":"Looter","floor":14,"turns":3},{"damage":7,"enemies":"Slime Boss","floor":16,"turns":7},{"damage":8,"enemies":"Shell Parasite","floor":18,"turns":6},{"damage":0,"enemies":"Spheric Guardian","floor":19,"turns":4},{"damage":15,"enemies":"Snecko","floor":20,"turns":3},{"damage":1,"enemies":"Cultist and Chosen","floor":21,"turns":5},{"damage":19,"enemies":"Centurion and Healer","floor":27,"turns":5},{"damage":23,"enemies":"Book of Stabbing","floor":29,"turns":7},{"damage":0,"enemies":"Snecko","floor":30,"turns":2},{"damage":46,"enemies":"Collector","floor":33,"turns":5}],"seed_played":"-7014622890194699905","potions_obtained":[{"floor":4,"key":"Block Potion"},{"floor":6,"key":"Explosive Potion"},{"floor":7,"key":"AttackPotion"},{"floor":10,"key":"SkillPotion"},{"floor":13,"key":"FearPotion"},{"floor":18,"key":"Energy Potion"},{"floor":20,"key":"Strength Potion"},{"floor":21,"key":"Regen Potion"}],"is_trial":false,"path_per_floor":["M","?","?","M","$","M","M","R","T","E","M","M","E","M","R","B",null,"M","M","M","M","?","?","R","$","T","M","R","E","M","?","R","B"],"character_chosen":"THE_SILENT","items_purchased":["Bouncing Flask","Madness","Medical Kit"],"campfire_rested":1,"item_purchase_floors":[5,25,25],"current_hp_per_floor":[70,56,56,56,56,56,55,55,55,45,45,45,45,45,45,38,70,62,62,47,46,46,46,46,46,46,41,41,18,18,2,23,0],"gold":156,"neow_bonus":"UPGRADE_CARD","is_prod":false,"is_daily":false,"chose_seed":false,"campfire_upgraded":4,"win_rate":0,"timestamp":1545614095,"path_taken":["M","?","?","M","?","M","M","R","T","E","M","M","E","?","R","BOSS","M","M","M","M","?","?","R","?","T","?","R","E","M","?","R","BOSS"],"build_version":"2018-12-20","purchased_purges":0,"victory":false,"max_hp_per_floor":[70,70,70,70,70,70,70,70,70,70,70,70,70,70,70,70,70,70,70,70,70,70,70,70,70,70,70,70,70,70,70,70,70],"card_choices":[{"not_picked":["Tactician","Distraction"],"picked":"Dodge and Roll","floor":1},{"not_picked":["Deflect","Dagger Spray"],"picked":"Dash","floor":4},{"not_picked":["Flying Knee","Blade Dance"],"picked":"Infinite Blades","floor":6},{"not_picked":["Deflect","Prepared"],"picked":"Doppelganger","floor":7},{"not_picked":["Quick Slash","Dodge and Roll"],"picked":"Noxious Fumes","floor":10},{"not_picked":["Backflip","Acrobatics"],"picked":"Infinite Blades","floor":11},{"not_picked":["PiercingWail","Blade Dance"],"picked":"Prepared","floor":12},{"not_picked":["PiercingWail","Doppelganger"],"picked":"Poisoned Stab","floor":13},{"not_picked":["Reflex","Backflip"],"picked":"Poisoned Stab","floor":14},{"not_picked":["Corpse Explosion","Burst"],"picked":"Wraith Form v2","floor":16},{"not_picked":["Flying Knee","Quick Slash"],"picked":"Slice","floor":18},{"not_picked":["Sucker Punch+1","Dagger Spray"],"picked":"Blade Dance","floor":19},{"not_picked":["Noxious Fumes","Backstab"],"picked":"Endless Agony","floor":20},{"not_picked":["Flying Knee","All Out Attack+1"],"picked":"Finisher","floor":21},{"not_picked":["Acrobatics","Quick Slash","Backflip"],"picked":"SKIP","floor":27},{"not_picked":["Deflect","All Out Attack"],"picked":"Backstab","floor":29},{"not_picked":["Blade Dance","Poisoned Stab"],"picked":"Deflect+1","floor":30}],"player_experience":89053,"relics_obtained":[{"floor":9,"key":"Mercury Hourglass"},{"floor":10,"key":"Girya"},{"floor":13,"key":"Shuriken"},{"floor":26,"key":"Bag of Marbles"},{"floor":29,"key":"Blue Candle"},{"floor":31,"key":"Necronomicon"}],"event_choices":[{"damage_healed":0,"gold_gain":0,"player_choice":"Entered Light","damage_taken":14,"max_hp_gain":0,"max_hp_loss":0,"event_name":"Shining Light","floor":2,"gold_loss":0,"cards_upgraded":["Strike_G","Strike_G"]},{"cards_removed":["Strike_G"],"damage_healed":0,"gold_gain":0,"player_choice":"Card Removal","damage_taken":0,"max_hp_gain":0,"max_hp_loss":0,"event_name":"The Cleric","floor":3,"gold_loss":50},{"damage_healed":0,"gold_gain":99,"player_choice":"Stole From Cult","damage_taken":0,"max_hp_gain":0,"max_hp_loss":0,"event_name":"Nest","floor":22,"gold_loss":0},{"cards_removed":["Strike_G"],"damage_healed":0,"gold_gain":0,"player_choice":"Gave Gold","damage_taken":0,"max_hp_gain":0,"max_hp_loss":0,"event_name":"Beggar","floor":23,"gold_loss":75},{"damage_healed":0,"gold_gain":0,"player_choice":"Obtained Book","damage_taken":16,"max_hp_gain":0,"max_hp_loss":0,"event_name":"Cursed Tome","floor":31,"gold_loss":0}],"is_beta":false,"boss_relics":[{"not_picked":["Ectoplasm","Ring of the Serpent"],"picked":"WristBlade"}],"items_purged_floors":[],"is_endless":false,"potions_floor_spawned":[4,6,7,10,13,18,20,21],"killed_by":"Collector","ascension_level":0}