{"path_per_floor":["M","?","M","?","M","E","M","R","T","R","M","R","$","E","R","B",null,"M","M","M","M","?","R","$","M","T","M","$","M","R","M","R","B",null,"M","$","?"],"character_chosen":"IRONCLAD","items_purchased":["Meat on the Bone","Good Instincts","Spot Weakness"],"gold_per_floor":[110,110,128,128,141,175,189,189,242,242,261,261,17,50,50,145,145,159,173,189,201,201,201,126,143,143,162,61,71,71,90,90,190,190,205,70,70],"floor_reached":38,"campfire_rested":4,"playtime":1793,"current_hp_per_floor":[80,64,70,63,69,66,62,62,62,62,61,87,87,71,71,54,87,72,76,78,55,55,87,87,73,73,64,64,52,90,75,90,63,90,72,72,72],"items_purged":["Strike_R","Strike_R"],"gold":70,"score":466,"play_id":"e04c006a-3c9c-42c2-ac8a-3bb29d3d1ec6","local_time":"20180313084938","is_prod":false,"is_daily":false,"is_ascension_mode":true,"campfire_upgraded":3,"timestamp":1520927378,"path_taken":["M","?","M","?","?","E","M","R","T","R","M","R","$","E","R","BOSS","M","M","M","M","?","R","$","M","T","M","$","?","R","M","R","BOSS","M","$","?","M"],"build_version":"2018-03-09","purchased_purges":2,"victory":false,"master_deck":["Strike_R","Defend_R+1","Defend_R","Defend_R","Defend_R","Bash","Wild Strike","Armaments+1","Twin Strike","Thunderclap","Shrug It Off+1","Uppercut+1","True Grit+1","Demon Form","Shrug It Off","Twin Strike","Sword Boomerang+1","Body Slam+1","Good Instincts","Shrug It Off+1","Fiend Fire","Spot Weakness"],"max_hp_per_floor":[80,80,80,80,80,87,87,87,87,87,87,87,87,87,87,87,87,87,87,87,87,87,87,87,87,87,90,90,90,90,90,90,90,90,90,90,90],"relics":["Burning Blood","Strawberry","Regal Pillow","Meat on the Bone","Dead Branch","Lizard Tail","Ginger","Gambling Chip","Philosopher\u0027s Stone"],"card_choices":[{"not_picked":["Heavy Blade","Perfected Strike"],"picked":"Armaments"},{"not_picked":["Cleave","Dark Embrace"],"picked":"Twin Strike"},{"not_picked":["Armaments","Fire Breathing"],"picked":"Thunderclap"},{"not_picked":["True Grit","Wild Strike"],"picked":"Shrug It Off"},{"not_picked":["Shockwave","Warcry"],"picked":"Uppercut"},{"not_picked":["Headbutt","Anger"],"picked":"True Grit"},{"not_picked":["Dark Embrace","Double Tap"],"picked":"Demon Form"},{"not_picked":["Whirlwind","Heavy Blade"],"picked":"Shrug It Off"},{"not_picked":["Whirlwind","Pommel Strike"],"picked":"Twin Strike"},{"not_picked":["Blood for Blood","Rampage"],"picked":"Sword Boomerang"},{"not_picked":["Blood for Blood","Havoc"],"picked":"Body Slam"},{"not_picked":["Perfected Strike","Offering"],"picked":"Shrug It Off"},{"not_picked":["Dark Embrace","Barricade"],"picked":"Fiend Fire"}],"player_experience":222331,"potions_floor_usage":[6,18,21,29,33,38],"damage_taken":[{"damage":0,"enemies":"Small Slimes","floor":1,"turns":2},{"damage":0,"enemies":"2 Louse","floor":3,"turns":3},{"damage":0,"enemies":"Jaw Worm","floor":5,"turns":3},{"damage":16,"enemies":"3 Sentries","floor":6,"turns":8},{"damage":10,"enemies":"Gremlin Gang","floor":7,"turns":4},{"damage":7,"enemies":"Exordium Thugs","floor":11,"turns":4},{"damage":22,"enemies":"Lagavulin","floor":14,"turns":6},{"damage":23,"enemies":"The Guardian","floor":16,"turns":14},{"damage":21,"enemies":"Shell Parasite","floor":18,"turns":10},{"damage":2,"enemies":"Chosen","floor":19,"turns":5},{"damage":4,"enemies":"Snecko","floor":20,"turns":4},{"damage":29,"enemies":"Snake Plant","floor":21,"turns":5},{"damage":20,"enemies":"Centurion and Healer","floor":25,"turns":7},{"damage":18,"enemies":"Cultist and Chosen","floor":27,"turns":8},{"damage":18,"enemies":"Chosen and Byrds","floor":29,"turns":5},{"damage":21,"enemies":"Snake Plant","floor":31,"turns":5},{"damage":90,"enemies":"Automaton","floor":33,"turns":10},{"damage":24,"enemies":"Orb Walker","floor":35,"turns":5},{"damage":81,"enemies":"3 Darklings","floor":38,"turns":3}],"event_choices":[{"event_name":"Shining Light","player_choice":"Entered Light","floor":2,"damage_taken":0},{"event_name":"Golden Wing","player_choice":"Card Removal","floor":4,"damage_taken":0},{"event_name":"Wheel of Change","player_choice":"Relic","floor":22,"damage_taken":0},{"event_name":"Mysterious Sphere","player_choice":"Ignore","floor":37,"damage_taken":0}],"boss_relics":[{"not_picked":["Orrery","Question Card"],"picked":"Lizard Tail"},{"not_picked":["Eternal Feather","Calling Bell"],"picked":"Philosopher\u0027s Stone"}],"potions_floor_spawned":[3,7,18,21,27,31,35],"seed_played":"2516941153948216718","killed_by":"3 Darklings","ascension_level":4,"is_trial":false}