{"gold_per_floor":[218,218,218,188,201,235,235,248,248,261,284,297,330,343,343,441,441,455,405,405,420,444,479,479,513,513,403,7,7,45,63,63,158,158,181,200,263,0,0,0,0,0],"floor_reached":42,"playtime":2976,"items_purged":[],"score":885,"play_id":"7f750f1a-24e4-43f6-929b-82a65efc50ae","local_time":"20180909213205","is_ascension_mode":true,"campfire_choices":[{"data":"Poisoned Stab","floor":7.0,"key":"SMITH"},{"data":"Dash","floor":15.0,"key":"SMITH"},{"floor":24.0,"key":"REST"},{"floor":29,"key":"REST"},{"floor":32,"key":"REST"},{"floor":40,"key":"REST"}],"neow_cost":"NONE","seed_source_timestamp":29052459508352,"circlet_count":0,"master_deck":["Defend_G","Defend_G","Defend_G+1","Defend_G","Defend_G","Strike_G","Strike_G","Strike_G","Strike_G","Strike_G","Survivor+1","Neutralize+1","AscendersBane","Dagger Throw","Poisoned Stab+1","Dagger Spray","Leg Sweep+1","Slice","Dash+1","Blade Dance","Backstab","Infinite Blades","Tools of the Trade","Infinite Blades","Cloak And Dagger+1","Venomology","Deadly Poison","Noxious Fumes","Noxious Fumes","Caltrops","Caltrops","Infinite Blades","Infinite Blades","Dash","Terror","Die Die Die","Dodge and Roll+1"],"special_seed":0,"relics":["Ring of the Snake","Golden Idol","Mummified Hand","War Paint","Snake Skull","Fusion Hammer","Smiling Mask","Meat on the Bone","Juzu Bracelet","The Courier","Darkstone Periapt","Cursed Key","Du-Vu Doll","Red Mask"],"potions_floor_usage":[31,31,33,33,37,37,42,42],"damage_taken":[{"damage":6.0,"enemies":"Small Slimes","floor":1.0,"turns":6.0},{"damage":2.0,"enemies":"Jaw Worm","floor":5.0,"turns":4.0},{"damage":7.0,"enemies":"3 Sentries","floor":6.0,"turns":8.0},{"damage":0.0,"enemies":"2 Louse","floor":8.0,"turns":2.0},{"damage":4.0,"enemies":"Red Slaver","floor":10.0,"turns":4.0},{"damage":5.0,"enemies":"Exordium Wildlife","floor":11.0,"turns":7.0},{"damage":1.0,"enemies":"Blue Slaver","floor":12.0,"turns":5.0},{"damage":2.0,"enemies":"Gremlin Nob","floor":13.0,"turns":4.0},{"damage":2.0,"enemies":"Exordium Thugs","floor":14.0,"turns":5.0},{"damage":4.0,"enemies":"The Guardian","floor":16.0,"turns":14.0},{"damage":0.0,"enemies":"2 Thieves","floor":18.0,"turns":5.0},{"damage":0.0,"enemies":"3 Byrds","floor":21.0,"turns":5.0},{"damage":20.0,"enemies":"Gremlin Leader","floor":23.0,"turns":9.0},{"damage":34.0,"enemies":"Book of Stabbing","floor":25.0,"turns":7.0},{"damage":35,"enemies":"Slavers","floor":30,"turns":5},{"damage":6,"enemies":"Snake Plant","floor":31,"turns":5},{"damage":52,"enemies":"Champ","floor":33,"turns":10},{"damage":21,"enemies":"Orb Walker","floor":35,"turns":3},{"damage":12,"enemies":"3 Shapes","floor":36,"turns":5},{"damage":37,"enemies":"Mysterious Sphere","floor":37,"turns":6},{"damage":45,"enemies":"Nemesis","floor":42,"turns":6}],"seed_played":"-8742762890710189303","potions_obtained":[{"floor":4.0,"key":"Block Potion"},{"floor":4.0,"key":"GamblersBrew"},{"floor":5.0,"key":"Explosive Potion"},{"floor":6.0,"key":"GhostInAJar"},{"floor":12.0,"key":"AttackPotion"},{"floor":13.0,"key":"PowerPotion"},{"floor":25.0,"key":"Weak Potion"},{"floor":36,"key":"Strength Potion"},{"floor":37,"key":"Explosive Potion"}],"is_trial":false,"path_per_floor":["M","?","?","?","M","E","R","M","T","M","M","M","E","M","R","B",null,"M","?","?","M","T","E","R","E","T","?","$","R","E","M","R","B",null,"M","M","?","?","?","R","?"],"character_chosen":"THE_SILENT","items_purchased":["Noxious Fumes","Noxious Fumes","Caltrops","Caltrops","Infinite Blades","Infinite Blades","Dash"],"campfire_rested":4,"item_purchase_floors":[28,28,28,28,28,28,28],"current_hp_per_floor":[53,53,53,53,51,44,44,44,44,40,35,34,32,30,30,26,56,56,56,56,56,56,36,55,33,33,33,33,52,29,35,54,14,53,44,44,19,19,19,37,37,0],"gold":0,"neow_bonus":"HUNDRED_GOLD","is_prod":false,"is_daily":false,"chose_seed":false,"campfire_upgraded":2,"win_rate":0,"timestamp":1536521525,"path_taken":["M","?","?","?","M","E","R","M","T","M","M","M","E","M","R","BOSS","M","?","?","M","?","E","R","E","T","?","$","R","E","M","R","BOSS","M","M","?","?","?","R","?","E"],"build_version":"2018-09-06","purchased_purges":0,"victory":false,"max_hp_per_floor":[66,66,66,66,66,66,66,66,66,66,66,66,66,66,66,66,66,66,66,66,66,66,66,66,66,66,66,66,66,66,66,66,66,66,66,66,66,66,63,63,63,63],"card_choices":[{"not_picked":["Slice","Quick Slash"],"picked":"Dagger Throw","floor":1.0},{"not_picked":["Acrobatics","Concentrate"],"picked":"Poisoned Stab","floor":5.0},{"not_picked":["Quick Slash","Dodge and Roll"],"picked":"Dagger Spray","floor":6.0},{"not_picked":["Calculated Gamble","Flying Knee"],"picked":"Leg Sweep","floor":8.0},{"not_picked":["Phantasmal Killer","Acrobatics"],"picked":"Slice","floor":10.0},{"not_picked":["Setup","Poisoned Stab"],"picked":"Dash","floor":11.0},{"not_picked":["Backflip","Expertise"],"picked":"Blade Dance","floor":12.0},{"not_picked":["PiercingWail","Sucker Punch"],"picked":"Backstab","floor":13.0},{"not_picked":["Storm of Steel","PiercingWail"],"picked":"Infinite Blades","floor":14.0},{"not_picked":["Burst","Storm of Steel"],"picked":"Tools of the Trade","floor":16.0},{"not_picked":["Slice+1","Acrobatics"],"picked":"Infinite Blades","floor":18.0},{"not_picked":["Blade Dance","Backflip"],"picked":"Cloak And Dagger+1","floor":21.0},{"not_picked":["Heel Hook","PiercingWail"],"picked":"Venomology","floor":23.0},{"not_picked":["Eviscerate","Grand Finale"],"picked":"Deadly Poison","floor":25.0},{"not_picked":["Flying Knee","Outmaneuver"],"picked":"Terror","floor":30},{"not_picked":["Flechettes","Backflip","Heel Hook"],"picked":"SKIP","floor":31},{"not_picked":["Storm of Steel","Unload"],"picked":"Die Die Die","floor":33},{"not_picked":["Deflect","Underhanded Strike","Slice"],"picked":"SKIP","floor":35},{"not_picked":["Dagger Spray","Slice+1","Tactician+1"],"picked":"SKIP","floor":36},{"not_picked":["Escape Plan","Deflect"],"picked":"Dodge and Roll+1","floor":37}],"player_experience":933784,"relics_obtained":[{"floor":6.0,"key":"Mummified Hand"},{"floor":9.0,"key":"War Paint"},{"floor":13.0,"key":"Snake Skull"},{"floor":22.0,"key":"Smiling Mask"},{"floor":23.0,"key":"Meat on the Bone"},{"floor":25.0,"key":"Juzu Bracelet"},{"floor":26.0,"key":"The Courier"},{"floor":30,"key":"Darkstone Periapt"},{"floor":37,"key":"Du-Vu Doll"}],"event_choices":[{"event_name":"Golden Idol","player_choice":"Take Wound","floor":2.0,"damage_taken":0.0},{"event_name":"Upgrade Shrine","player_choice":"Upgraded","floor":3.0,"damage_taken":0.0},{"event_name":"The Woman in Blue","player_choice":"Bought 2 Potions","floor":4.0,"damage_taken":0.0},{"event_name":"The Joust","player_choice":"Bet on Murderer","floor":19.0,"damage_taken":0.0},{"event_name":"Vampires","player_choice":"Ignored","floor":20.0,"damage_taken":0.0},{"event_name":"Designer","player_choice":"Full Service","floor":27.0,"damage_taken":0.0},{"event_name":"Mysterious Sphere","player_choice":"Fight","floor":37,"damage_taken":0},{"event_name":"Tomb of Lord Red Mask","player_choice":"Paid","floor":38,"damage_taken":0},{"event_name":"Winding Halls","player_choice":"Max HP","floor":39,"damage_taken":0},{"event_name":"The Lab","player_choice":"Got Potions","floor":41,"damage_taken":0}],"is_beta":false,"boss_relics":[{"not_picked":["Empty Cage","HoveringKite"],"picked":"Fusion Hammer"},{"not_picked":["Velvet Choker","Runic Pyramid"],"picked":"Cursed Key"}],"items_purged_floors":[],"is_endless":false,"potions_floor_spawned":[5,6,12,13,18,21,25,30,36,37],"killed_by":"Nemesis","ascension_level":16}