{"gold_per_floor":[109,109,120,134,26,26,55,69,116,131,131,131,146,163,163,163],"floor_reached":16,"playtime":534,"items_purged":[],"score":203,"play_id":"c9ee6cc6-e894-4ed8-80ef-2219fa48d51f","local_time":"20190201123507","is_ascension_mode":true,"campfire_choices":[{"data":"Bash","floor":6.0,"key":"SMITH"},{"floor":11.0,"key":"REST"},{"floor":15,"key":"REST"}],"neow_cost":"NONE","seed_source_timestamp":0,"circlet_count":0,"master_deck":["AscendersBane","Strike_R","Strike_R","Strike_R","Strike_R","Defend_R+1","Defend_R+1","Defend_R","Defend_R","Bash+1","Rupture","Reckless Charge","Thunderclap","Iron Wave","Twin Strike","Feel No Pain","Bludgeon","Evolve","Shrug It Off","Clothesline"],"special_seed":0,"relics":["Burning Blood","Question Card","War Paint"],"potions_floor_usage":[16,16],"damage_taken":[{"damage":7.0,"enemies":"Cultist","floor":1.0,"turns":4.0},{"damage":10.0,"enemies":"2 Louse","floor":3.0,"turns":4.0},{"damage":15.0,"enemies":"Small Slimes","floor":4.0,"turns":4.0},{"damage":32.0,"enemies":"Gremlin Nob","floor":7.0,"turns":4.0},{"damage":19.0,"enemies":"3 Louse","floor":8.0,"turns":4.0},{"damage":6.0,"enemies":"Exordium Wildlife","floor":10.0,"turns":2.0},{"damage":17.0,"enemies":"Looter","floor":13.0,"turns":3.0},{"damage":30,"enemies":"Exordium Thugs","floor":14,"turns":5},{"damage":35,"enemies":"Slime Boss","floor":16,"turns":7}],"seed_played":"-8954203483009537183","potions_obtained":[{"floor":1.0,"key":"LiquidBronze"},{"floor":3.0,"key":"PowerPotion"},{"floor":13.0,"key":"FearPotion"}],"is_trial":false,"path_per_floor":["M","?","M","M","$","R","E","M","T","M","R","?","M","M","R","B"],"character_chosen":"IRONCLAD","items_purchased":["Iron Wave","Twin Strike"],"campfire_rested":2,"item_purchase_floors":[5,5],"current_hp_per_floor":[74,74,70,61,61,61,35,22,22,22,46,46,35,11,35,0],"gold":163,"neow_bonus":"TEN_PERCENT_HP_BONUS","is_prod":false,"is_daily":false,"chose_seed":false,"campfire_upgraded":1,"win_rate":0,"timestamp":1549042507,"path_taken":["M","?","M","M","$","R","E","M","T","M","R","?","M","M","R","BOSS"],"build_version":"2019-01-23","purchased_purges":0,"victory":false,"max_hp_per_floor":[82,82,82,82,82,82,82,82,82,82,82,82,82,82,82,82],"card_choices":[{"not_picked":["Second Wind","Intimidate"],"picked":"Rupture","floor":1.0},{"not_picked":["Perfected Strike","True Grit"],"picked":"Reckless Charge","floor":3.0},{"not_picked":["Evolve","Burning Pact"],"picked":"Thunderclap","floor":4.0},{"not_picked":["Thunderclap","Reckless Charge"],"picked":"Feel No Pain","floor":7.0},{"not_picked":["Iron Wave","Twin Strike","Entrench"],"picked":"Bludgeon","floor":8.0},{"not_picked":["Sword Boomerang","Heavy Blade","True Grit"],"picked":"Evolve","floor":10.0},{"not_picked":["Sword Boomerang","Flex","Clothesline"],"picked":"Shrug It Off","floor":13.0},{"not_picked":["Iron Wave","Reckless Charge","Cleave"],"picked":"Clothesline","floor":14}],"player_experience":1154102,"relics_obtained":[{"floor":7.0,"key":"Question Card"},{"floor":9.0,"key":"War Paint"}],"event_choices":[{"damage_healed":0.0,"max_hp_gain":0.0,"max_hp_loss":0.0,"gold_gain":0.0,"event_name":"The Cleric","player_choice":"Leave","floor":2.0,"gold_loss":0.0,"damage_taken":0.0},{"cards_removed":["Strike_R"],"damage_healed":0.0,"max_hp_gain":0.0,"max_hp_loss":0.0,"gold_gain":0.0,"event_name":"Purifier","player_choice":"Purged","floor":12.0,"gold_loss":0.0,"damage_taken":0.0}],"is_beta":false,"boss_relics":[],"items_purged_floors":[],"is_endless":false,"potions_floor_spawned":[1,3,4,13],"killed_by":"Slime Boss","ascension_level":19}