{"gold_per_floor":[115,127,47,61,79,79,94,123,170,170,60,141,141,151,151,250,250,269,269,14,26,38,38,48,48,74,74,36,55,7,22,22,120,120,139,239,239,258,272,298,298,318,318,331,344,356,374,374,374,374],"floor_reached":50,"playtime":3476,"items_purged":["Strike_G"],"score":495,"play_id":"ad065794-f663-430a-947c-6708ac3ec8c5","local_time":"20181208014558","is_ascension_mode":false,"campfire_choices":[{"data":"Blade Dance","floor":6,"key":"SMITH"},{"data":"Infinite Blades","floor":13,"key":"SMITH"},{"data":"Neutralize","floor":15,"key":"SMITH"},{"data":"Crippling Poison","floor":23,"key":"SMITH"},{"floor":25,"key":"REST"},{"data":"Quick Slash","floor":27,"key":"SMITH"},{"floor":32,"key":"REST"},{"floor":41,"key":"REST"},{"data":"Poisoned Stab","floor":49,"key":"SMITH"}],"neow_cost":"NONE","seed_source_timestamp":21671525438212,"circlet_count":0,"master_deck":["Defend_G","Defend_G","Defend_G","Defend_G","Defend_G","Strike_G","Strike_G","Strike_G","Strike_G","Survivor","Neutralize+1","Deadly Poison","Deadly Poison","Crippling Poison+1","Dash+1","Blade Dance+1","Quick Slash+1","Poisoned Stab+1","Infinite Blades+1","Setup+1","Burst+1","Cloak And Dagger+1","Poisoned Stab+1","Terror+1","Blade Dance+1","Injury","Leg Sweep+1","Cloak And Dagger+1","Cloak And Dagger+1","Deflect+1","Corpse Explosion+1","Caltrops+1","Bouncing Flask+1","Choke+1","Poisoned Stab+1","Accuracy+1","Parasite","Parasite","Dagger Throw+1","Outmaneuver+1","Flechettes+1"],"relics":["Ring of the Snake","NeowsBlessing","Odd Mushroom","Potion Belt","Toxic Egg 2","Cursed Key","Molten Egg 2","PreservedInsect","White Beast Statue","Du-Vu Doll","Ornamental Fan","Torii"],"potions_floor_usage":[8,8,14,18,21,33,33,40,40,44,45,47,50,50],"damage_taken":[{"damage":0,"enemies":"Cultist","floor":1,"turns":1},{"damage":0,"enemies":"Small Slimes","floor":2,"turns":1},{"damage":0,"enemies":"Jaw Worm","floor":4,"turns":1},{"damage":0,"enemies":"Looter","floor":5,"turns":3},{"damage":2,"enemies":"3 Louse","floor":7,"turns":2},{"damage":5,"enemies":"The Mushroom Lair","floor":8,"turns":4},{"damage":9,"enemies":"Gremlin Gang","floor":14,"turns":3},{"damage":41,"enemies":"Hexaghost","floor":16,"turns":10},{"damage":4,"enemies":"Shell Parasite","floor":18,"turns":7},{"damage":4,"enemies":"3 Byrds","floor":21,"turns":4},{"damage":10,"enemies":"Snecko","floor":22,"turns":4},{"damage":21,"enemies":"Snake Plant","floor":24,"turns":4},{"damage":23,"enemies":"Shelled Parasite and Fungi","floor":29,"turns":5},{"damage":15,"enemies":"Cultist and Chosen","floor":31,"turns":7},{"damage":29,"enemies":"Collector","floor":33,"turns":6},{"damage":16,"enemies":"3 Darklings","floor":35,"turns":6},{"damage":0,"enemies":"Mind Bloom Boss Battle","floor":36,"turns":6},{"damage":0,"enemies":"Orb Walker","floor":38,"turns":3},{"damage":0,"enemies":"3 Darklings","floor":39,"turns":2},{"damage":54,"enemies":"Reptomancer","floor":40,"turns":4},{"damage":18,"enemies":"Writhing Mass","floor":42,"turns":5},{"damage":0,"enemies":"Maw","floor":44,"turns":5},{"damage":1,"enemies":"Transient","floor":45,"turns":5},{"damage":4,"enemies":"Sphere and 2 Shapes","floor":46,"turns":5},{"damage":1,"enemies":"Maw","floor":47,"turns":6},{"damage":113,"enemies":"Donu and Deca","floor":50,"turns":8}],"seed_played":"6862400941375118597","potions_obtained":[{"floor":2,"key":"GhostInAJar"},{"floor":4,"key":"PowerPotion"},{"floor":5,"key":"SteroidPotion"},{"floor":16,"key":"EssenceOfSteel"},{"floor":18,"key":"Energy Potion"},{"floor":21,"key":"Strength Potion"},{"floor":31,"key":"Poison Potion"},{"floor":35,"key":"SpeedPotion"},{"floor":36,"key":"Regen Potion"},{"floor":38,"key":"FairyPotion"},{"floor":39,"key":"SteroidPotion"},{"floor":40,"key":"GhostInAJar"},{"floor":42,"key":"FearPotion"},{"floor":44,"key":"Block Potion"},{"floor":45,"key":"FairyPotion"},{"floor":46,"key":"Block Potion"},{"floor":47,"key":"SpeedPotion"}],"is_trial":false,"path_per_floor":["M","M","$","M","M","R","M","?","T","?","$","T","R","M","R","B",null,"M","?","$","M","M","R","M","R","T","R","$","M","$","M","R","B",null,"M","?","?","M","M","E","R","M","T","M","M","M","M","?","R","B"],"character_chosen":"THE_SILENT","items_purchased":["Crippling Poison","Infinite Blades","Molten Egg 2","Leg Sweep+1","Cloak And Dagger+1"],"campfire_rested":3,"item_purchase_floors":[3,11,20,28,30],"current_hp_per_floor":[70,70,70,70,70,70,68,63,63,68,68,68,68,59,59,18,75,71,71,71,67,57,57,36,58,58,58,58,35,35,20,42,13,75,59,59,59,59,59,17,39,21,21,21,20,16,15,66,66,0],"gold":374,"neow_bonus":"THREE_ENEMY_KILL","is_prod":false,"is_daily":false,"chose_seed":false,"campfire_upgraded":6,"win_rate":0.0,"timestamp":1544186758,"path_taken":["M","M","?","M","M","R","M","?","T","?","?","?","R","M","R","BOSS","M","?","$","M","M","R","M","R","T","R","$","M","$","?","R","BOSS","M","?","?","M","M","E","R","M","T","M","M","M","?","?","R","BOSS"],"build_version":"2018-12-06","purchased_purges":1,"victory":false,"max_hp_per_floor":[70,70,70,70,70,70,70,70,70,75,75,75,75,75,75,75,75,75,75,75,75,75,75,75,75,75,75,75,75,75,75,75,75,75,75,75,75,75,75,75,75,75,75,75,75,75,75,66,66,66],"card_choices":[{"not_picked":["Prepared","Concentrate"],"picked":"Deadly Poison","floor":1},{"not_picked":["Dodge and Roll","Bane"],"picked":"Deadly Poison","floor":2},{"not_picked":["Prepared","Endless Agony"],"picked":"Dash","floor":4},{"not_picked":["Tactician","Slice"],"picked":"Blade Dance","floor":5},{"not_picked":["Expertise","Skewer"],"picked":"Quick Slash","floor":7},{"not_picked":["Backstab","Concentrate"],"picked":"Poisoned Stab","floor":8},{"not_picked":["Doppelganger+1","Outmaneuver+1"],"picked":"Setup+1","floor":14},{"not_picked":["Phantasmal Killer+1","Wraith Form v2"],"picked":"Burst+1","floor":16},{"not_picked":["Tactician+1","Acrobatics+1"],"picked":"Cloak And Dagger+1","floor":18},{"not_picked":["PiercingWail+1","Deadly Poison+1"],"picked":"Poisoned Stab+1","floor":21},{"not_picked":["Bullet Time+1","Flechettes+1"],"picked":"Terror+1","floor":22},{"not_picked":["Dagger Spray+1","Escape Plan+1"],"picked":"Blade Dance+1","floor":24},{"not_picked":["Masterful Stab+1","Underhanded Strike+1"],"picked":"Cloak And Dagger+1","floor":29},{"not_picked":["Slice+1","Quick Slash+1"],"picked":"Deflect+1","floor":31},{"not_picked":["Night Terror+1","Storm of Steel+1"],"picked":"Corpse Explosion+1","floor":33},{"not_picked":["Deadly Poison+1","Masterful Stab+1"],"picked":"Caltrops+1","floor":35},{"not_picked":["Bane+1","Blade Dance+1"],"picked":"Bouncing Flask+1","floor":36},{"not_picked":["Dagger Spray+1","Dodge and Roll+1"],"picked":"Choke+1","floor":38},{"not_picked":["Footwork+1","PiercingWail+1"],"picked":"Poisoned Stab+1","floor":39},{"not_picked":["Bane+1","Underhanded Strike+1"],"picked":"Accuracy+1","floor":40},{"not_picked":["Riddle With Holes+1","Flying Knee+1","Deflect+1"],"picked":"SKIP","floor":42},{"not_picked":["Riddle With Holes+1","Slice+1"],"picked":"Dagger Throw+1","floor":44},{"not_picked":["Flying Knee+1","Quick Slash+1"],"picked":"Outmaneuver+1","floor":45},{"not_picked":["Flying Knee+1","A Thousand Cuts","Slice+1"],"picked":"SKIP","floor":46},{"not_picked":["Acrobatics+1","Sucker Punch+1"],"picked":"Flechettes+1","floor":47}],"player_experience":432835,"relics_obtained":[{"floor":8,"key":"Odd Mushroom"},{"floor":9,"key":"Potion Belt"},{"floor":12,"key":"Toxic Egg 2"},{"floor":26,"key":"PreservedInsect"},{"floor":36,"key":"Du-Vu Doll"},{"floor":40,"key":"Ornamental Fan"},{"floor":43,"key":"Torii"}],"event_choices":[{"damage_healed":0,"gold_gain":0,"player_choice":"Fought Mushrooms","damage_taken":0,"max_hp_gain":0,"max_hp_loss":0,"event_name":"Mushrooms","floor":8,"gold_loss":0},{"damage_healed":0,"gold_gain":0,"player_choice":"Donut","damage_taken":0,"max_hp_gain":5,"max_hp_loss":0,"event_name":"Big Fish","floor":10,"gold_loss":0},{"damage_healed":0,"gold_gain":0,"player_choice":"Upgraded","damage_taken":0,"max_hp_gain":0,"max_hp_loss":0,"event_name":"Upgrade Shrine","floor":19,"gold_loss":0,"cards_upgraded":["Dash"]},{"damage_healed":0,"gold_gain":0,"player_choice":"Fight","damage_taken":0,"max_hp_gain":0,"max_hp_loss":0,"event_name":"MindBloom","floor":36,"gold_loss":0},{"damage_healed":0,"gold_gain":0,"player_choice":"Ignored","damage_taken":0,"max_hp_gain":0,"max_hp_loss":0,"event_name":"Tomb of Lord Red Mask","floor":37,"gold_loss":0},{"damage_healed":66,"gold_gain":0,"player_choice":"Heal","damage_taken":0,"max_hp_gain":0,"max_hp_loss":9,"event_name":"The Moai Head","floor":48,"gold_loss":0}],"is_beta":false,"boss_relics":[{"not_picked":["Coffee Dripper","Velvet Choker"],"picked":"Cursed Key"},{"not_picked":["Calling Bell","Sozu"],"picked":"White Beast Statue"}],"items_purged_floors":[11],"is_endless":false,"potions_floor_spawned":[2,4,5,16,18,21,31,35,36,38,39,40,42,44,45,46,47],"killed_by":"Donu and Deca","ascension_level":0}