{"gold_per_floor":[111,111,111,111,111,121,121,153,153,31,31,43,43,54,54,155,155,170,19,19,19,36,65,65,79,103,114,126,126,141,16,16,16],"floor_reached":33,"playtime":2210,"items_purged":["Regret","Strike_G","Strike_G"],"score":290,"play_id":"e7322e87-e81c-42ff-b649-39b99948b13b","local_time":"20181016154646","is_ascension_mode":false,"campfire_choices":[{"data":"Night Terror","floor":7,"key":"SMITH"},{"data":"Noxious Fumes","floor":15,"key":"SMITH"},{"floor":24,"key":"REST"},{"floor":29,"key":"REST"},{"floor":32,"key":"REST"}],"neow_cost":"NONE","seed_source_timestamp":423937727628102,"circlet_count":0,"master_deck":["Defend_G+1","Defend_G","Defend_G","Defend_G+1","Strike_G","Strike_G","Survivor","Neutralize+1","Slice","Well Laid Plans","Noxious Fumes+1","Night Terror+1","Skewer","Cloak And Dagger+1","Distraction+1","PiercingWail+1","Glass Knife","Blade Dance+1","Neutralize","Bouncing Flask+1","Outmaneuver+1","Noxious Fumes+1","Flechettes+1","Deadly Poison+1","Catalyst+1"],"relics":["Ring of the Snake","NeowsBlessing","Dodecahedron","Question Card","Toxic Egg 2","Kunai","Darkstone Periapt","White Beast Statue","Omamori","War Paint"],"potions_floor_usage":[16,16,18,23,25,27,27,27,28,33,33],"damage_taken":[{"damage":0,"enemies":"2 Louse","floor":1,"turns":1},{"damage":0,"enemies":"Jaw Worm","floor":6,"turns":1},{"damage":0,"enemies":"Lagavulin","floor":8,"turns":1},{"damage":4,"enemies":"Cultist","floor":12,"turns":3},{"damage":0,"enemies":"2 Fungi Beasts","floor":14,"turns":3},{"damage":20,"enemies":"The Guardian","floor":16,"turns":10},{"damage":29,"enemies":"2 Thieves","floor":18,"turns":3},{"damage":0,"enemies":"3 Byrds","floor":22,"turns":6},{"damage":18,"enemies":"Slavers","floor":23,"turns":3},{"damage":38,"enemies":"Snecko","floor":25,"turns":6},{"damage":22,"enemies":"Shelled Parasite and Fungi","floor":27,"turns":6},{"damage":4,"enemies":"Centurion and Healer","floor":28,"turns":6},{"damage":20,"enemies":"Sentry and Sphere","floor":30,"turns":5},{"damage":0,"enemies":"Collector","floor":33,"turns":3}],"seed_played":"5949830615241568591","potions_obtained":[{"floor":6,"key":"Regen Potion"},{"floor":12,"key":"Weak Potion"},{"floor":14,"key":"FearPotion"},{"floor":18,"key":"Block Potion"},{"floor":22,"key":"FairyPotion"},{"floor":23,"key":"Fruit Juice"},{"floor":25,"key":"EntropicBrew"},{"floor":27,"key":"Fire Potion"},{"floor":28,"key":"Energy Potion"},{"floor":30,"key":"LiquidBronze"}],"is_trial":false,"path_per_floor":["M","?","?","?","?","M","R","E","T","$","?","M","T","M","R","B",null,"M","$","?","$","M","E","R","M","T","M","M","R","M","$","R"],"character_chosen":"THE_SILENT","items_purchased":["Cloak And Dagger+1","Blade Dance+1"],"campfire_rested":3,"item_purchase_floors":[10,19],"current_hp_per_floor":[70,70,70,70,70,70,70,70,70,70,70,66,66,66,66,46,70,50,50,50,50,50,32,53,20,20,5,1,23,3,3,25,25],"gold":16,"neow_bonus":"THREE_ENEMY_KILL","is_prod":false,"is_daily":false,"chose_seed":false,"campfire_upgraded":2,"win_rate":0.0,"timestamp":1539658006,"path_taken":["M","?","?","?","?","M","R","E","T","?","?","?","?","M","R","BOSS","M","$","?","?","M","E","R","M","T","?","?","R","M","$","R","BOSS"],"build_version":"2018-10-11","purchased_purges":3,"victory":false,"max_hp_per_floor":[70,70,70,70,70,70,70,70,70,70,70,70,70,70,70,70,70,70,70,70,70,70,70,70,75,75,75,75,75,75,75,75,75],"card_choices":[{"not_picked":["Underhanded Strike","Cloak And Dagger"],"picked":"Slice","floor":1},{"not_picked":["Bane","Prepared"],"picked":"Night Terror","floor":6},{"not_picked":["Prepared","Blade Dance"],"picked":"Skewer","floor":8},{"not_picked":["Deflect+1","Deadly Poison+1","PiercingWail+1"],"picked":"Distraction+1","floor":12},{"not_picked":["Flying Knee","Reflex+1","Sucker Punch"],"picked":"PiercingWail+1","floor":14},{"not_picked":["Venomology+1","Unload","Wraith Form v2"],"picked":"Glass Knife","floor":16},{"not_picked":["Sucker Punch+1","Dagger Throw","Cloak And Dagger+1","Bane+1"],"picked":"SKIP","floor":18},{"not_picked":["Noxious Fumes","Caltrops+1","Cloak And Dagger+1"],"picked":"Bouncing Flask+1","floor":22},{"not_picked":["Dagger Throw+1","Sucker Punch+1","A Thousand Cuts"],"picked":"Outmaneuver+1","floor":23},{"not_picked":["Cloak And Dagger+1","Quick Slash+1","Deflect+1"],"picked":"Noxious Fumes+1","floor":25},{"not_picked":["Infinite Blades","Flying Knee+1","Calculated Gamble+1"],"picked":"Flechettes+1","floor":27},{"not_picked":["Eviscerate+1","Dash+1","Deflect+1"],"picked":"Deadly Poison+1","floor":28},{"not_picked":["Predator","Dodge and Roll+1","Poisoned Stab+1"],"picked":"Catalyst+1","floor":30}],"player_experience":74784,"relics_obtained":[{"floor":8,"key":"Question Card"},{"floor":9,"key":"Toxic Egg 2"},{"floor":13,"key":"Darkstone Periapt"},{"floor":23,"key":"Omamori"},{"floor":26,"key":"War Paint"}],"event_choices":[{"event_name":"Living Wall","player_choice":"Change","floor":2,"damage_taken":0},{"event_name":"Upgrade Shrine","player_choice":"Upgraded","floor":3,"damage_taken":0},{"event_name":"Big Fish","player_choice":"Box","floor":4,"damage_taken":0},{"event_name":"Transmorgrifier","player_choice":"Transform","floor":5,"damage_taken":0},{"event_name":"Dead Adventurer","player_choice":"Searched \u00272\u0027 times","floor":11,"damage_taken":0},{"event_name":"Match and Keep!","player_choice":"1 cards matched","floor":20,"damage_taken":0}],"is_beta":false,"boss_relics":[{"not_picked":["Sozu","Calling Bell"],"picked":"White Beast Statue"}],"items_purged_floors":[10,19,31],"is_endless":false,"potions_floor_spawned":[6,12,14,18,22,23,25,27,28,30],"killed_by":"Collector","ascension_level":0}