{"gold_per_floor":[115,115,115,36,46,73,83,117,140,157,213,232,251,5,5,82,82,94,108,122,142,142],"floor_reached":22,"playtime":1039,"items_purged":[],"score":570,"play_id":"28859d48-4f74-4188-bdae-4462cb54c113","local_time":"20181209224205","is_ascension_mode":true,"campfire_choices":[{"floor":15.0,"key":"REST"}],"neow_cost":"NONE","seed_source_timestamp":35174659879511,"circlet_count":0,"master_deck":["AscendersBane","Defend_G+1","Defend_G","Defend_G","Defend_G+1","Defend_G","Strike_G","Strike_G","Strike_G","Strike_G","Strike_G","Survivor","Neutralize+1","Skewer","Footwork","Glass Knife+1","Noxious Fumes","Deflect","Adrenaline","Backflip","Deflect","Noxious Fumes","Crippling Poison","Corpse Explosion","Sucker Punch+1","Dodge and Roll","PiercingWail","PiercingWail+1"],"special_seed":0,"relics":["Ring of the Snake","NeowsBlessing","Darkstone Periapt","Mummified Hand","The Courier","Bag of Preparation","Tiny Chest","Whetstone","Ancient Tea Set","Black Star"],"potions_floor_usage":[20,20,22],"damage_taken":[{"damage":0.0,"enemies":"Jaw Worm","floor":1.0,"turns":1.0},{"damage":0.0,"enemies":"Cultist","floor":5.0,"turns":1.0},{"damage":0.0,"enemies":"3 Sentries","floor":6.0,"turns":1.0},{"damage":0.0,"enemies":"Small Slimes","floor":7.0,"turns":5.0},{"damage":13.0,"enemies":"Lagavulin","floor":8.0,"turns":10.0},{"damage":0.0,"enemies":"Red Slaver","floor":10.0,"turns":3.0},{"damage":18.0,"enemies":"Gremlin Nob","floor":11.0,"turns":5.0},{"damage":1.0,"enemies":"Exordium Thugs","floor":12.0,"turns":5.0},{"damage":1.0,"enemies":"Blue Slaver","floor":13.0,"turns":3.0},{"damage":0.0,"enemies":"Hexaghost","floor":16.0,"turns":9.0},{"damage":0.0,"enemies":"3 Byrds","floor":18.0,"turns":3.0},{"damage":9.0,"enemies":"Shell Parasite","floor":19.0,"turns":6.0},{"damage":21,"enemies":"Chosen and Byrds","floor":20,"turns":6},{"damage":17,"enemies":"Sentry and Sphere","floor":21,"turns":5},{"damage":21,"enemies":"Snecko","floor":22,"turns":5}],"seed_played":"4876930216530428965","potions_obtained":[{"floor":1.0,"key":"GhostInAJar"},{"floor":7.0,"key":"Ancient Potion"},{"floor":12.0,"key":"Swift Potion"},{"floor":13.0,"key":"SneckoOil"},{"floor":21,"key":"Block Potion"}],"is_trial":false,"path_per_floor":["M","?","T","$","M","E","M","E","T","M","E","M","M","$","R","B",null,"M","M","M","M","M"],"character_chosen":"THE_SILENT","items_purchased":["Footwork","Whetstone","Ancient Tea Set"],"campfire_rested":1,"item_purchase_floors":[4,14,14],"current_hp_per_floor":[59,39,39,39,39,39,39,26,26,26,8,7,6,6,25,25,56,56,47,26,9,0],"gold":142,"neow_bonus":"THREE_ENEMY_KILL","is_prod":false,"is_daily":false,"chose_seed":false,"campfire_upgraded":0,"win_rate":0,"timestamp":1544391725,"path_taken":["M","?","?","$","M","E","?","E","T","M","E","M","M","$","R","BOSS","M","?","M","M","M"],"build_version":"2018-12-06","purchased_purges":0,"victory":false,"max_hp_per_floor":[66,66,66,66,66,66,66,66,66,66,66,66,66,66,66,66,66,66,66,66,66,66],"card_choices":[{"not_picked":["Deflect","Acrobatics"],"picked":"Skewer","floor":1.0},{"not_picked":["Dodge and Roll","Dagger Spray"],"picked":"Glass Knife","floor":5.0},{"not_picked":["Choke","Poisoned Stab"],"picked":"Noxious Fumes","floor":6.0},{"not_picked":["Skewer","Outmaneuver"],"picked":"Deflect","floor":7.0},{"not_picked":["Blade Dance","Dagger Throw"],"picked":"Adrenaline","floor":8.0},{"not_picked":["Skewer","Dagger Spray"],"picked":"Backflip","floor":10.0},{"not_picked":["Underhanded Strike","Eviscerate"],"picked":"Deflect","floor":11.0},{"not_picked":["Reflex","Underhanded Strike"],"picked":"Noxious Fumes","floor":12.0},{"not_picked":["Terror","Blur"],"picked":"Crippling Poison","floor":13.0},{"not_picked":["Burst","Unload"],"picked":"Corpse Explosion","floor":16.0},{"not_picked":["Backflip","Prepared"],"picked":"Sucker Punch+1","floor":18.0},{"not_picked":["Flying Knee","Blade Dance"],"picked":"Dodge and Roll","floor":19.0},{"not_picked":["Skewer","Heel Hook"],"picked":"PiercingWail","floor":20},{"not_picked":["Skewer","Predator"],"picked":"PiercingWail+1","floor":21}],"player_experience":1818280,"relics_obtained":[{"floor":3.0,"key":"Darkstone Periapt"},{"floor":6.0,"key":"Mummified Hand"},{"floor":8.0,"key":"The Courier"},{"floor":9.0,"key":"Bag of Preparation"},{"floor":11.0,"key":"Tiny Chest"}],"event_choices":[{"damage_healed":0.0,"max_hp_gain":0.0,"max_hp_loss":0.0,"gold_gain":0.0,"event_name":"Shining Light","player_choice":"Entered Light","floor":2.0,"gold_loss":0.0,"damage_taken":20.0,"cards_upgraded":["Defend_G","Defend_G"]}],"is_beta":false,"boss_relics":[{"not_picked":["Astrolabe","Velvet Choker"],"picked":"Black Star"}],"items_purged_floors":[],"is_endless":false,"potions_floor_spawned":[1,7,8,12,13,21],"killed_by":"Snecko","ascension_level":20}