{"gold_per_floor":[118,118,131,11,11,11,161,161,191,225,239,239,258,271,271,345,345,359,359,178,195,209,209,209,209,209,209],"floor_reached":27,"playtime":589,"items_purged":["Strike_R","Doubt"],"score":448,"play_id":"40978c82-fe8f-4bbc-91ec-f784d49112dd","local_time":"20181205182835","is_ascension_mode":true,"campfire_choices":[{"data":"Whirlwind","floor":6,"key":"SMITH"},{"data":"Spot Weakness","floor":8,"key":"SMITH"},{"data":"Immolate","floor":12,"key":"SMITH"},{"data":"Metallicize","floor":15,"key":"SMITH"},{"data":"Metallicize","floor":23,"key":"SMITH"},{"data":"True Grit","floor":25,"key":"SMITH"}],"neow_cost":"NONE","seed_source_timestamp":8115832637961,"circlet_count":0,"master_deck":["AscendersBane","Strike_R","Strike_R","Strike_R","Strike_R","Defend_R","Defend_R","Defend_R","Defend_R","Bash","Carnage+1","Whirlwind+1","Spot Weakness+1","Shrug It Off","Immolate+1","Shrug It Off","Metallicize+1","Double Tap","True Grit+1","Metallicize+1","Intimidate","Flex","Pain"],"relics":["Burning Blood","NeowsBlessing","Tiny Chest","Orichalcum","Cursed Key","Bottled Flame"],"potions_floor_usage":[16,16],"damage_taken":[{"damage":0,"enemies":"2 Louse","floor":1,"turns":1},{"damage":0,"enemies":"Cultist","floor":3,"turns":1},{"damage":0,"enemies":"Gremlin Nob","floor":10,"turns":1},{"damage":6,"enemies":"Small Slimes","floor":11,"turns":3},{"damage":3,"enemies":"2 Fungi Beasts","floor":13,"turns":2},{"damage":6,"enemies":"Exordium Wildlife","floor":14,"turns":2},{"damage":52,"enemies":"The Guardian","floor":16,"turns":13},{"damage":11,"enemies":"2 Thieves","floor":18,"turns":3},{"damage":13,"enemies":"Spheric Guardian","floor":21,"turns":4},{"damage":9,"enemies":"Chosen and Byrds","floor":22,"turns":7},{"damage":6,"enemies":"Snecko","floor":27,"turns":4}],"seed_played":"916512151692951230","potions_obtained":[{"floor":1,"key":"Weak Potion"},{"floor":3,"key":"SkillPotion"},{"floor":10,"key":"Regen Potion"},{"floor":13,"key":"PowerPotion"},{"floor":21,"key":"Ancient Potion"}],"is_trial":false,"path_per_floor":["M","?","M","$","?","R","?","R","T","E","M","R","M","M","R","B",null,"M","?","$","M","M","R","?","R","T","M"],"character_chosen":"IRONCLAD","items_purchased":["Spot Weakness","Metallicize"],"campfire_rested":0,"item_purchase_floors":[4,20],"current_hp_per_floor":[74,74,75,75,80,80,80,80,80,80,80,80,80,80,80,34,69,64,64,64,57,54,54,31,31,31,25],"gold":209,"neow_bonus":"THREE_ENEMY_KILL","is_prod":false,"is_daily":false,"chose_seed":false,"campfire_upgraded":6,"win_rate":0,"timestamp":1544063315,"path_taken":["M","?","?","$","?","R","?","R","T","E","M","R","?","M","R","BOSS","M","?","$","M","M","R","?","R","T","M"],"build_version":"2018-12-05","purchased_purges":2,"victory":false,"max_hp_per_floor":[75,75,75,75,80,80,80,80,80,80,80,80,80,80,80,80,80,80,80,80,80,80,80,85,85,85,85],"card_choices":[{"not_picked":["Twin Strike","Body Slam"],"picked":"Carnage","floor":1},{"not_picked":["Pommel Strike","Heavy Blade"],"picked":"Whirlwind","floor":3},{"not_picked":["Body Slam","Hemokinesis"],"picked":"Shrug It Off","floor":10},{"not_picked":["Shockwave","Perfected Strike"],"picked":"Immolate","floor":11},{"not_picked":["Body Slam","Pommel Strike"],"picked":"Shrug It Off","floor":13},{"not_picked":["Shrug It Off","Offering"],"picked":"Metallicize","floor":14},{"not_picked":["Reaper","Dark Embrace"],"picked":"Double Tap","floor":16},{"not_picked":["Headbutt","Sword Boomerang"],"picked":"True Grit","floor":18},{"not_picked":["Anger","Heavy Blade"],"picked":"Intimidate","floor":21},{"not_picked":["Sentinel","Anger"],"picked":"Flex","floor":22}],"player_experience":963836,"relics_obtained":[{"floor":9,"key":"Tiny Chest"},{"floor":10,"key":"Orichalcum"},{"floor":26,"key":"Bottled Flame"}],"event_choices":[{"damage_healed":0,"gold_gain":0,"player_choice":"Forge","damage_taken":0,"max_hp_gain":0,"max_hp_loss":0,"event_name":"Accursed Blacksmith","floor":2,"gold_loss":0,"cards_upgraded":["Carnage"]},{"damage_healed":0,"gold_gain":0,"player_choice":"Donut","damage_taken":0,"max_hp_gain":5,"max_hp_loss":0,"event_name":"Big Fish","floor":5,"gold_loss":0},{"damage_healed":0,"gold_gain":150,"player_choice":"AGREE","damage_taken":0,"max_hp_gain":0,"max_hp_loss":0,"event_name":"Liars Game","floor":7,"gold_loss":0,"cards_obtained":["Doubt"]},{"damage_healed":0,"gold_gain":0,"player_choice":"Ignored","damage_taken":0,"max_hp_gain":0,"max_hp_loss":0,"event_name":"The Mausoleum","floor":19,"gold_loss":0},{"damage_healed":0,"gold_gain":0,"player_choice":"Shed Blood","damage_taken":28,"max_hp_gain":5,"max_hp_loss":0,"event_name":"Forgotten Altar","floor":24,"gold_loss":0}],"is_beta":true,"boss_relics":[{"not_picked":["Eternal Feather","Orrery"],"picked":"Cursed Key"}],"items_purged_floors":[4,20],"is_endless":false,"potions_floor_spawned":[1,3,10,13,21],"killed_by":"Snecko","ascension_level":18}