{"path_per_floor":["M","?","?","M","M","R","?","R","T","?","?","$","M","?","R","B",null,"M","M","$","?","M","R","M","R","T","$","M","R","?","M","R","B",null,"M","?","$","M","T","R","M"],"character_chosen":"DEFECT","items_purchased":["Static Discharge","Mercury Hourglass","Juzu Bracelet"],"gold_per_floor":[117,117,117,131,144,144,319,319,319,346,446,55,72,72,72,177,177,187,203,103,103,122,122,141,141,215,58,76,76,76,93,93,194,194,209,209,84,101,101,101,119,119],"floor_reached":42,"campfire_rested":5,"playtime":2777,"current_hp_per_floor":[73,66,59,53,53,53,53,53,53,37,37,37,30,30,52,8,75,70,57,57,57,15,37,11,33,33,33,6,28,28,23,45,33,75,66,66,66,53,53,53,20,0],"items_purged":["Doubt","Strike_B","Defend_B"],"gold":119,"score":386,"play_id":"7f28698d-8cd1-4d3f-9a13-51e6c7c38b96","local_time":"20180427141004","is_prod":false,"is_daily":false,"chose_seed":false,"is_ascension_mode":false,"campfire_upgraded":3,"timestamp":1524831004,"path_taken":["M","?","?","?","M","R","?","R","T","?","?","$","?","?","R","BOSS","M","M","$","?","?","R","M","R","T","$","M","R","?","M","R","BOSS","M","?","$","M","?","R","M","M"],"build_version":"2018-04-26v2","seed_source_timestamp":9264051375391,"purchased_purges":3,"victory":false,"master_deck":["Strike_B","Strike_B","Defend_B","Defend_B","Zap","Dualcast","Axe Kick","Blaster+1","Ball Lightning+1","Impulse","Static Discharge","Coolheaded","Thunder Strike","Ball Lightning","Capacitor+1","Tempest","Axe Kick","Amplify","Buffer+1","Self Repair+1","Injury","Seek"],"max_hp_per_floor":[75,75,75,75,75,75,75,75,75,75,75,75,75,75,75,75,75,75,75,75,75,75,75,75,75,75,75,75,75,75,75,75,75,75,75,75,75,75,75,75,75,75],"relics":["Cracked Core","Ancient Tea Set","Dodecahedron","Odd Mushroom","Mercury Hourglass","Orrery","Pantograph","Juzu Bracelet","Sozu","Darkstone Periapt"],"card_choices":[{"not_picked":["Allocate","Capacitor"],"picked":"Axe Kick","floor":1.0},{"not_picked":["Flux Capacitor","Blizzard"],"picked":"Blaster","floor":4.0},{"not_picked":["Beam Cell","Loop"],"picked":"Ball Lightning","floor":5.0},{"not_picked":["Loop","Gash"],"picked":"Impulse","floor":10.0},{"not_picked":["Stack","Beam Cell"],"picked":"Coolheaded","floor":13.0},{"not_picked":["Biased Cognition","Fusion"],"picked":"Thunder Strike","floor":16.0},{"not_picked":["Hologram","Coolheaded"],"picked":"Ball Lightning","floor":17.0},{"not_picked":["Barrage","Beam Cell"],"picked":"Capacitor","floor":17.0},{"not_picked":["Coolheaded","Barrage"],"picked":"Tempest","floor":17.0},{"not_picked":["Skim","Go for the Eyes"],"picked":"Axe Kick","floor":17.0},{"not_picked":["Skim","Chaos"],"picked":"Amplify","floor":18.0},{"not_picked":["Rip and Tear","Impulse"],"picked":"Buffer","floor":22.0},{"not_picked":["Streamline","Beam Cell"],"picked":"Self Repair","floor":24.0},{"not_picked":["Machine Learning","Creative AI"],"picked":"Seek","floor":33.0}],"player_experience":9,"potions_floor_usage":[],"damage_taken":[{"damage":2.0,"enemies":"2 Louse","floor":1.0,"turns":2.0},{"damage":6.0,"enemies":"Jaw Worm","floor":4.0,"turns":3.0},{"damage":0.0,"enemies":"Small Slimes","floor":5.0,"turns":3.0},{"damage":16.0,"enemies":"The Mushroom Lair","floor":10.0,"turns":3.0},{"damage":7.0,"enemies":"Blue Slaver","floor":13.0,"turns":2.0},{"damage":44.0,"enemies":"The Guardian","floor":16.0,"turns":8.0},{"damage":5.0,"enemies":"Spheric Guardian","floor":18.0,"turns":3.0},{"damage":13.0,"enemies":"3 Byrds","floor":19.0,"turns":3.0},{"damage":48.0,"enemies":"Slaver and Parasite","floor":22.0,"turns":5.0},{"damage":26.0,"enemies":"Chosen and Byrds","floor":24.0,"turns":5.0},{"damage":27.0,"enemies":"Cultist and Chosen","floor":28.0,"turns":4.0},{"damage":15.0,"enemies":"Snecko","floor":31.0,"turns":4.0},{"damage":47.0,"enemies":"Champ","floor":33.0,"turns":11.0},{"damage":19.0,"enemies":"3 Shapes","floor":35.0,"turns":4.0},{"damage":23.0,"enemies":"Orb Walker","floor":38.0,"turns":4.0},{"damage":43,"enemies":"Spire Growth","floor":41,"turns":5},{"damage":30,"enemies":"Flame Bruiser 2 Orb","floor":42,"turns":2}],"event_choices":[{"event_name":"Golden Wing","player_choice":"Card Removal","floor":2.0,"damage_taken":0.0},{"event_name":"Scrap Ooze","player_choice":"success","floor":3.0,"damage_taken":7.0},{"event_name":"Liars Game","player_choice":"agreed","floor":7.0,"damage_taken":0.0},{"event_name":"Mushrooms","player_choice":"Fought Mushrooms","floor":10.0,"damage_taken":0.0},{"event_name":"Golden Shrine","player_choice":"Pray","floor":11.0,"damage_taken":0.0},{"event_name":"Living Wall","player_choice":"Forget","floor":14.0,"damage_taken":0.0},{"event_name":"Vampires","player_choice":"Ignored","floor":21.0,"damage_taken":0.0},{"event_name":"Accursed Blacksmith","player_choice":"Forge","floor":30.0,"damage_taken":0.0},{"event_name":"The Woman in Blue","player_choice":"Bought 0 Potions","floor":36.0,"damage_taken":0.0}],"boss_relics":[],"potions_floor_spawned":[1,13,18,19,35,41],"seed_played":"846806400583149611","killed_by":"Flame Bruiser 2 Orb","ascension_level":0,"is_trial":false}