{"gold_per_floor":[144,189,189,264,309,399,444,69,69,114,204,204,249,294,294,594,594,639,639,684,684,548,638,638,683,683,683,773,773,773,148,148,448,448,493,493,538,88,88,88,178,178,178,178,223,268,358,104,104,104],"floor_reached":51,"playtime":3291,"items_purged":["Regret","Normality","Writhe","Parasite","Normality"],"score":978,"play_id":"0fc024ee-2ac6-458b-9aab-d7fd8cbf1140","local_time":"20180718211917","daily_mods":["Allstar","Midas","Night Terrors"],"is_ascension_mode":false,"campfire_choices":[{"floor":12.0,"key":"REST"},{"floor":15.0,"key":"REST"},{"floor":24.0,"key":"DIG"},{"floor":29.0,"key":"DIG"},{"floor":32.0,"key":"DIG"},{"floor":40.0,"key":"DIG"},{"floor":42.0,"key":"DIG"},{"floor":49.0,"key":"DIG"}],"neow_cost":"","seed_source_timestamp":0,"circlet_count":0,"master_deck":["Defend_G+1","Defend_G+1","Defend_G+1","Defend_G+1","Defend_G+1","Strike_G+1","Strike_G+1","Strike_G+1","Strike_G+1","Strike_G+1","Survivor+1","Neutralize+1","Secret Technique+1","Secret Technique+1","Panacea+1","Sadistic Nature+1","Panache+1","Dash+1","Sucker Punch+1","Malaise+1","Storm of Steel+1","Dagger Spray+1","Heel Hook+1","Endless Agony+1","Footwork+1","A Thousand Cuts+1","Acrobatics+1","Ghostly+1","Ghostly+1","Ghostly+1","Ghostly+1","Ghostly+1","Infinite Blades+1","Footwork+1","Flying Knee+1","Backflip+1","Choke+1","Die Die Die+1","Distraction+1","Distraction+1","Writhe","Madness","Madness","Accuracy+1","Quick Slash","Predator"],"special_seed":17729,"relics":["Ring of the Snake","Mercury Hourglass","Bronze Scales","Blood Vial","War Paint","Question Card","Ninja Scroll","Calling Bell","Shovel","Gremlin Horn","Lantern","Bag of Marbles","Vajra","Gambling Chip","Pen Nib","Darkstone Periapt","Strawberry","CultistMask","Toolbox","Sundial","Ancient Tea Set","Cursed Key","Mark of the Bloom","Ice Cream","Snake Skull","Bottled Lightning","Ornamental Fan","Boot","Omamori","Art of War","Anchor"],"potions_floor_usage":[50,50],"damage_taken":[{"damage":0.0,"enemies":"Jaw Worm","floor":1.0,"turns":5.0},{"damage":0.0,"enemies":"2 Louse","floor":2.0,"turns":3.0},{"damage":5.0,"enemies":"Cultist","floor":5.0,"turns":3.0},{"damage":9.0,"enemies":"3 Sentries","floor":6.0,"turns":5.0},{"damage":0.0,"enemies":"Gremlin Gang","floor":7.0,"turns":2.0},{"damage":0.0,"enemies":"Blue Slaver","floor":10.0,"turns":3.0},{"damage":11.0,"enemies":"Gremlin Nob","floor":11.0,"turns":3.0},{"damage":4.0,"enemies":"Large Slime","floor":13.0,"turns":3.0},{"damage":0.0,"enemies":"3 Louse","floor":14.0,"turns":2.0},{"damage":1.0,"enemies":"The Guardian","floor":16.0,"turns":11.0},{"damage":0.0,"enemies":"Chosen","floor":18.0,"turns":4.0},{"damage":1.0,"enemies":"Spheric Guardian","floor":20.0,"turns":3.0},{"damage":0.0,"enemies":"Gremlin Leader","floor":23.0,"turns":6.0},{"damage":1.0,"enemies":"Snecko","floor":25.0,"turns":4.0},{"damage":1.0,"enemies":"Book of Stabbing","floor":28.0,"turns":4.0},{"damage":15.0,"enemies":"Collector","floor":33.0,"turns":9.0},{"damage":0.0,"enemies":"3 Shapes","floor":35.0,"turns":1.0},{"damage":0.0,"enemies":"Flame Bruiser 1 Orb","floor":37.0,"turns":4.0},{"damage":0.0,"enemies":"Nemesis","floor":41.0,"turns":1.0},{"damage":0.0,"enemies":"Transient","floor":45.0,"turns":5.0},{"damage":0.0,"enemies":"Spire Growth","floor":46.0,"turns":3.0},{"damage":0.0,"enemies":"Giant Head","floor":47.0,"turns":4.0},{"damage":0,"enemies":"Time Eater","floor":50,"turns":7}],"seed_played":"-6709258171721631228","potions_obtained":[{"floor":7.0,"key":"SpeedPotion"},{"floor":10.0,"key":"Explosive Potion"},{"floor":16.0,"key":"Energy Potion"},{"floor":20.0,"key":"GhostInAJar"},{"floor":25.0,"key":"Energy Potion"},{"floor":33.0,"key":"PowerPotion"},{"floor":45.0,"key":"Swift Potion"},{"floor":46.0,"key":"FearPotion"}],"is_trial":false,"path_per_floor":["M","M","?","?","M","E","M","$","T","M","E","R","M","M","R","B",null,"M","?","M","?","$","E","R","M","T","T","E","R","?","$","R","B",null,"M","?","M","$","?","R","E","R","T","?","M","M","E","$","R","B"],"character_chosen":"THE_SILENT","items_purchased":["Blood Vial","War Paint","Footwork","Toolbox","Sundial","Ice Cream","Predator"],"campfire_rested":2,"item_purchase_floors":[8,8,22,31,31,38,48],"current_hp_per_floor":[70,70,70,59,54,45,45,45,45,47,38,65,61,63,60,59,60,60,30,29,23,23,25,25,26,26,26,27,34,34,34,34,21,37,37,37,37,34,34,34,34,34,34,28,28,28,28,28,28,28],"gold":104,"neow_bonus":"","is_prod":false,"is_daily":true,"chose_seed":false,"campfire_upgraded":0,"win_rate":0,"timestamp":1531941557,"path_taken":["M","M","?","?","?","E","M","$","T","M","E","R","?","M","R","BOSS","M","?","?","?","$","E","R","M","T","?","E","R","?","$","R","BOSS","M","?","M","$","?","R","E","R","T","?","M","M","E","$","R","BOSS"],"build_version":"2018-07-12","purchased_purges":5,"victory":true,"max_hp_per_floor":[70,70,70,70,70,70,70,70,70,70,70,65,65,65,60,60,60,60,30,30,30,30,30,30,30,30,30,30,37,37,37,37,37,37,37,37,37,34,40,40,40,40,46,46,46,46,46,46,46,46],"card_choices":[{"not_picked":["Acrobatics","Prepared"],"picked":"Dash","floor":1.0},{"not_picked":["Bane","Dagger Throw"],"picked":"Sucker Punch","floor":2.0},{"not_picked":["Flying Knee","Reflex"],"picked":"Malaise","floor":5.0},{"not_picked":["Prepared","Slice"],"picked":"Storm of Steel","floor":6.0},{"not_picked":["Prepared","Malaise"],"picked":"Dagger Spray","floor":7.0},{"not_picked":["Deflect","Deadly Poison","Distraction","Concentrate"],"picked":"SKIP","floor":10.0},{"not_picked":["Acrobatics","Poisoned Stab","Outmaneuver"],"picked":"Heel Hook","floor":11.0},{"not_picked":["Masterful Stab","Bane","Dodge and Roll"],"picked":"Endless Agony","floor":13.0},{"not_picked":["PiercingWail","Prepared","Night Terror"],"picked":"Footwork","floor":14.0},{"not_picked":["Tactician","Night Terror","Burst"],"picked":"A Thousand Cuts","floor":16.0},{"not_picked":["Expertise","Masterful Stab","Prepared"],"picked":"Acrobatics","floor":18.0},{"not_picked":["Underhanded Strike+1","Malaise","Skewer"],"picked":"Infinite Blades","floor":20.0},{"not_picked":["Flechettes","Escape Plan+1","Finisher+1"],"picked":"Flying Knee+1","floor":23.0},{"not_picked":["PiercingWail","Quick Slash","Outmaneuver"],"picked":"Backflip+1","floor":25.0},{"not_picked":["Night Terror","Dagger Spray","Envenom"],"picked":"Choke+1","floor":28.0},{"not_picked":["Storm of Steel","Wraith Form v2","Glass Knife"],"picked":"Die Die Die","floor":33.0},{"not_picked":["Flechettes+1","Outmaneuver","Bane+1"],"picked":"Distraction+1","floor":35.0},{"not_picked":["Slice","Masterful Stab","Dagger Spray","Bane+1"],"picked":"SKIP","floor":37.0},{"not_picked":["Infinite Blades+1","Setup+1","Flying Knee"],"picked":"Distraction+1","floor":41.0},{"not_picked":["Reflex","Cloak And Dagger","Underhanded Strike"],"picked":"Accuracy+1","floor":45.0},{"not_picked":["Infinite Blades","Slice+1","Bullet Time"],"picked":"Quick Slash","floor":46.0},{"not_picked":["Deadly Poison+1","PiercingWail+1","Backstab","Deflect+1"],"picked":"SKIP","floor":47.0}],"player_experience":823509,"relics_obtained":[{"floor":6.0,"key":"Bronze Scales"},{"floor":9.0,"key":"Question Card"},{"floor":11.0,"key":"Ninja Scroll"},{"floor":17.0,"key":"Shovel"},{"floor":17.0,"key":"Gremlin Horn"},{"floor":17.0,"key":"Lantern"},{"floor":23.0,"key":"Bag of Marbles"},{"floor":24.0,"key":"Vajra"},{"floor":26.0,"key":"Gambling Chip"},{"floor":27.0,"key":"Pen Nib"},{"floor":28.0,"key":"Darkstone Periapt"},{"floor":29.0,"key":"Strawberry"},{"floor":32.0,"key":"Ancient Tea Set"},{"floor":40.0,"key":"Bottled Lightning"},{"floor":41.0,"key":"Ornamental Fan"},{"floor":42.0,"key":"Boot"},{"floor":43.0,"key":"Omamori"},{"floor":47.0,"key":"Art of War"},{"floor":49.0,"key":"Anchor"}],"event_choices":[{"event_name":"Big Fish","player_choice":"Box","floor":3.0,"damage_taken":0.0},{"event_name":"World of Goop","player_choice":"Gather Gold","floor":4.0,"damage_taken":0.0},{"event_name":"Ghosts","player_choice":"Became a Ghost","floor":19.0,"damage_taken":0.0},{"event_name":"Knowing Skull","player_choice":"","floor":21.0,"damage_taken":0.0},{"event_name":"FaceTrader","player_choice":"Trade","floor":30.0,"damage_taken":0.0},{"event_name":"MindBloom","player_choice":"Upgrade","floor":36.0,"damage_taken":0.0},{"event_name":"Accursed Blacksmith","player_choice":"Rummage","floor":39.0,"damage_taken":0.0},{"event_name":"Winding Halls","player_choice":"Embrace Madness","floor":44.0,"damage_taken":0.0}],"boss_relics":[{"not_picked":["Eternal Feather","Orrery"],"picked":"Calling Bell"},{"not_picked":["Empty Cage","Runic Dome"],"picked":"Cursed Key"}],"items_purged_floors":[8,22,31,38,48],"is_endless":false,"potions_floor_spawned":[7,10,16,20,25,33,45,46],"ascension_level":0}