{"gold_per_floor":[118,132,207,226,5,5,19,19,69,69,244,244,259,279,279,374,374,387,387,398,448,448,448,388,417,444,359,359,412,422,422],"floor_reached":31,"playtime":1919,"items_purged":["Strike_G"],"score":245,"play_id":"1c72aa9d-efb7-47cc-aee8-396678f3bf82","local_time":"20181021200647","is_ascension_mode":false,"campfire_choices":[{"data":"Choke","floor":6,"key":"SMITH"},{"data":"Choke","floor":8,"key":"SMITH"},{"data":"Skewer","floor":12,"key":"SMITH"},{"floor":15,"key":"REST"},{"floor":23,"key":"REST"},{"floor":28,"key":"REST"}],"neow_cost":"NONE","seed_source_timestamp":871854197549754,"circlet_count":0,"master_deck":["Defend_G","Defend_G","Defend_G","Defend_G","Strike_G","Strike_G","Strike_G","Survivor","Neutralize","Backflip","Choke+1","Skewer+1","Choke+1","Doubt","Noxious Fumes","Quick Slash","Night Terror","Blade Dance","Quick Slash+1","Wraith Form v2","Wraith Form v2","Poisoned Stab","Quick Slash"],"relics":["Ring of the Snake","NeowsBlessing","Bronze Scales","Vajra","Lizard Tail","Ancient Tea Set","MutagenicStrength","Pen Nib","PreservedInsect","Gambling Chip","Art of War"],"potions_floor_usage":[10,13,16,18,30],"damage_taken":[{"damage":0,"enemies":"2 Louse","floor":1,"turns":1},{"damage":0,"enemies":"Small Slimes","floor":2,"turns":1},{"damage":0,"enemies":"Cultist","floor":4,"turns":1},{"damage":16,"enemies":"Exordium Wildlife","floor":7,"turns":4},{"damage":0,"enemies":"3 Louse","floor":10,"turns":1},{"damage":0,"enemies":"Blue Slaver","floor":13,"turns":3},{"damage":2,"enemies":"Looter","floor":14,"turns":2},{"damage":40,"enemies":"Hexaghost","floor":16,"turns":9},{"damage":7,"enemies":"3 Byrds","floor":18,"turns":2},{"damage":25,"enemies":"Shell Parasite","floor":20,"turns":6},{"damage":37,"enemies":"Slavers","floor":25,"turns":5},{"damage":12,"enemies":"Centurion and Healer","floor":30,"turns":3},{"damage":16,"enemies":"Snake Plant","floor":31,"turns":2}],"seed_played":"-6162271647945990908","potions_obtained":[{"floor":2,"key":"Block Potion"},{"floor":4,"key":"SmokeBomb"},{"floor":7,"key":"EssenceOfSteel"},{"floor":16,"key":"Poison Potion"},{"floor":25,"key":"SteroidPotion"},{"floor":30,"key":"Weak Potion"}],"is_trial":false,"path_per_floor":["M","M","?","M","$","R","M","R","T","M","?","R","M","M","R","B",null,"M","?","M","T","?","R","?","E","T","?","R","T","M"],"character_chosen":"THE_SILENT","items_purchased":["Bronze Scales"],"campfire_rested":3,"item_purchase_floors":[5],"current_hp_per_floor":[70,70,59,59,59,59,43,43,43,43,43,43,43,41,62,22,70,63,50,25,25,25,47,47,10,10,10,32,32,20,4],"gold":422,"neow_bonus":"THREE_ENEMY_KILL","is_prod":false,"is_daily":false,"chose_seed":false,"campfire_upgraded":3,"win_rate":0.0,"timestamp":1540105607,"path_taken":["M","M","?","?","$","R","M","R","T","M","?","R","M","M","R","BOSS","M","?","?","?","?","R","?","E","T","?","R","?","M","M"],"build_version":"2018-10-18","purchased_purges":1,"victory":false,"max_hp_per_floor":[70,70,70,70,70,70,70,70,70,70,70,70,70,70,70,70,70,70,75,75,75,75,75,75,75,75,75,75,75,75,75],"card_choices":[{"not_picked":["Well Laid Plans","Bane"],"picked":"Backflip","floor":1},{"not_picked":["Quick Slash","Setup"],"picked":"Choke","floor":2},{"not_picked":["Acrobatics","Sucker Punch"],"picked":"Skewer","floor":4},{"not_picked":["Footwork","Dagger Throw"],"picked":"Choke","floor":7},{"not_picked":["Dodge and Roll","Slice"],"picked":"Noxious Fumes","floor":13},{"not_picked":["Dash","Blade Dance"],"picked":"Quick Slash","floor":14},{"not_picked":["Venomology","Glass Knife"],"picked":"Night Terror","floor":16},{"not_picked":["Dodge and Roll","Reflex+1"],"picked":"Blade Dance","floor":18},{"not_picked":["Flying Knee","Dagger Spray+1"],"picked":"Quick Slash+1","floor":20},{"not_picked":["Sucker Punch","Backstab+1"],"picked":"Poisoned Stab","floor":25},{"not_picked":["Distraction","Eviscerate"],"picked":"Quick Slash","floor":30}],"player_experience":180430,"relics_obtained":[{"floor":9,"key":"Vajra"},{"floor":21,"key":"Ancient Tea Set"},{"floor":25,"key":"Pen Nib"},{"floor":26,"key":"PreservedInsect"},{"floor":29,"key":"Art of War"}],"event_choices":[{"damage_healed":0,"gold_gain":75,"player_choice":"Gather Gold","damage_taken":11,"max_hp_gain":0,"max_hp_loss":0,"event_name":"World of Goop","floor":3,"gold_loss":0},{"damage_healed":0,"gold_gain":175,"player_choice":"AGREE","damage_taken":0,"max_hp_gain":0,"max_hp_loss":0,"event_name":"Liars Game","floor":11,"gold_loss":0,"cards_obtained":["Doubt"]},{"damage_healed":0,"gold_gain":0,"player_choice":"Shed Blood","damage_taken":18,"max_hp_gain":5,"max_hp_loss":0,"event_name":"Forgotten Altar","floor":19,"gold_loss":0},{"damage_healed":0,"gold_gain":0,"player_choice":"Inject Mutagens","damage_taken":0,"relics_obtained":["MutagenicStrength"],"max_hp_gain":0,"max_hp_loss":0,"event_name":"Drug Dealer","floor":22,"gold_loss":0},{"damage_healed":0,"gold_gain":0,"cards_transformed":["Defend_G","Strike_G"],"player_choice":"Transformed Cards","damage_taken":0,"max_hp_gain":0,"max_hp_loss":0,"event_name":"Designer","floor":24,"gold_loss":60,"cards_obtained":["Wraith Form v2","Wraith Form v2"]},{"damage_healed":0,"gold_gain":0,"player_choice":"Obtained Relic","damage_taken":0,"relics_obtained":["Gambling Chip"],"max_hp_gain":0,"max_hp_loss":0,"event_name":"Addict","floor":27,"gold_loss":85}],"is_beta":false,"boss_relics":[{"not_picked":["Ectoplasm","Eternal Feather"],"picked":"Lizard Tail"}],"items_purged_floors":[5],"is_endless":false,"potions_floor_spawned":[2,4,7,16,25,30],"killed_by":"Snake Plant","ascension_level":0}