{"gold_per_floor":[109,124,124,143,154,154,165,165,165,10,85,117,127,143,143,241,241,258,258,258,277,296,296,296,296,296,313,326,345,16,46,46,46],"floor_reached":33,"playtime":6186,"items_purged":["Prepared"],"score":251,"play_id":"4e879f8b-6ef4-4557-b3a0-379a9636a991","local_time":"20181020155326","is_ascension_mode":false,"campfire_choices":[{"data":"Bouncing Flask","floor":6,"key":"SMITH"},{"data":"Corpse Explosion","floor":8,"key":"SMITH"},{"floor":15,"key":"REST"},{"data":"Noxious Fumes","floor":23,"key":"SMITH"},{"floor":25,"key":"REST"},{"floor":32,"key":"REST"}],"neow_cost":"NONE","seed_source_timestamp":765982403165464,"circlet_count":0,"master_deck":["Survivor","Neutralize","Crippling Poison","Bouncing Flask+1","Poisoned Stab","Corpse Explosion+1","Poisoned Stab","Slice","Escape Plan","Envenom","Backflip","Deflect","Dagger Spray","Backflip","Sucker Punch","Deflect","Dagger Spray","Catalyst","Noxious Fumes+1","Dagger Spray+1","Infinite Blades","Caltrops","Poisoned Stab","Metamorphosis","Accuracy"],"relics":["Empty Cage","Ancient Tea Set","Bag of Marbles","Anchor","Pandora\u0027s Box","Matryoshka","MutagenicStrength","Pear","Ninja Scroll","Tiny Chest","Art of War"],"potions_floor_usage":[7,7,16,16,16,21,27],"damage_taken":[{"damage":2,"enemies":"Cultist","floor":1,"turns":5},{"damage":8,"enemies":"Small Slimes","floor":2,"turns":3},{"damage":0,"enemies":"2 Louse","floor":4,"turns":3},{"damage":11,"enemies":"Looter","floor":5,"turns":4},{"damage":6,"enemies":"Gremlin Gang","floor":7,"turns":4},{"damage":26,"enemies":"Lagavulin","floor":12,"turns":4},{"damage":0,"enemies":"3 Louse","floor":13,"turns":2},{"damage":5,"enemies":"Blue Slaver","floor":14,"turns":3},{"damage":28,"enemies":"Slime Boss","floor":16,"turns":8},{"damage":6,"enemies":"Spheric Guardian","floor":18,"turns":3},{"damage":0,"enemies":"2 Thieves","floor":21,"turns":2},{"damage":20,"enemies":"Shelled Parasite and Fungi","floor":22,"turns":6},{"damage":18,"enemies":"Colosseum Slavers","floor":24,"turns":3},{"damage":30,"enemies":"Centurion and Healer","floor":27,"turns":4},{"damage":17,"enemies":"Cultist and Chosen","floor":28,"turns":6},{"damage":6,"enemies":"Snecko","floor":29,"turns":3},{"damage":28,"enemies":"Collector","floor":33,"turns":3}],"seed_played":"-199930517295901435","potions_obtained":[{"floor":1,"key":"Block Potion"},{"floor":4,"key":"SkillPotion"},{"floor":7,"key":"SpeedPotion"},{"floor":12,"key":"FearPotion"},{"floor":14,"key":"Regen Potion"},{"floor":18,"key":"GhostInAJar"},{"floor":21,"key":"FairyPotion"},{"floor":22,"key":"Energy Potion"}],"is_trial":false,"path_per_floor":["M","M","?","M","M","R","M","R","T","$","?","E","M","M","R","B",null,"M","?","?","M","M","R","?","R","T","M","M","M","$","T","R"],"character_chosen":"THE_SILENT","items_purchased":["Bag of Marbles","Metamorphosis","Accuracy"],"campfire_rested":3,"item_purchase_floors":[10,30,30],"current_hp_per_floor":[68,60,65,65,54,54,48,48,48,48,37,11,11,6,27,14,70,64,64,64,64,44,44,26,47,57,27,10,4,4,4,28,8],"gold":46,"neow_bonus":"BOSS_RELIC","is_prod":false,"is_daily":false,"chose_seed":false,"campfire_upgraded":3,"win_rate":0.0,"timestamp":1540004006,"path_taken":["M","M","?","M","M","R","M","R","T","$","?","E","M","M","R","BOSS","M","?","?","?","M","R","?","R","T","?","?","M","$","?","R","BOSS"],"build_version":"2018-10-18","purchased_purges":1,"victory":false,"max_hp_per_floor":[70,70,70,70,70,70,70,70,70,70,70,70,70,70,70,70,70,70,70,70,70,70,70,70,70,80,80,80,80,80,80,80,80],"card_choices":[{"not_picked":["Backstab","Predator"],"picked":"Crippling Poison","floor":1},{"not_picked":["Prepared","Acrobatics"],"picked":"Slice","floor":2},{"not_picked":["Deflect","Riddle With Holes"],"picked":"Bouncing Flask","floor":4},{"not_picked":["Bane","Dagger Spray"],"picked":"Poisoned Stab","floor":5},{"not_picked":["Outmaneuver","Bane"],"picked":"Corpse Explosion","floor":7},{"not_picked":["Terror","Sucker Punch"],"picked":"Poisoned Stab","floor":12},{"not_picked":["Flying Knee","Expertise"],"picked":"Slice","floor":13},{"not_picked":["Heel Hook","Riddle With Holes"],"picked":"Escape Plan","floor":14},{"not_picked":["Glass Knife","Wraith Form v2"],"picked":"Envenom","floor":16},{"not_picked":["Dodge and Roll","Crippling Poison"],"picked":"Catalyst","floor":18},{"not_picked":["Deadly Poison","Slice+1"],"picked":"Noxious Fumes","floor":21},{"not_picked":["Underhanded Strike","Outmaneuver"],"picked":"Dagger Spray+1","floor":22},{"not_picked":["Deflect","Poisoned Stab+1"],"picked":"Infinite Blades","floor":27},{"not_picked":["Expertise","Quick Slash"],"picked":"Caltrops","floor":28},{"not_picked":["Storm of Steel","Endless Agony"],"picked":"Poisoned Stab","floor":29}],"player_experience":121786,"relics_obtained":[{"floor":9,"key":"Ancient Tea Set"},{"floor":12,"key":"Anchor"},{"floor":26,"key":"Pear"},{"floor":26,"key":"Ninja Scroll"},{"floor":31,"key":"Tiny Chest"},{"floor":31,"key":"Art of War"}],"event_choices":[{"cards_removed":["Slice"],"damage_healed":5,"gold_gain":0,"player_choice":"Offered Common","damage_taken":0,"max_hp_gain":0,"max_hp_loss":0,"event_name":"Bonfire Elementals","floor":3,"gold_loss":0},{"cards_removed":["Slice"],"damage_healed":5,"gold_gain":0,"player_choice":"Offered Special","damage_taken":0,"max_hp_gain":0,"max_hp_loss":0,"event_name":"Bonfire Elementals","floor":3,"gold_loss":0},{"damage_healed":0,"gold_gain":75,"player_choice":"Gather Gold","damage_taken":11,"max_hp_gain":0,"max_hp_loss":0,"event_name":"World of Goop","floor":11,"gold_loss":0},{"damage_healed":0,"gold_gain":0,"player_choice":"Opened","damage_taken":0,"relics_obtained":["Matryoshka"],"max_hp_gain":0,"max_hp_loss":0,"event_name":"The Mausoleum","floor":19,"gold_loss":0},{"damage_healed":0,"gold_gain":0,"player_choice":"Inject Mutagens","damage_taken":0,"relics_obtained":["MutagenicStrength"],"max_hp_gain":0,"max_hp_loss":0,"event_name":"Drug Dealer","floor":20,"gold_loss":0},{"damage_healed":0,"gold_gain":0,"player_choice":"Fight","damage_taken":0,"max_hp_gain":0,"max_hp_loss":0,"event_name":"Colosseum","floor":24,"gold_loss":0},{"damage_healed":0,"gold_gain":0,"player_choice":"Fled From Nobs","damage_taken":0,"max_hp_gain":0,"max_hp_loss":0,"event_name":"Colosseum","floor":24,"gold_loss":0}],"is_beta":false,"boss_relics":[{"not_picked":["Lizard Tail","Calling Bell"],"picked":"Pandora\u0027s Box"}],"items_purged_floors":[30],"is_endless":false,"potions_floor_spawned":[1,4,7,12,14,18,21,22],"killed_by":"Collector","ascension_level":0}