{"gold_per_floor":[113,63,238,253,253,282,282,292,292,308,322,322,383,109,109,109],"floor_reached":16,"playtime":819,"items_purged":["Doubt"],"score":100,"play_id":"399b57b8-3480-438b-b6fe-ace77e7c79c1","local_time":"20190128131723","is_ascension_mode":false,"campfire_choices":[{"floor":12,"key":"RECALL"},{"floor":15,"key":"REST"}],"neow_cost":"CURSE","seed_source_timestamp":677940150957372,"circlet_count":0,"master_deck":["Strike_R","Strike_R","Strike_R","Strike_R","Defend_R","Defend_R+1","Defend_R","Bash+1","True Grit","Spot Weakness","Pummel","Seeing Red","Armaments","Seeing Red","Flex","Heavy Blade","Anger","Whirlwind"],"relics":["Burning Blood","Unceasing Top","Omamori","Tiny Chest"],"potions_floor_usage":[6,8,11,11,13,13],"damage_taken":[{"damage":12,"enemies":"Cultist","floor":1,"turns":5},{"damage":0,"enemies":"2 Louse","floor":4,"turns":3},{"damage":38,"enemies":"3 Sentries","floor":6,"turns":10},{"damage":0,"enemies":"Small Slimes","floor":8,"turns":4},{"damage":4,"enemies":"Blue Slaver","floor":10,"turns":3},{"damage":0,"enemies":"Red Slaver","floor":11,"turns":1},{"damage":21,"enemies":"Gremlin Nob","floor":13,"turns":5},{"damage":48,"enemies":"The Guardian","floor":16,"turns":6}],"seed_played":"5374832780759307812","potions_obtained":[{"floor":4,"key":"Poison Potion"},{"floor":7,"key":"BloodPotion"},{"floor":7,"key":"Weak Potion"},{"floor":7,"key":"SkillPotion"},{"floor":10,"key":"Fire Potion"},{"floor":11,"key":"Block Potion"}],"is_trial":false,"path_per_floor":["M","?","?","M","?","E","?","M","T","M","M","R","?","$","R","B"],"character_chosen":"IRONCLAD","items_purchased":["Whirlwind","Tiny Chest"],"campfire_rested":1,"item_purchase_floors":[14,14],"current_hp_per_floor":[74,74,74,80,64,32,32,46,46,48,54,54,39,39,63,15],"gold":109,"neow_bonus":"TRANSFORM_TWO_CARDS","is_prod":false,"is_daily":false,"chose_seed":false,"campfire_upgraded":0,"win_rate":0,"timestamp":1548634643,"path_taken":["M","?","?","M","?","E","?","M","T","M","?","R","?","$","R","BOSS"],"build_version":"2019-01-23","purchased_purges":1,"victory":false,"max_hp_per_floor":[80,80,80,80,80,80,80,80,80,80,80,80,80,80,80,80],"card_choices":[{"not_picked":["Ghostly Armor","Shrug It Off"],"picked":"Pummel","floor":1},{"not_picked":["Dual Wield","Pommel Strike"],"picked":"Seeing Red","floor":4},{"not_picked":["Dropkick","Perfected Strike"],"picked":"Armaments","floor":6},{"not_picked":["Perfected Strike","Armaments"],"picked":"Seeing Red","floor":8},{"not_picked":["Perfected Strike","Clothesline"],"picked":"Flex","floor":10},{"not_picked":["Hemokinesis","Warcry"],"picked":"Heavy Blade","floor":11},{"not_picked":["Armaments","Evolve"],"picked":"Anger","floor":13}],"player_experience":598112,"relics_obtained":[{"floor":6,"key":"Unceasing Top"},{"floor":13,"key":"Omamori"}],"event_choices":[{"cards_removed":["Writhe"],"damage_healed":0,"gold_gain":0,"player_choice":"Card Removal","damage_taken":0,"max_hp_gain":0,"max_hp_loss":0,"event_name":"The Cleric","floor":2,"gold_loss":50},{"damage_healed":0,"gold_gain":175,"player_choice":"AGREE","damage_taken":0,"max_hp_gain":0,"max_hp_loss":0,"event_name":"Liars Game","floor":3,"gold_loss":0,"cards_obtained":["Doubt"]},{"damage_healed":0,"gold_gain":0,"player_choice":"Entered Light","damage_taken":16,"max_hp_gain":0,"max_hp_loss":0,"event_name":"Shining Light","floor":5,"gold_loss":0,"cards_upgraded":["Defend_R","Bash"]},{"damage_healed":0,"gold_gain":0,"player_choice":"Got Potions","damage_taken":0,"max_hp_gain":0,"max_hp_loss":0,"event_name":"Lab","floor":7,"gold_loss":0},{"damage_healed":0,"gold_gain":0,"player_choice":"Searched \u00271\u0027 times","damage_taken":0,"max_hp_gain":0,"max_hp_loss":0,"event_name":"Dead Adventurer","floor":13,"gold_loss":0}],"is_beta":false,"boss_relics":[],"items_purged_floors":[14],"is_endless":false,"potions_floor_spawned":[4,10,11],"killed_by":"The Guardian","ascension_level":0}