{"gold_per_floor":[112,112,122,139,155,155,189,75,75,91,120,120,135,152,152,229,229,244,257,70,86,11,11,281,281,355,355,368,86,86,98,98,98],"floor_reached":33,"playtime":1254,"items_purged":["Strike_R","Strike_R","Strike_R"],"score":518,"play_id":"20e6d0ac-6bf2-471e-9b16-87521c36ebac","local_time":"20181226212613","is_ascension_mode":true,"campfire_choices":[{"data":"Flame Barrier","floor":6.0,"key":"SMITH"},{"data":"True Grit","floor":12.0,"key":"SMITH"},{"data":"Body Slam","floor":15.0,"key":"SMITH"},{"data":"Armaments","floor":23.0,"key":"SMITH"},{"data":"Offering","floor":25.0,"key":"SMITH"},{"floor":27.0,"key":"REST"},{"data":"Battle Trance","floor":30.0,"key":"SMITH"},{"data":"Limit Break","floor":32.0,"key":"SMITH"}],"neow_cost":"NONE","seed_source_timestamp":32116633560474,"circlet_count":0,"master_deck":["AscendersBane","Strike_R","Strike_R","Defend_R","Defend_R","Defend_R","Defend_R","Bash","Uppercut+1","Flame Barrier+1","Sword Boomerang","True Grit+1","Evolve","Second Wind","Clash","Body Slam+1","Inflame+1","Offering+1","Dual Wield","Feel No Pain+1","Armaments+1","Battle Trance+1","Clumsy","Shrug It Off","Limit Break+1"],"special_seed":0,"relics":["Burning Blood","Dream Catcher","Ornamental Fan","Frozen Egg 2","PreservedInsect","Cursed Key","Membership Card"],"potions_floor_usage":[33],"damage_taken":[{"damage":10.0,"enemies":"2 Louse","floor":1.0,"turns":3.0},{"damage":0.0,"enemies":"Cultist","floor":3.0,"turns":4.0},{"damage":5.0,"enemies":"Small Slimes","floor":4.0,"turns":3.0},{"damage":14.0,"enemies":"Exordium Wildlife","floor":5.0,"turns":7.0},{"damage":22.0,"enemies":"Gremlin Nob","floor":7.0,"turns":4.0},{"damage":8.0,"enemies":"Blue Slaver","floor":10.0,"turns":6.0},{"damage":32.0,"enemies":"Lagavulin","floor":11.0,"turns":13.0},{"damage":4.0,"enemies":"Red Slaver","floor":13.0,"turns":4.0},{"damage":6.0,"enemies":"Lots of Slimes","floor":14.0,"turns":5.0},{"damage":4.0,"enemies":"Hexaghost","floor":16.0,"turns":8.0},{"damage":8.0,"enemies":"2 Thieves","floor":18.0,"turns":3.0},{"damage":9.0,"enemies":"Chosen","floor":19.0,"turns":5.0},{"damage":5.0,"enemies":"Snake Plant","floor":21.0,"turns":3.0},{"damage":8.0,"enemies":"Sentry and Sphere","floor":28.0,"turns":6.0},{"damage":28.0,"enemies":"Shelled Parasite and Fungi","floor":31.0,"turns":4.0},{"damage":32,"enemies":"Collector","floor":33,"turns":5}],"seed_played":"-4541501751127646995","potions_obtained":[{"floor":3.0,"key":"Dexterity Potion"},{"floor":4.0,"key":"GamblersBrew"},{"floor":5.0,"key":"Weak Potion"},{"floor":18.0,"key":"SkillPotion"},{"floor":21.0,"key":"GamblersBrew"}],"is_trial":false,"path_per_floor":["M","?","M","M","M","R","E","$","T","M","E","R","M","M","R","B",null,"M","M","$","M","$","R","?","R","T","R","M","$","R","M","R","B"],"character_chosen":"IRONCLAD","items_purchased":["Evolve","Feel No Pain+1","Battle Trance","Membership Card"],"campfire_rested":1,"item_purchase_floors":[8,20,22,29],"current_hp_per_floor":[64,64,70,71,63,63,47,47,47,45,19,19,21,21,21,23,62,60,57,57,58,58,58,30,30,30,52,50,50,50,28,28,0],"gold":98,"neow_bonus":"RANDOM_COMMON_RELIC","is_prod":false,"is_daily":false,"chose_seed":false,"campfire_upgraded":7,"win_rate":0,"timestamp":1545827173,"path_taken":["M","?","M","M","M","R","E","$","T","?","E","R","M","?","R","BOSS","M","M","$","?","$","R","?","R","T","R","M","?","R","M","R","BOSS"],"build_version":"2018-12-20","purchased_purges":3,"victory":false,"max_hp_per_floor":[75,75,75,75,75,75,75,75,75,75,75,75,75,75,75,75,75,75,75,75,75,75,75,75,75,75,75,75,75,75,75,75,75],"card_choices":[{"not_picked":["Cleave","Pommel Strike"],"picked":"Uppercut","floor":1.0},{"not_picked":["Shockwave","Heavy Blade"],"picked":"Flame Barrier","floor":3.0},{"not_picked":["Pommel Strike","Heavy Blade"],"picked":"Sword Boomerang","floor":4.0},{"not_picked":["Clash","Iron Wave","Perfected Strike"],"picked":"SKIP","floor":5.0},{"not_picked":["Whirlwind","Uppercut"],"picked":"True Grit","floor":7.0},{"not_picked":["Iron Wave","True Grit"],"picked":"Second Wind","floor":10.0},{"not_picked":["Juggernaut+1","Searing Blow"],"picked":"Clash","floor":11.0},{"not_picked":["Heavy Blade","Iron Wave"],"picked":"Body Slam","floor":13.0},{"not_picked":["Thunderclap","Iron Wave"],"picked":"Inflame+1","floor":14.0},{"not_picked":["Berserk+1","Impervious"],"picked":"Offering","floor":16.0},{"not_picked":["Whirlwind","Sword Boomerang","Cleave"],"picked":"SKIP","floor":18.0},{"not_picked":["True Grit","Disarm"],"picked":"Dual Wield","floor":19.0},{"not_picked":["Clash","Body Slam"],"picked":"Armaments","floor":21.0},{"not_picked":["Armaments","Clothesline"],"picked":"Shrug It Off","floor":27.0},{"not_picked":["Infernal Blade","Flame Barrier","Headbutt"],"picked":"SKIP","floor":28.0},{"not_picked":["Thunderclap","Dropkick"],"picked":"Limit Break","floor":31.0}],"player_experience":862513,"relics_obtained":[{"floor":7.0,"key":"Ornamental Fan"},{"floor":9.0,"key":"Frozen Egg 2"},{"floor":11.0,"key":"PreservedInsect"}],"event_choices":[{"damage_healed":0.0,"max_hp_gain":0.0,"max_hp_loss":0.0,"gold_gain":0.0,"event_name":"Accursed Blacksmith","player_choice":"Forge","floor":2.0,"gold_loss":0.0,"damage_taken":0.0,"cards_upgraded":["Uppercut"]},{"damage_healed":0.0,"max_hp_gain":0.0,"max_hp_loss":0.0,"gold_gain":270.0,"event_name":"Knowing Skull","player_choice":"GOLD GOLD GOLD ","floor":24.0,"potions_obtained":[],"gold_loss":0.0,"damage_taken":28.0,"cards_obtained":[]}],"is_beta":false,"boss_relics":[{"not_picked":["Sozu","Eternal Feather"],"picked":"Cursed Key"}],"items_purged_floors":[8,20,29],"is_endless":false,"potions_floor_spawned":[3,4,5,7,14,18,21],"killed_by":"Collector","ascension_level":20}