{"gold_per_floor":[111,126,146,158,170,170,203,214,214,239,239,252,282,302,302,406,406,419,419,344,357,50,64,95,95,121,70,70,85,4,38,38,142,142,162,84,84,7,27,57,57,57,57,57,71,90,0,18,18,18,18,18,18,51,51],"floor_reached":55,"playtime":5606,"items_purged":["Decay"],"score":724,"play_id":"411cd05a-2548-49d7-8a1d-314e28435f4c","local_time":"20190129213603","is_ascension_mode":false,"campfire_choices":[{"data":"Flame Barrier","floor":6.0,"key":"SMITH"},{"data":"Havoc","floor":15.0,"key":"SMITH"},{"floor":25.0,"key":"RECALL"},{"data":"Shrug It Off","floor":28.0,"key":"SMITH"},{"floor":32,"key":"REST"},{"floor":41,"key":"REST"},{"data":"Limit Break","floor":44,"key":"SMITH"},{"floor":49,"key":"REST"},{"data":"Demon Form","floor":52,"key":"SMITH"}],"neow_cost":"NONE","seed_source_timestamp":13088946163341,"circlet_count":0,"master_deck":["Defend_R","Defend_R","Defend_R+1","Bash","Flame Barrier+1","Ghostly Armor","True Grit","Inflame","Shrug It Off+1","Metallicize","Shrug It Off","Reaper","Metallicize","Havoc+1","Demon Form+1","Bite+1","Bite","Bite+1","Bite","Whirlwind","Finesse","Evolve+1","Power Through+1","Shrug It Off+1","Deep Breath","Offering","Limit Break+1","Inflame","Metallicize+1"],"special_seed":0,"relics":["Burning Blood","Vajra","Matryoshka","FossilizedHelix","Black Star","War Paint","Bottled Tornado","Pocketwatch","Centennial Puzzle","Singing Bowl","Shuriken","Eternal Feather","Frozen Egg 2","Whetstone","Oddly Smooth Stone","Dodecahedron","Red Mask","Bag of Preparation","Strawberry"],"potions_floor_usage":[33,33,46,48,54],"damage_taken":[{"damage":6.0,"enemies":"Cultist","floor":1.0,"turns":3.0},{"damage":2.0,"enemies":"2 Louse","floor":2.0,"turns":3.0},{"damage":5.0,"enemies":"Small Slimes","floor":3.0,"turns":4.0},{"damage":5.0,"enemies":"Looter","floor":4.0,"turns":4.0},{"damage":12.0,"enemies":"Blue Slaver","floor":5.0,"turns":4.0},{"damage":57.0,"enemies":"Lagavulin","floor":7.0,"turns":8.0},{"damage":1.0,"enemies":"Large Slime","floor":8.0,"turns":8.0},{"damage":25.0,"enemies":"Gremlin Nob","floor":10.0,"turns":5.0},{"damage":0.0,"enemies":"2 Fungi Beasts","floor":12.0,"turns":5.0},{"damage":0.0,"enemies":"Red Slaver","floor":14.0,"turns":7.0},{"damage":22.0,"enemies":"The Guardian","floor":16.0,"turns":18.0},{"damage":0.0,"enemies":"3 Byrds","floor":18.0,"turns":6.0},{"damage":31.0,"enemies":"Spheric Guardian","floor":21.0,"turns":10.0},{"damage":0.0,"enemies":"Snake Plant","floor":23.0,"turns":6.0},{"damage":48.0,"enemies":"Slavers","floor":24.0,"turns":9.0},{"damage":2.0,"enemies":"Shelled Parasite and Fungi","floor":29.0,"turns":16.0},{"damage":56.0,"enemies":"Gremlin Leader","floor":31.0,"turns":11.0},{"damage":32,"enemies":"Collector","floor":33,"turns":12},{"damage":5,"enemies":"3 Shapes","floor":35,"turns":5},{"damage":30,"enemies":"3 Darklings","floor":39,"turns":7},{"damage":62,"enemies":"Nemesis","floor":40,"turns":11},{"damage":9,"enemies":"Writhing Mass","floor":45,"turns":7},{"damage":41,"enemies":"Transient","floor":46,"turns":5},{"damage":47,"enemies":"Sphere and 2 Shapes","floor":48,"turns":10},{"damage":72,"enemies":"Donu and Deca","floor":50,"turns":12},{"damage":74,"enemies":"Shield and Spear","floor":54,"turns":8},{"damage":78,"enemies":"The Heart","floor":55,"turns":3}],"seed_played":"-7166495435717717059","potions_obtained":[{"floor":4.0,"key":"Swift Potion"},{"floor":7.0,"key":"Energy Potion"},{"floor":10.0,"key":"Strength Potion"},{"floor":12.0,"key":"Explosive Potion"},{"floor":14.0,"key":"SkillPotion"},{"floor":23.0,"key":"Fire Potion"},{"floor":29.0,"key":"SteroidPotion"},{"floor":39,"key":"FairyPotion"},{"floor":45,"key":"Fire Potion"},{"floor":48,"key":"Weak Potion"}],"is_trial":false,"path_per_floor":["M","M","M","M","M","R","E","M","T","E","?","M","?","M","R","B",null,"M","?","?","M","$","M","E","R","T","$","R","M","$","E","R","B",null,"M","$","?","$","M","E","R","?","T","R","M","M","?","M","R","B",null,"R","$","E","B"],"character_chosen":"IRONCLAD","items_purchased":["War Paint","Finesse","Shrug It Off","Deep Breath","BloodPotion","Inflame"],"campfire_rested":3,"item_purchase_floors":[22,22,27,30,36,38],"current_hp_per_floor":[88,88,88,88,82,82,31,36,36,17,17,37,37,50,50,44,88,88,61,61,57,57,61,46,46,46,46,46,61,61,25,43,52,61,63,63,60,60,62,23,57,57,57,64,66,35,35,35,68,26,68,68,68,68,0],"gold":51,"neow_bonus":"TEN_PERCENT_HP_BONUS","is_prod":false,"is_daily":false,"chose_seed":false,"campfire_upgraded":5,"win_rate":0,"timestamp":1548826563,"path_taken":["M","M","M","M","M","R","E","M","T","E","?","?","?","M","R","BOSS","M","?","?","M","$","M","E","R","T","?","R","M","$","E","R","BOSS","M","$","?","$","M","E","R","?","T","R","M","M","?","M","R","BOSS","R","$","E","BOSS"],"build_version":"2019-01-23","purchased_purges":1,"victory":false,"max_hp_per_floor":[88,88,88,88,88,88,88,88,88,88,88,88,88,88,88,88,88,88,61,61,61,61,61,61,61,61,61,61,61,61,61,61,61,61,63,63,60,60,62,64,64,64,64,64,66,66,66,68,68,68,68,68,68,77,77],"card_choices":[{"not_picked":["Clothesline","Twin Strike"],"picked":"Flame Barrier","floor":1.0},{"not_picked":["Entrench","Armaments"],"picked":"Ghostly Armor","floor":2.0},{"not_picked":["Clothesline","Brutality"],"picked":"True Grit","floor":3.0},{"not_picked":["Dual Wield","Combust"],"picked":"Inflame","floor":4.0},{"not_picked":["Perfected Strike","Sword Boomerang","Twin Strike"],"picked":"SKIP","floor":5.0},{"not_picked":["Anger","Ghostly Armor"],"picked":"Shrug It Off","floor":7.0},{"not_picked":["Burning Pact","Armaments"],"picked":"Metallicize","floor":8.0},{"not_picked":["Clothesline","Wild Strike"],"picked":"Shrug It Off","floor":10.0},{"not_picked":["Shrug It Off","Twin Strike"],"picked":"Metallicize","floor":12.0},{"not_picked":["Fire Breathing","Perfected Strike"],"picked":"Havoc","floor":14.0},{"not_picked":["Fiend Fire","Berserk"],"picked":"Demon Form","floor":16.0},{"not_picked":["Warcry","Cleave","Evolve"],"picked":"SKIP","floor":18.0},{"not_picked":["Sentinel","Anger"],"picked":"Whirlwind","floor":21.0},{"not_picked":["Wild Strike","Hemokinesis"],"picked":"Evolve+1","floor":23.0},{"not_picked":["Second Wind","Flex"],"picked":"Power Through+1","floor":24.0},{"not_picked":["Clash+1","Thunderclap","Searing Blow+1"],"picked":"SKIP","floor":29.0},{"not_picked":["Whirlwind+1","Perfected Strike"],"picked":"Offering","floor":31.0},{"not_picked":["Brutality","Berserk"],"picked":"Limit Break","floor":33},{"not_picked":["Pummel","Wild Strike","Flex"],"picked":"Singing Bowl","floor":35},{"not_picked":["Perfected Strike+1","Hemokinesis","Flame Barrier"],"picked":"Singing Bowl","floor":39},{"not_picked":["Warcry","Sword Boomerang+1","Burning Pact+1"],"picked":"Singing Bowl","floor":40},{"not_picked":["Sword Boomerang","Rage","Dual Wield"],"picked":"Singing Bowl","floor":45},{"not_picked":["Power Through","Warcry+1"],"picked":"Metallicize+1","floor":46},{"not_picked":["Clash+1","Inflame+1","Hemokinesis+1"],"picked":"Singing Bowl","floor":48},{"not_picked":["Clothesline+1","Berserk+1","Havoc"],"picked":"Singing Bowl","floor":54}],"player_experience":197661,"relics_obtained":[{"floor":7.0,"key":"Vajra"},{"floor":9.0,"key":"Matryoshka"},{"floor":10.0,"key":"FossilizedHelix"},{"floor":24.0,"key":"Bottled Tornado"},{"floor":24.0,"key":"Pocketwatch"},{"floor":26.0,"key":"Centennial Puzzle"},{"floor":31.0,"key":"Singing Bowl"},{"floor":31.0,"key":"Shuriken"},{"floor":40,"key":"Frozen Egg 2"},{"floor":40,"key":"Whetstone"},{"floor":43,"key":"Oddly Smooth Stone"},{"floor":43,"key":"Dodecahedron"},{"floor":54,"key":"Bag of Preparation"},{"floor":54,"key":"Strawberry"}],"event_choices":[{"damage_healed":0.0,"max_hp_gain":0.0,"max_hp_loss":0.0,"gold_gain":0.0,"event_name":"Match and Keep!","player_choice":"2 cards matched","floor":11.0,"gold_loss":0.0,"damage_taken":0.0,"cards_obtained":["Decay","Reaper"]},{"damage_healed":0.0,"max_hp_gain":0.0,"max_hp_loss":0.0,"gold_gain":30.0,"event_name":"Dead Adventurer","player_choice":"Searched \u00271\u0027 times","floor":13.0,"gold_loss":0.0,"damage_taken":0.0},{"damage_healed":0.0,"max_hp_gain":0.0,"max_hp_loss":27.0,"gold_gain":0.0,"event_name":"Vampires","player_choice":"Became a vampire","floor":19.0,"gold_loss":0.0,"damage_taken":0.0,"cards_obtained":["Bite","Bite","Bite","Bite","Bite"]},{"cards_removed":["Defend_R"],"damage_healed":0.0,"max_hp_gain":0.0,"max_hp_loss":0.0,"gold_gain":0.0,"event_name":"Beggar","player_choice":"Gave Gold","floor":20.0,"gold_loss":75.0,"damage_taken":0.0},{"damage_healed":0,"gold_gain":0,"player_choice":"Max HP","damage_taken":0,"max_hp_gain":0,"max_hp_loss":3,"event_name":"Winding Halls","floor":37,"gold_loss":0},{"cards_removed":["Bite"],"damage_healed":0,"gold_gain":0,"player_choice":"Removed Attack","damage_taken":0,"max_hp_gain":0,"max_hp_loss":0,"event_name":"Falling","floor":42,"gold_loss":0},{"damage_healed":0,"gold_gain":0,"player_choice":"Paid","damage_taken":0,"relics_obtained":["Red Mask"],"max_hp_gain":0,"max_hp_loss":0,"event_name":"Tomb of Lord Red Mask","floor":47,"gold_loss":90}],"is_beta":false,"boss_relics":[{"not_picked":["Mark of Pain","Runic Cube"],"picked":"Black Star"},{"not_picked":["Runic Pyramid","Tiny House"],"picked":"Eternal Feather"}],"items_purged_floors":[22],"is_endless":false,"potions_floor_spawned":[4,7,10,12,14,23,29,39,45,48],"killed_by":"The Heart","ascension_level":0}