{"path_per_floor":["M","?","M","$","M","E","R","E","T","M","$","?","M","M","R","B",null,"M","M","?","$","?","R","$","R","T","E","R","M","M","?","R","B",null,"M","M","?","M","?","R","?","R","T","M","R","M","R","T","R","B"],"character_chosen":"IRONCLAD","items_purchased":["Dream Catcher","Shrug It Off","Regen Potion"],"gold_per_floor":[117,117,133,58,69,95,95,130,130,148,5,5,24,36,36,133,133,107,123,123,21,21,21,21,21,93,126,126,139,158,158,158,256,256,267,277,277,296,296,296,296,296,296,308,308,318,318,318,318,318],"floor_reached":51,"campfire_rested":7,"playtime":2039,"current_hp_per_floor":[80,80,80,80,80,61,61,31,31,37,37,37,43,49,73,41,80,80,62,46,46,46,70,70,70,70,32,56,42,45,45,69,37,80,47,36,36,35,35,59,79,79,79,64,64,7,31,31,55,8],"items_purged":["Combust"],"gold":318,"score":855,"play_id":"bb5054bd-ab3a-480c-9365-4c245a8edeec","local_time":"20180316084022","is_prod":false,"is_daily":false,"is_ascension_mode":true,"campfire_upgraded":4,"timestamp":1521186022,"path_taken":["M","?","M","$","?","E","R","E","T","M","$","?","?","?","R","BOSS","M","M","?","$","?","R","?","R","T","E","R","M","?","?","R","BOSS","M","M","?","M","?","R","?","R","T","?","R","?","R","?","R","BOSS"],"build_version":"2018-03-15","purchased_purges":1,"victory":true,"master_deck":["Strike_R","Strike_R","Defend_R","Defend_R","Defend_R","Defend_R","Bash","Limit Break","Shockwave","Uppercut","Body Slam+1","Flame Barrier+1","Metallicize+1","Iron Wave","Limit Break+1","Limit Break+1","Flex","Necronomicurse","Shrug It Off","Twin Strike+1","Battle Trance","Flex+1","Sword Boomerang+1","Demon Form+1","Writhe","Parasite","Writhe","Spot Weakness"],"max_hp_per_floor":[80,80,80,80,80,80,80,80,80,80,80,80,80,80,80,80,80,80,80,80,80,80,80,80,80,80,80,80,80,80,80,80,80,80,80,80,80,80,80,80,80,80,80,80,80,80,80,80,80,80],"relics":["Burning Blood","Gambling Chip","Frozen Egg 2","Thread and Needle","Dream Catcher","Lizard Tail","Necronomicon","Blue Candle","Anchor","Cursed Key","Ice Cream","Mercury Hourglass"],"card_choices":[{"not_picked":["Iron Wave","Wild Strike"],"picked":"Shockwave"},{"not_picked":["Thunderclap","Burning Pact"],"picked":"Uppercut"},{"not_picked":["Iron Wave","Cleave"],"picked":"Body Slam"},{"not_picked":["Iron Wave","Battle Trance"],"picked":"Flame Barrier"},{"not_picked":["Body Slam","Thunderclap"],"picked":"Metallicize"},{"not_picked":["Sword Boomerang","Havoc"],"picked":"Iron Wave"},{"not_picked":["Warcry","Bloodletting"],"picked":"Limit Break"},{"not_picked":["Berserk","Dark Embrace"],"picked":"Limit Break"},{"not_picked":["Perfected Strike","Wild Strike"],"picked":"Flex"},{"not_picked":["Armaments","Burning Pact"],"picked":"Twin Strike"},{"not_picked":["Feel No Pain","Body Slam"],"picked":"Battle Trance"},{"not_picked":["Rampage","True Grit"],"picked":"Flex"},{"not_picked":["Reaper","Anger"],"picked":"Sword Boomerang"},{"not_picked":["Exhume","Fiend Fire"],"picked":"Demon Form"},{"not_picked":["Entrench","Combust"],"picked":"Spot Weakness"}],"player_experience":99217,"potions_floor_usage":[6,8,19,27,33,33,50,50,50],"damage_taken":[{"damage":1,"enemies":"Cultist","floor":1,"turns":3},{"damage":2,"enemies":"Small Slimes","floor":3,"turns":5},{"damage":2,"enemies":"2 Louse","floor":5,"turns":3},{"damage":25,"enemies":"Gremlin Nob","floor":6,"turns":4},{"damage":36,"enemies":"Lagavulin","floor":8,"turns":6},{"damage":0,"enemies":"Red Slaver","floor":10,"turns":4},{"damage":0,"enemies":"2 Fungi Beasts","floor":13,"turns":4},{"damage":0,"enemies":"Exordium Wildlife","floor":14,"turns":4},{"damage":38,"enemies":"The Guardian","floor":16,"turns":19},{"damage":6,"enemies":"2 Thieves","floor":18,"turns":5},{"damage":24,"enemies":"3 Byrds","floor":19,"turns":8},{"damage":56,"enemies":"Gremlin Leader","floor":27,"turns":6},{"damage":20,"enemies":"Snecko","floor":29,"turns":7},{"damage":3,"enemies":"3 Cultists","floor":30,"turns":5},{"damage":38,"enemies":"Automaton","floor":33,"turns":10},{"damage":39,"enemies":"3 Darklings","floor":35,"turns":5},{"damage":17,"enemies":"Orb Walker","floor":36,"turns":4},{"damage":7,"enemies":"3 Darklings","floor":38,"turns":5},{"damage":21,"enemies":"Maw","floor":44,"turns":5},{"damage":63,"enemies":"Sphere and 2 Shapes","floor":46,"turns":7},{"damage":53,"enemies":"Time Eater","floor":50,"turns":6}],"event_choices":[{"event_name":"Living Wall","player_choice":"Change","floor":2,"damage_taken":0},{"event_name":"The Cleric","player_choice":"Leave","floor":12,"damage_taken":0},{"event_name":"Cursed Tome","player_choice":"Obtained Book","floor":20,"damage_taken":0},{"event_name":"Addict","player_choice":"Ignored","floor":22,"damage_taken":0},{"event_name":"Upgrade Shrine","player_choice":"Upgraded","floor":31,"damage_taken":0},{"event_name":"Mysterious Sphere","player_choice":"Ignore","floor":37,"damage_taken":0},{"event_name":"Winding Halls","player_choice":"Writhe","floor":41,"damage_taken":0}],"boss_relics":[{"not_picked":["Ectoplasm","Question Card"],"picked":"Lizard Tail"},{"not_picked":["Eternal Feather","Orrery"],"picked":"Cursed Key"}],"potions_floor_spawned":[1,6,10,13,18,30,44,46],"seed_played":"-5808628005813661855","ascension_level":4,"is_trial":false}