{"gold_per_floor":[110,127,127,127,146,146,161,161,231,243,278,278,278,22,22,22],"floor_reached":16,"playtime":621,"items_purged":[],"score":145,"play_id":"400e6546-0f60-4466-9762-b619af16e16a","local_time":"20190120150716","is_ascension_mode":true,"campfire_choices":[{"data":"Acrobatics","floor":6,"key":"SMITH"},{"data":"Backflip","floor":8,"key":"SMITH"},{"data":"Calculated Gamble","floor":13,"key":"SMITH"},{"data":"Eviscerate","floor":15,"key":"SMITH"}],"neow_cost":"NONE","seed_source_timestamp":2762543635753,"circlet_count":0,"master_deck":["Defend_G","Defend_G","Defend_G","Defend_G","Defend_G","Strike_G","Strike_G","Strike_G","Strike_G","Survivor","Neutralize+1","Terror","PiercingWail","Acrobatics+1","Backflip+1","Calculated Gamble+1","Eviscerate+1"],"relics":["Runic Dome","Darkstone Periapt","Art of War","Ornamental Fan","Matryoshka"],"potions_floor_usage":[11],"damage_taken":[{"damage":0,"enemies":"2 Louse","floor":1,"turns":2},{"damage":0,"enemies":"Cultist","floor":2,"turns":4},{"damage":0,"enemies":"Jaw Worm","floor":5,"turns":5},{"damage":3,"enemies":"Looter","floor":7,"turns":3},{"damage":17,"enemies":"Large Slime","floor":10,"turns":6},{"damage":8,"enemies":"3 Sentries","floor":11,"turns":14},{"damage":38,"enemies":"Slime Boss","floor":16,"turns":3}],"seed_played":"1126794109272003325","potions_obtained":[{"floor":2,"key":"Poison Potion"},{"floor":7,"key":"Swift Potion"}],"is_trial":false,"path_per_floor":["M","M","?","?","M","R","M","R","T","M","E","T","R","$","R","B"],"character_chosen":"THE_SILENT","items_purchased":["Matryoshka"],"campfire_rested":0,"item_purchase_floors":[14],"current_hp_per_floor":[63,63,63,63,63,63,60,60,60,43,35,35,35,35,35,0],"gold":22,"neow_bonus":"BOSS_RELIC","is_prod":false,"is_daily":false,"chose_seed":false,"campfire_upgraded":4,"win_rate":0,"timestamp":1547993236,"path_taken":["M","M","?","?","M","R","?","R","T","M","E","?","R","$","R","BOSS"],"build_version":"2019-01-17v2","purchased_purges":0,"victory":false,"max_hp_per_floor":[70,70,70,70,70,70,70,70,70,70,70,70,70,70,70,70],"card_choices":[{"not_picked":["Poisoned Stab","Slice"],"picked":"Terror","floor":1},{"not_picked":["Dodge and Roll","Bane"],"picked":"PiercingWail","floor":2},{"not_picked":["Flying Knee","Dodge and Roll"],"picked":"Acrobatics","floor":5},{"not_picked":["Acrobatics","Dodge and Roll"],"picked":"Backflip","floor":7},{"not_picked":["Quick Slash","Backstab"],"picked":"Calculated Gamble","floor":10},{"not_picked":["Outmaneuver","Deflect"],"picked":"Eviscerate","floor":11}],"player_experience":228927,"relics_obtained":[{"floor":9,"key":"Darkstone Periapt"},{"floor":11,"key":"Art of War"},{"floor":12,"key":"Ornamental Fan"}],"event_choices":[{"cards_removed":["Strike_G"],"damage_healed":0,"gold_gain":0,"player_choice":"Forget","damage_taken":0,"max_hp_gain":0,"max_hp_loss":0,"event_name":"Living Wall","floor":3,"gold_loss":0},{"damage_healed":0,"gold_gain":0,"player_choice":"Upgraded","damage_taken":0,"max_hp_gain":0,"max_hp_loss":0,"event_name":"Upgrade Shrine","floor":4,"gold_loss":0,"cards_upgraded":["Neutralize"]}],"is_beta":false,"boss_relics":[],"items_purged_floors":[],"is_endless":false,"potions_floor_spawned":[2,7],"killed_by":"Slime Boss","ascension_level":9}