{"gold_per_floor":[109,121,121,138,138,170,170,184,209,209,209,238,258,14,14,14],"floor_reached":16,"playtime":567,"items_purged":["Strike_G"],"score":176,"play_id":"aa670507-5728-47b9-9086-4d32e77e34a8","local_time":"20180927110926","is_ascension_mode":true,"campfire_choices":[{"floor":7,"key":"REST"},{"data":"Deadly Poison","floor":11,"key":"SMITH"},{"floor":15,"key":"REST"}],"neow_cost":"NONE","seed_source_timestamp":41332510495008,"circlet_count":0,"master_deck":["Defend_G","Defend_G","Defend_G","Defend_G","Defend_G","Strike_G","Strike_G","Strike_G","Strike_G","Survivor","Neutralize","AscendersBane","Dagger Spray","Backflip","Deadly Poison+1","Poisoned Stab","Deadly Poison","Leg Sweep","Cloak And Dagger"],"relics":["Ring of the Snake","Boot","Smiling Mask","Oddly Smooth Stone","Art of War","PrismaticShard"],"potions_floor_usage":[8,16],"damage_taken":[{"damage":1,"enemies":"Jaw Worm","floor":1,"turns":6},{"damage":0,"enemies":"2 Louse","floor":2,"turns":3},{"damage":1,"enemies":"Cultist","floor":4,"turns":4},{"damage":29,"enemies":"3 Sentries","floor":6,"turns":9},{"damage":1,"enemies":"Red Slaver","floor":8,"turns":4},{"damage":25,"enemies":"Gremlin Nob","floor":12,"turns":4},{"damage":0,"enemies":"Exordium Wildlife","floor":13,"turns":5},{"damage":69,"enemies":"Slime Boss","floor":16,"turns":10}],"seed_played":"-3524021686379223229","potions_obtained":[{"floor":1,"key":"EssenceOfSteel"},{"floor":4,"key":"Dexterity Potion"},{"floor":12,"key":"Swift Potion"}],"is_trial":false,"path_per_floor":["M","M","?","M","?","E","R","M","T","?","R","E","M","$","R"],"character_chosen":"THE_SILENT","items_purchased":["PrismaticShard"],"campfire_rested":2,"item_purchase_floors":[14],"current_hp_per_floor":[62,62,62,61,61,32,53,52,52,70,70,45,45,45,66,0],"gold":14,"neow_bonus":"RANDOM_COMMON_RELIC","is_prod":false,"is_daily":false,"chose_seed":false,"campfire_upgraded":1,"win_rate":0,"timestamp":1538039366,"path_taken":["M","M","?","?","?","E","R","M","T","?","R","E","M","?","R","BOSS"],"build_version":"2018-09-20","purchased_purges":1,"victory":false,"max_hp_per_floor":[70,70,70,70,70,70,70,70,70,70,70,70,70,70,70,70],"card_choices":[{"not_picked":["Escape Plan","Slice"],"picked":"Dagger Spray","floor":1},{"not_picked":["Prepared","Catalyst"],"picked":"Backflip","floor":2},{"not_picked":["Underhanded Strike","Skewer"],"picked":"Deadly Poison","floor":4},{"not_picked":["Prepared","Dodge and Roll"],"picked":"Poisoned Stab","floor":6},{"not_picked":["Dagger Spray","Acrobatics"],"picked":"Deadly Poison","floor":8},{"not_picked":["Crippling Poison","Slice"],"picked":"Leg Sweep","floor":12},{"not_picked":["Underhanded Strike","Bane"],"picked":"Cloak And Dagger","floor":13}],"player_experience":704317,"relics_obtained":[{"floor":6,"key":"Smiling Mask"},{"floor":9,"key":"Oddly Smooth Stone"},{"floor":12,"key":"Art of War"}],"event_choices":[{"event_name":"Liars Game","player_choice":"disagreed","floor":3,"damage_taken":0},{"event_name":"The Lab","player_choice":"Got Potions","floor":5,"damage_taken":0},{"event_name":"Big Fish","player_choice":"Banana","floor":10,"damage_taken":0}],"is_beta":false,"boss_relics":[],"items_purged_floors":[14],"is_endless":false,"potions_floor_spawned":[1,4,12],"killed_by":"Slime Boss","ascension_level":12}