{"gold_per_floor":[112,112,112,123,136,136,60,75,75,91,101,101,115,128,128,231,231,246,265,265,284,301,301,328,428,473,488,488,503,418,39,39,144,144,163,217,70,89,109,109,123,135,159,159,179,198,198,213,213,213],"floor_reached":51,"playtime":10470,"items_purged":["Strike_B+1"],"score":619,"play_id":"cdaac83e-5a4e-4562-82da-2d99153378c7","local_time":"20190131115419","is_ascension_mode":false,"campfire_choices":[{"data":"Coolheaded","floor":6.0,"key":"SMITH"},{"data":"Loop","floor":12.0,"key":"SMITH"},{"data":"Zap","floor":15.0,"key":"SMITH"},{"data":"Defragment","floor":23.0,"key":"SMITH"},{"data":"Coolheaded","floor":28.0,"key":"SMITH"},{"floor":32.0,"key":"REST"},{"data":"Creative AI","floor":40.0,"key":"SMITH"},{"data":"Biased Cognition","floor":47.0,"key":"SMITH"},{"floor":49,"key":"REST"}],"neow_cost":"NONE","seed_source_timestamp":0,"circlet_count":0,"master_deck":["Strike_B+1","Strike_B+1","Strike_B+1","Defend_B+1","Defend_B+1","Defend_B+1","Defend_B+1","Zap+1","Dualcast","Beam Cell+1","Coolheaded+1","Loop+1","Storm","Sweeping Beam","Compile Driver","Amplify","Turbo","Seek","Cold Snap","Chill+1","Defragment+1","Blizzard+1","Coolheaded+1","Hologram","Capacitor","Biased Cognition+1","Cold Snap+1","Streamline+1","Creative AI+1","Injury","Writhe","Barrage+1","BootSequence+1","Conserve Battery+1"],"special_seed":0,"relics":["Cracked Core","NeowsBlessing","Shuriken","Black Star","Potion Belt","Bottled Tornado","Du-Vu Doll","Molten Egg 2","Blood Vial","Dream Catcher","StoneCalendar","Cursed Key","FossilizedHelix"],"potions_floor_usage":[48,50,50],"damage_taken":[{"damage":0.0,"enemies":"Small Slimes","floor":1.0,"turns":1.0},{"damage":0.0,"enemies":"2 Louse","floor":4.0,"turns":1.0},{"damage":0.0,"enemies":"Cultist","floor":5.0,"turns":1.0},{"damage":17.0,"enemies":"Exordium Wildlife","floor":8.0,"turns":4.0},{"damage":6.0,"enemies":"Large Slime","floor":10.0,"turns":4.0},{"damage":10.0,"enemies":"2 Fungi Beasts","floor":11.0,"turns":3.0},{"damage":10.0,"enemies":"Exordium Thugs","floor":13.0,"turns":3.0},{"damage":0.0,"enemies":"Large Slime","floor":14.0,"turns":4.0},{"damage":31.0,"enemies":"The Guardian","floor":16.0,"turns":13.0},{"damage":11.0,"enemies":"Spheric Guardian","floor":18.0,"turns":4.0},{"damage":6.0,"enemies":"3 Byrds","floor":19.0,"turns":5.0},{"damage":2.0,"enemies":"Sentry and Sphere","floor":21.0,"turns":8.0},{"damage":0.0,"enemies":"3 Cultists","floor":22.0,"turns":6.0},{"damage":12.0,"enemies":"Slavers","floor":24.0,"turns":7.0},{"damage":9.0,"enemies":"Colosseum Slavers","floor":25.0,"turns":4.0},{"damage":3.0,"enemies":"Colosseum Nobs","floor":25.0,"turns":6.0},{"damage":2.0,"enemies":"Cultist and Chosen","floor":27.0,"turns":5.0},{"damage":2.0,"enemies":"Chosen and Byrds","floor":29.0,"turns":5.0},{"damage":14.0,"enemies":"Collector","floor":33.0,"turns":10.0},{"damage":15.0,"enemies":"3 Shapes","floor":35.0,"turns":4.0},{"damage":35.0,"enemies":"2 Orb Walkers","floor":36.0,"turns":7.0},{"damage":8.0,"enemies":"3 Darklings","floor":38.0,"turns":5.0},{"damage":0.0,"enemies":"Jaw Worm Horde","floor":39.0,"turns":6.0},{"damage":18.0,"enemies":"Writhing Mass","floor":41.0,"turns":5.0},{"damage":0.0,"enemies":"4 Shapes","floor":42.0,"turns":4.0},{"damage":0.0,"enemies":"Spire Growth","floor":45.0,"turns":7.0},{"damage":0.0,"enemies":"Jaw Worm Horde","floor":46.0,"turns":4.0},{"damage":5,"enemies":"Writhing Mass","floor":48,"turns":5},{"damage":20,"enemies":"Time Eater","floor":50,"turns":8}],"seed_played":"-5074344036923477220","potions_obtained":[{"floor":5.0,"key":"Block Potion"},{"floor":8.0,"key":"Fire Potion"},{"floor":13.0,"key":"SkillPotion"},{"floor":16.0,"key":"EntropicBrew"},{"floor":33.0,"key":"Swift Potion"},{"floor":35.0,"key":"FearPotion"},{"floor":36.0,"key":"SpeedPotion"},{"floor":39.0,"key":"SteroidPotion"},{"floor":45.0,"key":"Fire Potion"},{"floor":46.0,"key":"Dexterity Potion"}],"is_trial":false,"path_per_floor":["M","?","?","M","M","R","$","M","T","M","M","R","M","M","R","B",null,"M","M","?","M","M","R","E","?","T","M","R","M","?","$","R","B",null,"M","?","$","M","M","R","M","M","T","?","M","M","R","M","R","B",null],"character_chosen":"DEFECT","items_purchased":["Loop","StoneCalendar","Capacitor","Creative AI"],"campfire_rested":2,"item_purchase_floors":[7,31,31,37],"current_hp_per_floor":[75,80,80,80,80,80,80,63,63,57,47,47,37,37,37,6,80,69,63,63,61,61,61,49,37,37,37,37,37,37,37,61,49,80,65,32,32,26,28,28,12,14,14,34,36,38,38,35,59,41],"gold":213,"neow_bonus":"THREE_ENEMY_KILL","is_prod":false,"is_daily":false,"chose_seed":false,"campfire_upgraded":7,"win_rate":0,"timestamp":1548935659,"path_taken":["M","?","?","M","?","R","$","M","T","M","M","R","M","M","R","BOSS","M","M","?","M","M","R","E","?","T","M","R","M","?","$","R","BOSS","M","?","$","M","M","R","M","M","T","?","M","M","R","M","R","BOSS"],"build_version":"2019-01-23","purchased_purges":1,"victory":true,"max_hp_per_floor":[75,80,80,80,80,80,80,80,80,80,80,80,80,80,80,80,80,80,80,80,80,80,80,80,80,80,80,80,80,80,80,80,80,80,80,80,80,80,80,80,80,80,80,80,80,80,80,80,80,80],"card_choices":[{"not_picked":["Rebound","Lockon"],"picked":"Beam Cell","floor":1.0},{"not_picked":["Barrage","Beam Cell","Rebound"],"picked":"SKIP","floor":4.0},{"not_picked":["Doom and Gloom","Turbo"],"picked":"Coolheaded","floor":5.0},{"not_picked":["Turbo","Chaos"],"picked":"Storm","floor":8.0},{"not_picked":["Reinforced Body","Chaos"],"picked":"Sweeping Beam","floor":10.0},{"not_picked":["Beam Cell","Gash"],"picked":"Compile Driver","floor":11.0},{"not_picked":["Tempest","Skim"],"picked":"Amplify","floor":13.0},{"not_picked":["Scrape","Gash"],"picked":"Turbo","floor":14.0},{"not_picked":["Core Surge","Meteor Strike"],"picked":"Seek","floor":16.0},{"not_picked":["Steam","Recycle"],"picked":"Cold Snap","floor":18.0},{"not_picked":["Leap+1","Go for the Eyes"],"picked":"Chill+1","floor":19.0},{"not_picked":["Storm","Redo","Go for the Eyes"],"picked":"SKIP","floor":21.0},{"not_picked":["Leap","Self Repair"],"picked":"Defragment","floor":22.0},{"not_picked":["Capacitor","Sweeping Beam"],"picked":"Blizzard+1","floor":24.0},{"not_picked":["Rip and Tear+1","Stack"],"picked":"Coolheaded","floor":27.0},{"not_picked":["Doom and Gloom+1","Rebound+1"],"picked":"Hologram","floor":29.0},{"not_picked":["Reboot","Seek"],"picked":"Biased Cognition","floor":33.0},{"not_picked":["FTL+1","Ball Lightning+1"],"picked":"Cold Snap+1","floor":35.0},{"not_picked":["Fusion+1","Ball Lightning+1"],"picked":"Streamline+1","floor":36.0},{"not_picked":["Turbo","Genetic Algorithm","Hyperbeam+1"],"picked":"SKIP","floor":38.0},{"not_picked":["Stack","Gash+1","Cold Snap+1"],"picked":"SKIP","floor":39.0},{"not_picked":["Gash+1","Hello World+1","Sweeping Beam+1"],"picked":"SKIP","floor":41.0},{"not_picked":["Streamline+1","Compile Driver+1","Redo+1"],"picked":"SKIP","floor":42.0},{"not_picked":["Gash+1","Hologram+1"],"picked":"Barrage+1","floor":45.0},{"not_picked":["Stack+1","Coolheaded+1"],"picked":"BootSequence+1","floor":46.0},{"not_picked":["Steam Power","Self Repair+1"],"picked":"Conserve Battery+1","floor":48}],"player_experience":264918,"relics_obtained":[{"floor":9.0,"key":"Shuriken"},{"floor":24.0,"key":"Potion Belt"},{"floor":24.0,"key":"Bottled Tornado"},{"floor":25.0,"key":"Du-Vu Doll"},{"floor":25.0,"key":"Molten Egg 2"},{"floor":26.0,"key":"Blood Vial"},{"floor":36.0,"key":"FossilizedHelix"}],"event_choices":[{"damage_healed":0.0,"max_hp_gain":5.0,"max_hp_loss":0.0,"gold_gain":0.0,"event_name":"Big Fish","player_choice":"Donut","floor":2.0,"gold_loss":0.0,"damage_taken":0.0},{"damage_healed":0.0,"max_hp_gain":0.0,"max_hp_loss":0.0,"gold_gain":0.0,"event_name":"Upgrade Shrine","player_choice":"Upgraded","floor":3.0,"gold_loss":0.0,"damage_taken":0.0,"cards_upgraded":["Beam Cell"]},{"damage_healed":0.0,"max_hp_gain":0.0,"max_hp_loss":0.0,"gold_gain":0.0,"event_name":"Back to Basics","player_choice":"Simplicity","floor":20.0,"gold_loss":0.0,"damage_taken":0.0,"cards_upgraded":["Strike_B","Strike_B","Strike_B","Strike_B","Defend_B","Defend_B","Defend_B","Defend_B"]},{"damage_healed":0.0,"max_hp_gain":0.0,"max_hp_loss":0.0,"gold_gain":0.0,"event_name":"Colosseum","player_choice":"Fight","floor":25.0,"gold_loss":0.0,"damage_taken":0.0},{"damage_healed":0.0,"max_hp_gain":0.0,"max_hp_loss":0.0,"gold_gain":0.0,"event_name":"Colosseum","player_choice":"Fought Nobs","floor":25.0,"gold_loss":0.0,"damage_taken":0.0},{"damage_healed":0.0,"max_hp_gain":0.0,"max_hp_loss":0.0,"gold_gain":0.0,"event_name":"Addict","player_choice":"Obtained Relic","floor":30.0,"gold_loss":85.0,"damage_taken":0.0,"relics_obtained":["Dream Catcher"]},{"damage_healed":0.0,"max_hp_gain":0.0,"max_hp_loss":0.0,"gold_gain":0.0,"event_name":"Mysterious Sphere","player_choice":"Fight","floor":36.0,"gold_loss":0.0,"damage_taken":0.0},{"damage_healed":20.0,"max_hp_gain":0.0,"max_hp_loss":0.0,"gold_gain":0.0,"event_name":"Winding Halls","player_choice":"Writhe","floor":44.0,"gold_loss":0.0,"damage_taken":0.0,"cards_obtained":["Writhe"]}],"is_beta":false,"boss_relics":[{"not_picked":["Tiny House","Sozu"],"picked":"Black Star"},{"not_picked":["Runic Dome","Lizard Tail"],"picked":"Cursed Key"}],"items_purged_floors":[37],"is_endless":false,"potions_floor_spawned":[5,8,13,16,18,19,21,25,33,35,36,39,45,46],"ascension_level":0}