{"path_per_floor":["M","?","M","$","M","R","M","M","T","M","R","M","R","M","R","B",null,"M","?","M","$","M","R","M","M","T","M","R","M","M","M","R"],"character_chosen":"IRONCLAD","items_purchased":["Shrug It Off"],"gold_per_floor":[117,117,128,30,44,44,60,70,122,137,137,157,157,171,171,274,274,285,185,195,95,109,109,127,144,144,162,162,178,194,206,206],"floor_reached":33,"campfire_rested":3,"playtime":1519,"current_hp_per_floor":[78,78,80,80,80,80,79,58,58,54,54,51,76,80,80,45,84,84,84,78,78,64,64,36,36,36,38,65,74,39,48,76],"items_purged":["Strike_R","Strike_R"],"gold":206,"score":274,"play_id":"4bd6338c-0ed4-4cb5-89de-0bb9b3720d44","local_time":"20180317203817","is_prod":false,"is_daily":false,"is_ascension_mode":false,"campfire_upgraded":4,"timestamp":1521315497,"path_taken":["M","?","M","$","M","R","M","M","T","M","R","M","R","M","R","BOSS","M","?","M","$","M","R","M","?","T","M","R","M","?","M","R","BOSS"],"build_version":"2018-03-15v2","purchased_purges":2,"victory":false,"master_deck":["Strike_R","Strike_R","Defend_R","Defend_R","Defend_R","Defend_R","Bash+1","Flex","Shrug It Off","Sword Boomerang+1","Shrug It Off","Demon Form+1","Shockwave","Shrug It Off+1","Limit Break+1","J.A.X.","Twin Strike","Ghostly Armor","Flame Barrier+1"],"max_hp_per_floor":[80,80,80,80,80,80,80,80,80,82,82,84,84,84,84,84,84,86,86,86,86,88,88,88,88,88,90,90,92,94,96,96],"relics":["Black Blood","Singing Bowl","Thread and Needle"],"card_choices":[{"not_picked":["Cleave","Iron Wave"],"picked":"Flex"},{"not_picked":["Sever Soul","Wild Strike"],"picked":"Sword Boomerang"},{"not_picked":["Burning Pact","Body Slam"],"picked":"Demon Form"},{"not_picked":["Clothesline","Pommel Strike"],"picked":"Shockwave"},{"not_picked":["Cleave","True Grit"],"picked":"Shrug It Off"},{"not_picked":["Reaper","Feed"],"picked":"Limit Break"},{"not_picked":["Bloodletting","Clash"],"picked":"Twin Strike"},{"not_picked":["Rampage","Pommel Strike"],"picked":"Ghostly Armor"},{"not_picked":["Headbutt","Rage"],"picked":"Flame Barrier"}],"player_experience":108510,"potions_floor_usage":[18,22,25,27,30,31],"damage_taken":[{"damage":8.0,"enemies":"Jaw Worm","floor":1.0,"turns":3.0},{"damage":0.0,"enemies":"Cultist","floor":3.0,"turns":3.0},{"damage":2.0,"enemies":"2 Louse","floor":5.0,"turns":2.0},{"damage":7.0,"enemies":"Exordium Wildlife","floor":7.0,"turns":6.0},{"damage":27.0,"enemies":"Gremlin Gang","floor":8.0,"turns":6.0},{"damage":12.0,"enemies":"Blue Slaver","floor":10.0,"turns":3.0},{"damage":11.0,"enemies":"Exordium Wildlife","floor":12.0,"turns":6.0},{"damage":2.0,"enemies":"Looter","floor":14.0,"turns":3.0},{"damage":41.0,"enemies":"Hexaghost","floor":16.0,"turns":7.0},{"damage":12,"enemies":"Shell Parasite","floor":18,"turns":7},{"damage":16,"enemies":"3 Byrds","floor":20,"turns":6},{"damage":26,"enemies":"Snake Plant","floor":22,"turns":4},{"damage":38,"enemies":"Centurion and Healer","floor":24,"turns":5},{"damage":10,"enemies":"Snecko","floor":25,"turns":5},{"damage":10,"enemies":"Cultist and Chosen","floor":27,"turns":6},{"damage":3,"enemies":"Centurion and Healer","floor":29,"turns":13},{"damage":47,"enemies":"Slaver and Parasite","floor":30,"turns":5},{"damage":3,"enemies":"Chosen and Byrds","floor":31,"turns":6},{"damage":77,"enemies":"Automaton","floor":33,"turns":10}],"event_choices":[{"event_name":"Transmorgrifier","player_choice":"Transform","floor":2.0,"damage_taken":0.0},{"event_name":"Drug Dealer","player_choice":"Got JAXXED","floor":19,"damage_taken":0}],"boss_relics":[{"not_picked":["Philosopher\u0027s Stone","Question Card"],"picked":"Black Blood"}],"potions_floor_spawned":[3,7,10,16,20,22,24,30],"seed_played":"-3515559217149559263","killed_by":"Automaton","ascension_level":0,"is_trial":false}