{"gold_per_floor":[111,124,51,51,70,104,104,104,104,120,135,145,145,34,34,135,135,148,161,83,83,96,96,0,12,61,79,79,91,101,101,101,197,247,257,157,168,221,238,238,250,250,250,250,86,99,99,134,134,134],"floor_reached":51,"playtime":2206,"items_purged":["Strike_G","Strike_G","Defend_G"],"score":806,"play_id":"98465f4f-d9d9-478c-8ce5-bb10adaf5822","local_time":"20190129185536","is_ascension_mode":false,"campfire_choices":[{"floor":13.0,"key":"REST"},{"floor":15.0,"key":"REST"},{"data":"Cloak And Dagger","floor":23.0,"key":"SMITH"},{"data":"Cloak And Dagger","floor":28.0,"key":"SMITH"},{"data":"A Thousand Cuts","floor":32.0,"key":"SMITH"},{"data":"Cloak And Dagger","floor":40,"key":"SMITH"},{"data":"Blade Dance","floor":42,"key":"SMITH"},{"data":"Blade Dance","floor":47,"key":"SMITH"},{"floor":49,"key":"REST"}],"neow_cost":"NONE","seed_source_timestamp":4178807148099,"circlet_count":0,"master_deck":["Defend_G+1","Defend_G","Defend_G","Strike_G","Strike_G","Strike_G","Survivor","Neutralize","Dodge and Roll","Cloak And Dagger+1","Infinite Blades","Cloak And Dagger+1","Burst","Blade Dance+1","Backstab","Bullet Time","Cloak And Dagger+1","Footwork","Ghostly","Ghostly","Ghostly","Ghostly","Ghostly","Infinite Blades","A Thousand Cuts+1","Skewer","Doppelganger","Blade Dance+1","Choke+1","Dodge and Roll+1","Terror","Parasite","Footwork+1"],"special_seed":0,"relics":["Ring of the Snake","NeowsBlessing","Shuriken","Peace Pipe","Strawberry","Kunai","Snecko Eye","Regal Pillow","Tiny House","Gambling Chip","Ice Cream","Potion Belt"],"potions_floor_usage":[50,50,50,50],"damage_taken":[{"damage":0.0,"enemies":"Jaw Worm","floor":1.0,"turns":1.0},{"damage":0.0,"enemies":"Cultist","floor":2.0,"turns":1.0},{"damage":0.0,"enemies":"2 Louse","floor":5.0,"turns":1.0},{"damage":37.0,"enemies":"Lagavulin","floor":6.0,"turns":11.0},{"damage":0.0,"enemies":"Blue Slaver","floor":10.0,"turns":5.0},{"damage":9.0,"enemies":"Gremlin Gang","floor":11.0,"turns":5.0},{"damage":1.0,"enemies":"2 Fungi Beasts","floor":12.0,"turns":5.0},{"damage":7.0,"enemies":"Slime Boss","floor":16.0,"turns":10.0},{"damage":10.0,"enemies":"3 Byrds","floor":18.0,"turns":7.0},{"damage":0.0,"enemies":"Chosen","floor":19.0,"turns":5.0},{"damage":1.0,"enemies":"Shelled Parasite and Fungi","floor":22.0,"turns":6.0},{"damage":3.0,"enemies":"Snake Plant","floor":25.0,"turns":7.0},{"damage":3.0,"enemies":"3 Cultists","floor":27.0,"turns":7.0},{"damage":2.0,"enemies":"Cultist and Chosen","floor":29.0,"turns":10.0},{"damage":3.0,"enemies":"Snake Plant","floor":30.0,"turns":7.0},{"damage":2.0,"enemies":"Colosseum Slavers","floor":31.0,"turns":4.0},{"damage":0.0,"enemies":"Collector","floor":33.0,"turns":9.0},{"damage":0.0,"enemies":"3 Darklings","floor":35.0,"turns":5.0},{"damage":0.0,"enemies":"Orb Walker","floor":37.0,"turns":4.0},{"damage":3.0,"enemies":"2 Orb Walkers","floor":38.0,"turns":6.0},{"damage":2,"enemies":"3 Darklings","floor":39,"turns":5},{"damage":2,"enemies":"Transient","floor":41,"turns":5},{"damage":8,"enemies":"Writhing Mass","floor":46,"turns":3},{"damage":0,"enemies":"Nemesis","floor":48,"turns":5},{"damage":2,"enemies":"Awakened One","floor":50,"turns":10}],"seed_played":"6673956891740445103","potions_obtained":[{"floor":2.0,"key":"Regen Potion"},{"floor":10.0,"key":"Ancient Potion"},{"floor":11.0,"key":"EssenceOfSteel"},{"floor":12.0,"key":"SpeedPotion"},{"floor":18.0,"key":"Dexterity Potion"},{"floor":33.0,"key":"SkillPotion"},{"floor":34.0,"key":"Fire Potion"},{"floor":37.0,"key":"AttackPotion"},{"floor":38,"key":"FearPotion"},{"floor":41,"key":"Weak Potion"},{"floor":48,"key":"SkillPotion"}],"is_trial":false,"path_per_floor":["M","M","$","?","M","E","?","?","T","M","M","M","R","$","R","B",null,"M","M","$","?","M","R","?","M","T","M","R","M","M","?","R","B",null,"M","$","M","?","M","R","M","R","T","?","$","M","R","E","R","B",null],"character_chosen":"THE_SILENT","items_purchased":["Infinite Blades","Backstab","Footwork","Terror"],"campfire_rested":3,"item_purchase_floors":[3,14,20,45],"current_hp_per_floor":[70,70,70,70,70,33,22,15,15,15,6,5,28,28,51,44,77,67,67,67,38,37,37,37,34,34,31,31,29,26,24,24,24,43,43,43,43,40,38,38,36,36,36,36,36,28,28,28,43,41],"gold":134,"neow_bonus":"THREE_ENEMY_KILL","is_prod":false,"is_daily":false,"chose_seed":false,"campfire_upgraded":6,"win_rate":0,"timestamp":1548809736,"path_taken":["M","M","$","?","?","E","?","?","T","M","M","M","R","?","R","BOSS","M","?","$","?","M","R","?","M","T","M","R","M","M","?","R","BOSS","M","$","M","?","M","R","M","R","T","?","?","M","R","E","R","BOSS"],"build_version":"2019-01-23","purchased_purges":3,"victory":true,"max_hp_per_floor":[70,70,70,70,70,70,77,77,77,77,77,77,77,77,77,77,77,77,77,77,38,38,38,38,38,38,38,38,38,38,38,38,38,43,43,43,43,43,43,43,43,43,43,43,43,43,43,43,43,43],"card_choices":[{"not_picked":["Bane","Quick Slash"],"picked":"Dodge and Roll","floor":1.0},{"not_picked":["Concentrate","Blade Dance"],"picked":"Cloak And Dagger","floor":2.0},{"not_picked":["Riddle With Holes","Bane","Tactician"],"picked":"SKIP","floor":5.0},{"not_picked":["Storm of Steel","Heel Hook","Bane"],"picked":"SKIP","floor":6.0},{"not_picked":["Dodge and Roll","Blade Dance"],"picked":"Cloak And Dagger","floor":10.0},{"not_picked":["Leg Sweep","Underhanded Strike"],"picked":"Burst","floor":11.0},{"not_picked":["Dagger Spray","Deflect"],"picked":"Blade Dance","floor":12.0},{"not_picked":["Wraith Form v2","Venomology"],"picked":"Bullet Time","floor":16.0},{"not_picked":["Dodge and Roll","Escape Plan","Bane"],"picked":"SKIP","floor":18.0},{"not_picked":["Tactician","Endless Agony"],"picked":"Cloak And Dagger","floor":19.0},{"not_picked":["Endless Agony+1","Caltrops","Dagger Throw+1"],"picked":"SKIP","floor":22.0},{"not_picked":["Masterful Stab","Dagger Throw+1","Catalyst"],"picked":"SKIP","floor":25.0},{"not_picked":["Blade Dance","Acrobatics"],"picked":"Infinite Blades","floor":27.0},{"not_picked":["A Thousand Cuts","Flying Knee","Footwork"],"picked":"SKIP","floor":29.0},{"not_picked":["Flying Knee","Footwork"],"picked":"A Thousand Cuts","floor":29.0},{"not_picked":["Deflect","Dagger Throw"],"picked":"Skewer","floor":30.0},{"not_picked":["Phantasmal Killer","Storm of Steel"],"picked":"Doppelganger","floor":33.0},{"not_picked":["Distraction+1","Deflect"],"picked":"Blade Dance","floor":34.0},{"not_picked":["Reflex+1","Bane","Underhanded Strike+1"],"picked":"SKIP","floor":35.0},{"not_picked":["Setup","Heel Hook+1","Endless Agony+1"],"picked":"SKIP","floor":37.0},{"not_picked":["Noxious Fumes","Finisher+1"],"picked":"Choke+1","floor":38},{"not_picked":["Dagger Spray+1","Finisher","PiercingWail+1"],"picked":"SKIP","floor":39},{"not_picked":["Reflex","Dagger Throw"],"picked":"Dodge and Roll+1","floor":41},{"not_picked":["Blade Dance+1","Bane+1"],"picked":"Footwork+1","floor":46},{"not_picked":["Quick Slash+1","Well Laid Plans+1","Catalyst"],"picked":"SKIP","floor":48}],"player_experience":672857,"relics_obtained":[{"floor":6.0,"key":"Peace Pipe"},{"floor":9.0,"key":"Kunai"},{"floor":26.0,"key":"Regal Pillow"},{"floor":38,"key":"Gambling Chip"},{"floor":43,"key":"Ice Cream"},{"floor":48,"key":"Potion Belt"}],"event_choices":[{"damage_healed":0.0,"max_hp_gain":0.0,"max_hp_loss":0.0,"gold_gain":0.0,"event_name":"WeMeetAgain","player_choice":"Gave Potion","floor":4.0,"gold_loss":0.0,"damage_taken":0.0,"relics_obtained":["Shuriken"]},{"damage_healed":0.0,"max_hp_gain":0.0,"max_hp_loss":0.0,"gold_gain":0.0,"event_name":"Scrap Ooze","player_choice":"Success","floor":7.0,"gold_loss":0.0,"damage_taken":18.0,"relics_obtained":["Strawberry"]},{"cards_removed":["Defend_G"],"damage_healed":0.0,"max_hp_gain":0.0,"max_hp_loss":0.0,"gold_gain":0.0,"event_name":"Golden Wing","player_choice":"Card Removal","floor":8.0,"gold_loss":0.0,"damage_taken":7.0},{"damage_healed":0.0,"max_hp_gain":0.0,"max_hp_loss":39.0,"gold_gain":0.0,"event_name":"Ghosts","player_choice":"Became a Ghost","floor":21.0,"gold_loss":0.0,"damage_taken":0.0,"cards_obtained":["Ghostly","Ghostly","Ghostly","Ghostly","Ghostly"]},{"damage_healed":0.0,"max_hp_gain":0.0,"max_hp_loss":0.0,"gold_gain":0.0,"event_name":"Masked Bandits","player_choice":"Paid Fearfully","floor":24.0,"gold_loss":96.0,"damage_taken":0.0},{"damage_healed":0.0,"max_hp_gain":0.0,"max_hp_loss":0.0,"gold_gain":0.0,"event_name":"Colosseum","player_choice":"Fight","floor":31.0,"gold_loss":0.0,"damage_taken":0.0},{"damage_healed":0.0,"max_hp_gain":0.0,"max_hp_loss":0.0,"gold_gain":0.0,"event_name":"Colosseum","player_choice":"Fled From Nobs","floor":31.0,"gold_loss":0.0,"damage_taken":0.0},{"damage_healed":0.0,"max_hp_gain":0.0,"max_hp_loss":0.0,"gold_gain":0.0,"event_name":"Mysterious Sphere","player_choice":"Fight","floor":38.0,"gold_loss":0.0,"damage_taken":0.0},{"damage_healed":0,"gold_gain":0,"player_choice":"Ignored","damage_taken":0,"max_hp_gain":0,"max_hp_loss":0,"event_name":"Tomb of Lord Red Mask","floor":44,"gold_loss":0}],"is_beta":false,"boss_relics":[{"not_picked":["WristBlade","Runic Pyramid"],"picked":"Snecko Eye"},{"not_picked":["Calling Bell","Lizard Tail"],"picked":"Tiny House"}],"items_purged_floors":[14,36,45],"is_endless":false,"potions_floor_spawned":[2,10,11,12,18,27,30,31,33,37,38,41,48],"ascension_level":0}