{"gold_per_floor":[116,116,137,11,29,70,95,109,132,32,58,72,72],"floor_reached":13,"playtime":156,"items_purged":["Defend_R","Defend_R"],"score":87,"play_id":"362880e6-a91c-49e0-b0c9-78b3d04b416e","local_time":"20190120190658","is_ascension_mode":false,"campfire_choices":[],"neow_cost":"NONE","seed_source_timestamp":74834319973958,"circlet_count":0,"master_deck":["Strike_R","Strike_R","Strike_R","Strike_R","Strike_R","Bash","Clash","Flex","Flex","Clash"],"special_seed":0,"relics":["Empty Cage","Golden Idol","Shuriken","Ancient Tea Set","Strawberry"],"potions_floor_usage":[],"damage_taken":[{"damage":11.0,"enemies":"Jaw Worm","floor":1.0,"turns":3.0},{"damage":0.0,"enemies":"Small Slimes","floor":3.0,"turns":3.0},{"damage":7.0,"enemies":"2 Louse","floor":5.0,"turns":2.0},{"damage":36.0,"enemies":"Lagavulin","floor":6.0,"turns":4.0},{"damage":0.0,"enemies":"Large Slime","floor":7.0,"turns":2.0},{"damage":12.0,"enemies":"2 Fungi Beasts","floor":8.0,"turns":2.0},{"damage":0,"enemies":"3 Louse","floor":12,"turns":2}],"seed_played":"4185744831707330322","potions_obtained":[{"floor":3.0,"key":"Regen Potion"},{"floor":5.0,"key":"Fruit Juice"},{"floor":7.0,"key":"SpeedPotion"}],"is_trial":false,"path_per_floor":["M","?","M","$","M","E","M","M","T","$","T","M","?"],"character_chosen":"IRONCLAD","items_purchased":["Flex"],"campfire_rested":0,"item_purchase_floors":[4],"current_hp_per_floor":[69,49,49,49,42,23,23,11,11,11,18,18,0],"gold":72,"neow_bonus":"BOSS_RELIC","is_prod":false,"is_daily":false,"chose_seed":false,"campfire_upgraded":0,"win_rate":1,"timestamp":1548029218,"path_taken":["M","?","M","$","M","E","M","M","T","$","?","M","?"],"build_version":"2018-12-20","purchased_purges":2,"victory":false,"max_hp_per_floor":[80,80,80,80,80,85,85,85,85,85,92,92,92],"card_choices":[{"not_picked":["Carnage","Rage"],"picked":"Clash","floor":3.0},{"not_picked":["Seeing Red","Dropkick"],"picked":"Flex","floor":5.0},{"not_picked":["Entrench","Twin Strike"],"picked":"Clash","floor":6.0}],"player_experience":132954,"relics_obtained":[{"floor":6.0,"key":"Shuriken"},{"floor":9.0,"key":"Ancient Tea Set"},{"floor":11,"key":"Strawberry"}],"event_choices":[{"damage_healed":0.0,"max_hp_gain":0.0,"max_hp_loss":0.0,"gold_gain":0.0,"event_name":"Golden Idol","player_choice":"Take Damage","floor":2.0,"gold_loss":0.0,"damage_taken":20.0,"relics_obtained":["Golden Idol"]}],"is_beta":false,"boss_relics":[],"items_purged_floors":[4,10],"is_endless":false,"potions_floor_spawned":[3,5,7],"ascension_level":0}