{"gold_per_floor":[114,130,130,141,154,154,179,179,258,258,270,298,120,132,132,231,231,243,263,72,85,14,40,40,51,122,141,41,57,90,107,107,205,205,216,230,85,85,134,134,0,0,80,106,31,49,49,49,49,49,49,49,0,25,25],"floor_reached":55,"playtime":14913,"items_purged":["Strike_B","Defend_B"],"score":747,"play_id":"2fa46284-ba31-4d54-883a-001aad8ded97","local_time":"20190201172919","is_ascension_mode":false,"campfire_choices":[{"data":"Capacitor","floor":6.0,"key":"SMITH"},{"data":"Consume","floor":8.0,"key":"SMITH"},{"data":"Dualcast","floor":10.0,"key":"SMITH"},{"data":"Defragment","floor":15.0,"key":"SMITH"},{"data":"Loop","floor":24.0,"key":"SMITH"},{"data":"Loop","floor":32.0,"key":"SMITH"},{"floor":40.0,"key":"REST"},{"data":"Coolheaded","floor":42.0,"key":"SMITH"},{"floor":47.0,"key":"RECALL"},{"floor":49.0,"key":"REST"},{"data":"Coolheaded","floor":52.0,"key":"SMITH"}],"neow_cost":"NONE","seed_source_timestamp":0,"circlet_count":0,"master_deck":["Strike_B","Defend_B","Defend_B","Defend_B","Zap+1","Dualcast+1","Chill+1","Cold Snap","Capacitor+1","BootSequence","Consume+1","Self Repair","Defragment+1","Heatsinks","Beam Cell+1","Cold Snap+1","Seek+1","Turbo+1","Loop+1","Coolheaded+1","Go for the Eyes+1","Sweeping Beam+1","Loop+1","Hologram","Hello World+1","Melter+1","Coolheaded+1","Madness","Madness+1","Defragment+1","Coolheaded+1"],"special_seed":0,"relics":["Cracked Core","Molten Egg 2","Tiny Chest","Bag of Marbles","Empty Cage","Gremlin Horn","Regal Pillow","Velvet Choker","Bag of Preparation","StoneCalendar","Red Mask","Dodecahedron","Sundial","War Paint"],"potions_floor_usage":[55,55],"damage_taken":[{"damage":1.0,"enemies":"Cultist","floor":1.0,"turns":3.0},{"damage":4.0,"enemies":"Jaw Worm","floor":2.0,"turns":2.0},{"damage":0.0,"enemies":"Small Slimes","floor":4.0,"turns":3.0},{"damage":0.0,"enemies":"3 Louse","floor":5.0,"turns":3.0},{"damage":10.0,"enemies":"3 Sentries","floor":7.0,"turns":11.0},{"damage":0.0,"enemies":"Blue Slaver","floor":11.0,"turns":3.0},{"damage":14.0,"enemies":"Gremlin Nob","floor":12.0,"turns":4.0},{"damage":13.0,"enemies":"Gremlin Gang","floor":14.0,"turns":6.0},{"damage":14.0,"enemies":"Slime Boss","floor":16.0,"turns":10.0},{"damage":0.0,"enemies":"Chosen","floor":18.0,"turns":5.0},{"damage":0.0,"enemies":"3 Byrds","floor":19.0,"turns":6.0},{"damage":0.0,"enemies":"Snecko","floor":21.0,"turns":6.0},{"damage":7.0,"enemies":"Gremlin Leader","floor":23.0,"turns":11.0},{"damage":2.0,"enemies":"Shelled Parasite and Fungi","floor":25.0,"turns":8.0},{"damage":0.0,"enemies":"Cultist and Chosen","floor":27.0,"turns":6.0},{"damage":0.0,"enemies":"Centurion and Healer","floor":29.0,"turns":8.0},{"damage":7.0,"enemies":"Book of Stabbing","floor":30.0,"turns":7.0},{"damage":4.0,"enemies":"Snake Plant","floor":31.0,"turns":4.0},{"damage":24.0,"enemies":"Collector","floor":33.0,"turns":10.0},{"damage":0.0,"enemies":"Orb Walker","floor":35.0,"turns":6.0},{"damage":3.0,"enemies":"3 Shapes","floor":36.0,"turns":5.0},{"damage":76.0,"enemies":"2 Orb Walkers","floor":39.0,"turns":7.0},{"damage":5.0,"enemies":"Nemesis","floor":44.0,"turns":11.0},{"damage":0.0,"enemies":"3 Darklings","floor":46.0,"turns":7.0},{"damage":0.0,"enemies":"Donu and Deca","floor":50.0,"turns":9.0},{"damage":6.0,"enemies":"Shield and Spear","floor":54.0,"turns":10.0},{"damage":82,"enemies":"The Heart","floor":55,"turns":15}],"seed_played":"-1422016910137060603","potions_obtained":[{"floor":1.0,"key":"Strength Potion"},{"floor":7.0,"key":"Regen Potion"},{"floor":11.0,"key":"Fire Potion"},{"floor":16.0,"key":"SpeedPotion"},{"floor":19.0,"key":"Regen Potion"},{"floor":23.0,"key":"SpeedPotion"},{"floor":29.0,"key":"Dexterity Potion"},{"floor":31.0,"key":"EssenceOfSteel"},{"floor":33.0,"key":"AttackPotion"},{"floor":39.0,"key":"Regen Potion"},{"floor":44.0,"key":"GamblersBrew"}],"is_trial":false,"path_per_floor":["M","M","?","M","M","R","E","R","T","R","M","E","$","M","R","B",null,"M","M","$","M","$","E","R","M","T","M","$","M","E","M","R","B",null,"M","M","$","?","?","R","?","R","T","E","$","M","R","$","R","B",null,"R","$","E","B"],"character_chosen":"DEFECT","items_purchased":["Heatsinks","Beam Cell+1","Loop","Coolheaded","Go for the Eyes+1","Sweeping Beam+1","Loop","Bag of Preparation","EssenceOfSteel","Dexterity Potion"],"campfire_rested":2,"item_purchase_floors":[13,13,20,20,20,20,22,37,45,53],"current_hp_per_floor":[74,70,70,70,70,70,60,60,60,60,60,62,62,56,56,49,75,75,75,75,75,75,75,75,75,75,75,75,75,75,75,75,58,75,75,75,75,66,5,42,42,42,42,59,59,66,66,66,75,75,75,75,75,75,0],"gold":25,"neow_bonus":"UPGRADE_CARD","is_prod":false,"is_daily":false,"chose_seed":false,"campfire_upgraded":8,"win_rate":0,"timestamp":1549042159,"path_taken":["M","M","?","M","M","R","E","R","T","R","M","E","$","M","R","BOSS","M","M","?","?","$","E","R","M","T","M","$","M","E","M","R","BOSS","M","M","$","?","?","R","?","R","T","E","$","M","R","?","R","BOSS","R","$","E","BOSS"],"build_version":"2019-01-23","purchased_purges":2,"victory":false,"max_hp_per_floor":[75,75,75,75,75,75,75,75,75,75,75,75,75,75,75,75,75,75,75,75,75,75,75,75,75,75,75,75,75,75,75,75,75,75,75,75,75,75,75,75,75,75,75,75,75,75,75,75,75,75,75,75,75,75,75],"card_choices":[{"not_picked":["Static Discharge","Barrage"],"picked":"Chill","floor":1.0},{"not_picked":["FTL","Redo"],"picked":"Cold Snap","floor":2.0},{"not_picked":["Aggregate","Gash"],"picked":"Capacitor","floor":4.0},{"not_picked":["Conserve Battery","Darkness"],"picked":"BootSequence","floor":5.0},{"not_picked":["Ball Lightning","Aggregate"],"picked":"Consume","floor":7.0},{"not_picked":["Streamline+1","Stack"],"picked":"Self Repair","floor":11.0},{"not_picked":["Hologram","Aggregate"],"picked":"Defragment","floor":12.0},{"not_picked":["Redo","Undo"],"picked":"Cold Snap+1","floor":14.0},{"not_picked":["Multi-Cast","Meteor Strike+1"],"picked":"Seek","floor":16.0},{"not_picked":["Compile Driver+1","Conserve Battery+1","Aggregate"],"picked":"SKIP","floor":18.0},{"not_picked":["Auto Shields","Streamline+1"],"picked":"Turbo+1","floor":19.0},{"not_picked":["Skim","Rip and Tear+1","Redo"],"picked":"SKIP","floor":21.0},{"not_picked":["Leap+1","Rebound+1","Sunder+1"],"picked":"SKIP","floor":23.0},{"not_picked":["Beam Cell+1","Compile Driver+1","Redo+1"],"picked":"SKIP","floor":25.0},{"not_picked":["Sweeping Beam+1","Loop"],"picked":"Hologram","floor":27.0},{"not_picked":["Sweeping Beam+1","Hologram+1"],"picked":"Hello World+1","floor":29.0},{"not_picked":["Consume","Biased Cognition"],"picked":"Melter+1","floor":30.0},{"not_picked":["Loop","Cold Snap+1"],"picked":"Coolheaded","floor":31.0},{"not_picked":["Chill+1","Doom and Gloom+1","Sweeping Beam+1"],"picked":"SKIP","floor":35.0},{"not_picked":["Redo","Stack+1","Consume+1"],"picked":"SKIP","floor":36.0},{"not_picked":["Recycle","Auto Shields","Rainbow"],"picked":"SKIP","floor":44.0},{"not_picked":["Steam","Beam Cell+1"],"picked":"Defragment+1","floor":46.0},{"not_picked":["Doom and Gloom+1","Compile Driver+1"],"picked":"Coolheaded+1","floor":54.0}],"player_experience":305547,"relics_obtained":[{"floor":7.0,"key":"Molten Egg 2"},{"floor":9.0,"key":"Tiny Chest"},{"floor":12.0,"key":"Bag of Marbles"},{"floor":23.0,"key":"Gremlin Horn"},{"floor":30.0,"key":"Regal Pillow"},{"floor":39.0,"key":"StoneCalendar"},{"floor":43.0,"key":"Dodecahedron"},{"floor":44.0,"key":"Sundial"},{"floor":54.0,"key":"War Paint"}],"event_choices":[{"damage_healed":0.0,"max_hp_gain":0.0,"max_hp_loss":0.0,"gold_gain":0.0,"event_name":"Accursed Blacksmith","player_choice":"Forge","floor":3.0,"gold_loss":0.0,"damage_taken":0.0,"cards_upgraded":["Chill"]},{"damage_healed":0.0,"max_hp_gain":0.0,"max_hp_loss":0.0,"gold_gain":0.0,"event_name":"Winding Halls","player_choice":"Embrace Madness","floor":38.0,"gold_loss":0.0,"damage_taken":9.0,"cards_obtained":["Madness","Madness"]},{"damage_healed":0.0,"max_hp_gain":0.0,"max_hp_loss":0.0,"gold_gain":0.0,"event_name":"Mysterious Sphere","player_choice":"Fight","floor":39.0,"gold_loss":0.0,"damage_taken":0.0},{"damage_healed":0.0,"max_hp_gain":0.0,"max_hp_loss":0.0,"gold_gain":0.0,"event_name":"Tomb of Lord Red Mask","player_choice":"Paid","floor":41.0,"gold_loss":134.0,"damage_taken":0.0,"relics_obtained":["Red Mask"]}],"is_beta":false,"boss_relics":[{"not_picked":["Eternal Feather","Fusion Hammer"],"picked":"Empty Cage"},{"not_picked":["Calling Bell","Cursed Key"],"picked":"Velvet Choker"}],"items_purged_floors":[13,28],"is_endless":false,"potions_floor_spawned":[1,7,11,16,19,23,29,30,31,33,39,44],"killed_by":"The Heart","ascension_level":0}