{"gold_per_floor":[115,415,425,425,445,477,477,495,495,495,511,17,50,65,65,139,139,149,159,159,170,170],"floor_reached":22,"playtime":848,"items_purged":["Strike_B"],"score":396,"play_id":"932ea2bb-4f47-4e6b-8240-7ef95ed658c9","local_time":"20181228001739","is_ascension_mode":true,"campfire_choices":[{"floor":7.0,"key":"REST"},{"floor":10.0,"key":"REST"},{"data":"Defragment","floor":15.0,"key":"SMITH"}],"neow_cost":"NONE","seed_source_timestamp":3614623536184,"circlet_count":0,"master_deck":["AscendersBane","Strike_B","Defend_B","Defend_B","Defend_B","Defend_B","Zap","Dualcast","Beam Cell","Darkness","Redo","Genetic Algorithm","Double Energy","FTL+1","Defragment+1","Buffer","Cold Snap+1","Hyperbeam+1","Fusion","Compile Driver+1"],"special_seed":0,"relics":["Cracked Core","Old Coin","Mercury Hourglass","Molten Egg 2","PreservedInsect","Oddly Smooth Stone","Singing Bowl","Cursed Key"],"potions_floor_usage":[19],"damage_taken":[{"damage":2.0,"enemies":"Jaw Worm","floor":1.0,"turns":4.0},{"damage":9.0,"enemies":"Small Slimes","floor":3.0,"turns":3.0},{"damage":2.0,"enemies":"Cultist","floor":5.0,"turns":4.0},{"damage":11.0,"enemies":"Gremlin Nob","floor":6.0,"turns":3.0},{"damage":12.0,"enemies":"Gremlin Gang","floor":8.0,"turns":4.0},{"damage":14.0,"enemies":"2 Fungi Beasts","floor":11.0,"turns":3.0},{"damage":2.0,"enemies":"Lagavulin","floor":13.0,"turns":4.0},{"damage":0.0,"enemies":"3 Louse","floor":14.0,"turns":3.0},{"damage":2.0,"enemies":"Hexaghost","floor":16.0,"turns":9.0},{"damage":4,"enemies":"Shell Parasite","floor":18,"turns":4},{"damage":11,"enemies":"Chosen","floor":19,"turns":7},{"damage":11,"enemies":"Sentry and Sphere","floor":21,"turns":4},{"damage":36,"enemies":"Snake Plant","floor":22,"turns":3}],"seed_played":"-4695446116305983442","potions_obtained":[{"floor":3.0,"key":"GamblersBrew"},{"floor":11.0,"key":"SpeedPotion"},{"floor":14.0,"key":"EssenceOfSteel"}],"is_trial":false,"path_per_floor":["M","?","M","?","M","E","R","M","T","R","M","$","E","M","R","B",null,"M","M","?","M","M"],"character_chosen":"DEFECT","items_purchased":["Defragment","PreservedInsect","Oddly Smooth Stone"],"campfire_rested":2,"item_purchase_floors":[12,12,12],"current_hp_per_floor":[62,27,18,18,16,5,26,14,14,35,21,21,19,19,19,17,58,54,43,43,34,0],"gold":170,"neow_bonus":"REMOVE_CARD","is_prod":false,"is_daily":false,"chose_seed":false,"campfire_upgraded":1,"win_rate":0,"timestamp":1545923859,"path_taken":["M","?","M","?","M","E","R","M","T","R","?","$","E","M","R","BOSS","M","?","?","M","M"],"build_version":"2018-12-20","purchased_purges":1,"victory":false,"max_hp_per_floor":[71,71,71,71,71,71,71,71,71,71,71,71,71,71,71,71,71,71,71,71,73,73],"card_choices":[{"not_picked":["Steam","Leap"],"picked":"Beam Cell","floor":1.0},{"not_picked":["Scrape","Skim"],"picked":"Darkness","floor":3.0},{"not_picked":["Go for the Eyes","Conserve Battery"],"picked":"Redo","floor":5.0},{"not_picked":["Static Discharge","Skim"],"picked":"Genetic Algorithm","floor":6.0},{"not_picked":["Streamline","Rip and Tear"],"picked":"Double Energy","floor":8.0},{"not_picked":["Reprogram","Rebound+1"],"picked":"FTL+1","floor":11.0},{"not_picked":["Ball Lightning+1","Sweeping Beam+1"],"picked":"Buffer","floor":13.0},{"not_picked":["Sweeping Beam+1","Barrage+1"],"picked":"Cold Snap+1","floor":14.0},{"not_picked":["Rainbow","Reboot"],"picked":"Hyperbeam+1","floor":16.0},{"not_picked":["Conserve Battery","Rebound+1"],"picked":"Fusion","floor":18},{"not_picked":["Sunder+1","Beam Cell+1"],"picked":"Compile Driver+1","floor":19},{"not_picked":["Conserve Battery","Scrape+1","Redo+1"],"picked":"Singing Bowl","floor":21}],"player_experience":869782,"relics_obtained":[{"floor":6.0,"key":"Mercury Hourglass"},{"floor":9.0,"key":"Molten Egg 2"},{"floor":13.0,"key":"Singing Bowl"}],"event_choices":[{"damage_healed":0.0,"max_hp_gain":0.0,"max_hp_loss":0.0,"gold_gain":0.0,"event_name":"Scrap Ooze","player_choice":"Success","floor":2.0,"gold_loss":0.0,"damage_taken":35.0,"relics_obtained":["Old Coin"]},{"cards_removed":["Strike_B"],"damage_healed":0.0,"max_hp_gain":0.0,"max_hp_loss":0.0,"gold_gain":0.0,"event_name":"Purifier","player_choice":"Purged","floor":4.0,"gold_loss":0.0,"damage_taken":0.0},{"damage_healed":0,"gold_gain":0,"player_choice":"Ignored","damage_taken":0,"max_hp_gain":0,"max_hp_loss":0,"event_name":"Vampires","floor":20,"gold_loss":0}],"is_beta":false,"boss_relics":[{"not_picked":["Runic Dome","Busted Crown"],"picked":"Cursed Key"}],"items_purged_floors":[12],"is_endless":false,"potions_floor_spawned":[3,11,14],"killed_by":"Snake Plant","ascension_level":20}