{"gold_per_floor":[114,133,143,157,169,169,183,67,67,16,16],"floor_reached":11,"playtime":1317,"items_purged":["Strike_R"],"score":67,"play_id":"8e1d338b-eaa6-4abd-b2bc-517dbee457f5","local_time":"20190201140724","is_ascension_mode":false,"campfire_choices":[{"data":"Armaments","floor":6,"key":"SMITH"}],"neow_cost":"PERCENT_DAMAGE","seed_source_timestamp":10553222999083,"circlet_count":0,"master_deck":["Strike_R","Strike_R","Strike_R","Strike_R","Defend_R","Defend_R","Defend_R","Defend_R","Bash","Flex","Shrug It Off","Armaments+1","Infernal Blade","Metallicize","Shrug It Off"],"relics":["Burning Blood","Du-Vu Doll","Potion Belt"],"potions_floor_usage":[3,5,7],"damage_taken":[{"damage":6,"enemies":"Cultist","floor":1,"turns":5},{"damage":3,"enemies":"Small Slimes","floor":2,"turns":3},{"damage":5,"enemies":"2 Louse","floor":3,"turns":3},{"damage":21,"enemies":"2 Fungi Beasts","floor":4,"turns":6},{"damage":20,"enemies":"Exordium Wildlife","floor":5,"turns":6},{"damage":11,"enemies":"Exordium Thugs","floor":7,"turns":6},{"damage":38,"enemies":"Lagavulin Event","floor":11,"turns":8}],"seed_played":"-530439088878753119","potions_obtained":[{"floor":2,"key":"Fruit Juice"},{"floor":4,"key":"SkillPotion"},{"floor":5,"key":"FearPotion"},{"floor":7,"key":"Ancient Potion"}],"is_trial":false,"path_per_floor":["M","M","M","M","M","R","M","$","T","$","?"],"character_chosen":"IRONCLAD","items_purchased":["Metallicize","Shrug It Off"],"campfire_rested":0,"item_purchase_floors":[8,10],"current_hp_per_floor":[56,59,65,50,36,36,31,31,31,31,0],"gold":16,"neow_bonus":"ONE_RARE_RELIC","is_prod":false,"is_daily":false,"chose_seed":false,"campfire_upgraded":1,"win_rate":0,"timestamp":1549051644,"path_taken":["M","M","?","M","M","R","M","$","T","?","?"],"build_version":"2019-01-23","purchased_purges":1,"victory":false,"max_hp_per_floor":[80,80,85,85,85,85,85,85,85,85,85],"card_choices":[{"not_picked":["Pommel Strike","Clothesline"],"picked":"Flex","floor":1},{"not_picked":["Armaments","Havoc"],"picked":"Shrug It Off","floor":3},{"not_picked":["Sword Boomerang","Thunderclap"],"picked":"Armaments","floor":4},{"not_picked":["Seeing Red","Iron Wave"],"picked":"Infernal Blade","floor":5},{"not_picked":["Sever Soul","Warcry","Pommel Strike"],"picked":"SKIP","floor":7}],"player_experience":694793,"relics_obtained":[{"floor":9,"key":"Potion Belt"}],"event_choices":[{"damage_healed":0,"gold_gain":0,"player_choice":"Searched \u00272\u0027 times","damage_taken":0,"max_hp_gain":0,"max_hp_loss":0,"event_name":"Dead Adventurer","floor":11,"gold_loss":0}],"is_beta":false,"boss_relics":[],"items_purged_floors":[8],"is_endless":false,"potions_floor_spawned":[2,4,5,7],"killed_by":"Lagavulin Event","ascension_level":0}