{"gold_per_floor":[111,34,47,64,64,99,115,142,142,142,67,102,31,31],"floor_reached":14,"playtime":2595,"items_purged":["Strike_G"],"score":216,"play_id":"157f417b-c93b-41d8-8ca7-89250323b302","local_time":"20181216115745","is_ascension_mode":true,"campfire_choices":[{"floor":10,"key":"REST"}],"neow_cost":"NONE","seed_source_timestamp":7641565504940,"circlet_count":0,"master_deck":["AscendersBane","Defend_G","Defend_G","Defend_G+1","Defend_G","Defend_G","Strike_G","Strike_G","Strike_G","Strike_G","Survivor","Neutralize","Predator+1","Slice","Distraction","Bouncing Flask","Riddle With Holes","Caltrops","Dodge and Roll"],"relics":["Ring of the Snake","NeowsBlessing","Anchor","Dodecahedron","Shovel","Prayer Wheel","Blood Vial"],"potions_floor_usage":[6,8,8,14],"damage_taken":[{"damage":0,"enemies":"Jaw Worm","floor":1,"turns":1},{"damage":0,"enemies":"Cultist","floor":3,"turns":1},{"damage":0,"enemies":"Small Slimes","floor":4,"turns":1},{"damage":17,"enemies":"Lagavulin","floor":6,"turns":6},{"damage":1,"enemies":"Looter","floor":7,"turns":4},{"damage":6,"enemies":"Gremlin Nob","floor":8,"turns":3},{"damage":27,"enemies":"3 Sentries","floor":12,"turns":8},{"damage":11,"enemies":"Lagavulin","floor":14,"turns":5}],"seed_played":"-5437582887913003123","potions_obtained":[{"floor":3,"key":"FearPotion"},{"floor":6,"key":"Strength Potion"},{"floor":7,"key":"PowerPotion"},{"floor":8,"key":"LiquidBronze"}],"is_trial":false,"path_per_floor":["M","?","M","M","?","E","M","E","T","R","$","E","?","E"],"character_chosen":"THE_SILENT","items_purchased":[],"campfire_rested":1,"item_purchase_floors":[],"current_hp_per_floor":[59,59,59,59,39,22,21,15,15,34,34,7,7,0],"gold":31,"neow_bonus":"THREE_ENEMY_KILL","is_prod":false,"is_daily":false,"chose_seed":false,"campfire_upgraded":0,"win_rate":0,"timestamp":1544957865,"path_taken":["M","?","M","?","?","E","M","E","T","R","$","E","?","E"],"build_version":"2018-12-13","purchased_purges":1,"victory":false,"max_hp_per_floor":[66,66,66,66,66,66,66,66,66,66,66,66,66,66],"card_choices":[{"not_picked":["Slice","Flying Knee"],"picked":"Predator","floor":1},{"not_picked":["Dodge and Roll","Underhanded Strike"],"picked":"Slice","floor":3},{"not_picked":["PiercingWail","Dagger Spray"],"picked":"Distraction","floor":4},{"not_picked":["PiercingWail","Grand Finale"],"picked":"Bouncing Flask","floor":6},{"not_picked":["Underhanded Strike","Heel Hook"],"picked":"Riddle With Holes","floor":7},{"not_picked":["Deflect","Slice"],"picked":"Caltrops","floor":8},{"not_picked":["Dagger Throw","Endless Agony"],"picked":"Dodge and Roll","floor":12}],"player_experience":1866529,"relics_obtained":[{"floor":6,"key":"Dodecahedron"},{"floor":8,"key":"Shovel"},{"floor":9,"key":"Prayer Wheel"},{"floor":12,"key":"Blood Vial"}],"event_choices":[{"damage_healed":0,"gold_gain":0,"player_choice":"Paid Gold","damage_taken":0,"relics_obtained":["Anchor"],"max_hp_gain":0,"max_hp_loss":0,"event_name":"WeMeetAgain","floor":2,"gold_loss":77},{"damage_healed":0,"gold_gain":0,"player_choice":"Entered Light","damage_taken":20,"max_hp_gain":0,"max_hp_loss":0,"event_name":"Shining Light","floor":5,"gold_loss":0,"cards_upgraded":["Defend_G","Predator"]},{"damage_healed":0,"gold_gain":0,"player_choice":"Left Gold","damage_taken":0,"max_hp_gain":0,"max_hp_loss":0,"event_name":"World of Goop","floor":13,"gold_loss":71}],"is_beta":false,"boss_relics":[],"items_purged_floors":[11],"is_endless":false,"potions_floor_spawned":[3,6,7,8],"killed_by":"Lagavulin","ascension_level":20}