{"gold_per_floor":[109,109,124,199,218,218,252,252,326,352,352,367,25,44,44,120,120,130,55,74,74,86,86,86],"floor_reached":24,"playtime":740,"items_purged":["Strike_B"],"score":486,"play_id":"aa2c3ee2-eb15-427d-8773-0b4ef63fdcc4","local_time":"20181213011228","is_ascension_mode":true,"campfire_choices":[{"data":"Sunder","floor":6.0,"key":"SMITH"},{"data":"Zap","floor":8.0,"key":"SMITH"},{"floor":11,"key":"REST"},{"data":"Defragment","floor":15,"key":"SMITH"},{"floor":23,"key":"REST"}],"neow_cost":"NONE","seed_source_timestamp":0,"circlet_count":0,"master_deck":["AscendersBane","Strike_B","Strike_B","Defend_B","Defend_B","Defend_B+1","Defend_B","Zap+1","Dualcast+1","Sunder+1","Ball Lightning","Defragment+1","Streamline","Genetic Algorithm","Reinforced Body","Hologram","Rip and Tear","Machine Learning","All For One","Stack+1","Glacier","Writhe","Conserve Battery","FTL"],"special_seed":0,"relics":["FrozenCore","Dream Catcher","Ornamental Fan","PreservedInsect","ClockworkSouvenir","Blood Vial"],"potions_floor_usage":[10,10,16,18,22],"damage_taken":[{"damage":7.0,"enemies":"Jaw Worm","floor":1.0,"turns":4.0},{"damage":3.0,"enemies":"2 Louse","floor":3.0,"turns":3.0},{"damage":0.0,"enemies":"Cultist","floor":5.0,"turns":2.0},{"damage":15.0,"enemies":"3 Sentries","floor":7.0,"turns":5.0},{"damage":10,"enemies":"Gremlin Nob","floor":10,"turns":4},{"damage":7,"enemies":"Lots of Slimes","floor":12,"turns":3},{"damage":0,"enemies":"Exordium Thugs","floor":14,"turns":4},{"damage":0,"enemies":"Slime Boss","floor":16,"turns":5},{"damage":51,"enemies":"3 Byrds","floor":18,"turns":7},{"damage":2,"enemies":"Spheric Guardian","floor":20,"turns":4},{"damage":13,"enemies":"Snake Plant","floor":22,"turns":5},{"damage":42,"enemies":"3 Cultists","floor":24,"turns":6}],"seed_played":"3048298661958289753","potions_obtained":[{"floor":5.0,"key":"SpeedPotion"},{"floor":7.0,"key":"Block Potion"},{"floor":12,"key":"Energy Potion"},{"floor":16,"key":"Fruit Juice"},{"floor":20,"key":"LiquidBronze"}],"is_trial":false,"path_per_floor":["M","?","M","?","M","R","E","R","T","E","R","M","$","M","R","B",null,"M","?","M","?","M","R","M"],"character_chosen":"DEFECT","items_purchased":["ClockworkSouvenir","Rip and Tear"],"campfire_rested":2,"item_purchase_floors":[13,13],"current_hp_per_floor":[64,41,38,27,27,27,12,12,12,2,25,18,18,18,18,18,63,17,17,15,15,4,28,0],"gold":86,"neow_bonus":"TEN_PERCENT_HP_BONUS","is_prod":false,"is_daily":false,"chose_seed":false,"campfire_upgraded":3,"win_rate":0,"timestamp":1544631148,"path_taken":["M","?","M","?","M","R","E","R","T","E","R","M","?","M","R","BOSS","M","?","M","?","M","R","M"],"build_version":"2018-12-06","purchased_purges":1,"victory":false,"max_hp_per_floor":[78,78,78,78,78,78,78,78,78,78,78,78,78,78,78,78,78,83,83,83,83,83,83,83],"card_choices":[{"not_picked":["Rebound","Steam"],"picked":"Sunder","floor":1.0},{"not_picked":["Undo","Capacitor"],"picked":"Ball Lightning","floor":3.0},{"not_picked":["Sunder","Conserve Battery"],"picked":"Defragment","floor":5.0},{"not_picked":["Defragment","Steam"],"picked":"Streamline","floor":7.0},{"not_picked":["Cold Snap","Beam Cell"],"picked":"Genetic Algorithm","floor":10},{"not_picked":["Streamline","Compile Driver"],"picked":"Reinforced Body","floor":11},{"not_picked":["Tempest","Streamline"],"picked":"Hologram","floor":12},{"not_picked":["Conserve Battery","Compile Driver"],"picked":"Machine Learning","floor":14},{"not_picked":["Machine Learning","Multi-Cast"],"picked":"All For One","floor":16},{"not_picked":["Beam Cell","Defragment"],"picked":"Stack+1","floor":18},{"not_picked":["Stack","Blizzard"],"picked":"Glacier","floor":20},{"not_picked":["Steam","Recycle"],"picked":"Conserve Battery","floor":22},{"not_picked":["Coolheaded","Stack"],"picked":"FTL","floor":23}],"player_experience":984453,"relics_obtained":[{"floor":7.0,"key":"Dream Catcher"},{"floor":9.0,"key":"Ornamental Fan"},{"floor":10,"key":"PreservedInsect"}],"event_choices":[{"damage_healed":0.0,"max_hp_gain":0.0,"max_hp_loss":0.0,"gold_gain":0.0,"event_name":"Shining Light","player_choice":"Entered Light","floor":2.0,"gold_loss":0.0,"damage_taken":23.0,"cards_upgraded":["Defend_B","Dualcast"]},{"damage_healed":0.0,"max_hp_gain":0.0,"max_hp_loss":0.0,"gold_gain":75.0,"event_name":"World of Goop","player_choice":"Gather Gold","floor":4.0,"gold_loss":0.0,"damage_taken":11.0},{"cards_removed":["Strike_B"],"damage_healed":0,"gold_gain":0,"player_choice":"Gave Gold","damage_taken":0,"max_hp_gain":0,"max_hp_loss":0,"event_name":"Beggar","floor":19,"gold_loss":75},{"damage_healed":0,"gold_gain":0,"player_choice":"Opened","damage_taken":0,"relics_obtained":["Blood Vial"],"max_hp_gain":0,"max_hp_loss":0,"event_name":"The Mausoleum","floor":21,"gold_loss":0,"cards_obtained":["Writhe"]}],"is_beta":false,"boss_relics":[{"not_picked":["Snecko Eye","Velvet Choker"],"picked":"FrozenCore"}],"items_purged_floors":[13],"is_endless":false,"potions_floor_spawned":[5,7,12,16,20],"killed_by":"3 Cultists","ascension_level":18}