{"gold_per_floor":[118,193,206,356,53,53,78,36,89,89,124,135,135,150,150,221,221,240,77,127,127,127,127,127],"floor_reached":24,"playtime":939,"items_purged":["Doubt"],"score":450,"play_id":"085bed85-e6b4-4b02-8e76-357c550aea7e","local_time":"20181216175419","is_ascension_mode":true,"campfire_choices":[{"data":"Neutralize","floor":6,"key":"SMITH"},{"data":"Skewer","floor":10,"key":"SMITH"},{"data":"A Thousand Cuts","floor":13,"key":"SMITH"},{"data":"Deadly Poison","floor":15,"key":"SMITH"},{"data":"Envenom","floor":23,"key":"SMITH"}],"neow_cost":"NONE","seed_source_timestamp":30695250736486,"circlet_count":0,"master_deck":["AscendersBane","Defend_G+1","Defend_G+1","Defend_G+1","Defend_G+1","Defend_G+1","Strike_G+1","Strike_G+1","Strike_G+1","Strike_G+1","Strike_G+1","Survivor","Neutralize+1","Predator","Quick Slash","Skewer+1","Endless Agony","A Thousand Cuts+1","PiercingWail","Deadly Poison+1","Envenom+1","Blade Dance","Backstab","Well Laid Plans","Ghostly","Ghostly","Ghostly"],"relics":["Ring of the Snake","NeowsBlessing","Tiny Chest","Potion Belt","Whetstone","Vajra","Philosopher\u0027s Stone"],"potions_floor_usage":[11,11,14,16],"damage_taken":[{"damage":0,"enemies":"Small Slimes","floor":1,"turns":1},{"damage":0,"enemies":"Jaw Worm","floor":3,"turns":1},{"damage":0,"enemies":"Lagavulin","floor":7,"turns":1},{"damage":19,"enemies":"3 Sentries","floor":11,"turns":11},{"damage":0,"enemies":"Cultist","floor":12,"turns":2},{"damage":2,"enemies":"Large Slime","floor":14,"turns":3},{"damage":41,"enemies":"Hexaghost","floor":16,"turns":11},{"damage":23,"enemies":"3 Byrds","floor":18,"turns":3},{"damage":28,"enemies":"Gremlin Leader","floor":24,"turns":5}],"seed_played":"3712694969588176127","potions_obtained":[{"floor":1,"key":"Regen Potion"},{"floor":3,"key":"Block Potion"},{"floor":12,"key":"SteroidPotion"},{"floor":14,"key":"SpeedPotion"}],"is_trial":false,"path_per_floor":["M","?","M","?","$","R","E","$","T","R","E","M","R","M","R","B",null,"M","$","?","?","?","R","E"],"character_chosen":"THE_SILENT","items_purchased":["Skewer","Tiny Chest","Endless Agony","Backstab","Well Laid Plans"],"campfire_rested":0,"item_purchase_floors":[5,5,8,19,19],"current_hp_per_floor":[59,48,48,48,48,48,48,48,48,48,44,44,44,42,42,1,50,27,27,27,27,27,27,0],"gold":127,"neow_bonus":"THREE_ENEMY_KILL","is_prod":false,"is_daily":false,"chose_seed":false,"campfire_upgraded":5,"win_rate":0,"timestamp":1544979259,"path_taken":["M","?","M","?","$","R","E","?","T","R","E","M","R","M","R","BOSS","M","$","?","?","?","R","E"],"build_version":"2018-12-13","purchased_purges":1,"victory":false,"max_hp_per_floor":[66,66,66,66,66,66,66,66,66,66,66,66,66,66,66,66,66,66,66,66,33,33,33,33],"card_choices":[{"not_picked":["Concentrate","PiercingWail"],"picked":"Predator","floor":1},{"not_picked":["Underhanded Strike","Bane"],"picked":"Quick Slash","floor":3},{"not_picked":["Outmaneuver","Flying Knee","Distraction"],"picked":"SKIP","floor":7},{"not_picked":["Quick Slash","Poisoned Stab"],"picked":"A Thousand Cuts","floor":11},{"not_picked":["Acrobatics","Accuracy"],"picked":"PiercingWail","floor":12},{"not_picked":["PiercingWail","Sucker Punch"],"picked":"Deadly Poison","floor":14},{"not_picked":["Wraith Form v2","Unload"],"picked":"Envenom","floor":16},{"not_picked":["Sucker Punch","Outmaneuver"],"picked":"Blade Dance","floor":18}],"player_experience":1879529,"relics_obtained":[{"floor":7,"key":"Potion Belt"},{"floor":9,"key":"Whetstone"},{"floor":11,"key":"Vajra"}],"event_choices":[{"damage_healed":0,"gold_gain":75,"player_choice":"Gather Gold","damage_taken":11,"max_hp_gain":0,"max_hp_loss":0,"event_name":"World of Goop","floor":2,"gold_loss":0},{"damage_healed":0,"gold_gain":150,"player_choice":"AGREE","damage_taken":0,"max_hp_gain":0,"max_hp_loss":0,"event_name":"Liars Game","floor":4,"gold_loss":0,"cards_obtained":["Doubt"]},{"damage_healed":0,"gold_gain":50,"player_choice":"Stole From Cult","damage_taken":0,"max_hp_gain":0,"max_hp_loss":0,"event_name":"Nest","floor":20,"gold_loss":0},{"damage_healed":0,"gold_gain":0,"player_choice":"Became a Ghost","damage_taken":0,"max_hp_gain":0,"max_hp_loss":33,"event_name":"Ghosts","floor":21,"gold_loss":0,"cards_obtained":["Ghostly","Ghostly","Ghostly"]},{"damage_healed":0,"gold_gain":0,"player_choice":"Simplicity","damage_taken":0,"max_hp_gain":0,"max_hp_loss":0,"event_name":"Back to Basics","floor":22,"gold_loss":0,"cards_upgraded":["Defend_G","Defend_G","Defend_G","Defend_G","Defend_G","Strike_G","Strike_G","Strike_G"]}],"is_beta":false,"boss_relics":[{"not_picked":["Runic Pyramid","Lizard Tail"],"picked":"Philosopher\u0027s Stone"}],"items_purged_floors":[5],"is_endless":false,"potions_floor_spawned":[1,3,12,14],"killed_by":"Gremlin Leader","ascension_level":20}