{"gold_per_floor":[111,131,6,24,99,99,130,140,163,163,163],"floor_reached":11,"playtime":249,"items_purged":["Defend_B"],"score":142,"play_id":"f60529fc-e77e-46d2-817a-3eb6ce4f70bc","local_time":"20181214041411","is_ascension_mode":true,"campfire_choices":[{"data":"Loop","floor":6.0,"key":"SMITH"}],"neow_cost":"NONE","seed_source_timestamp":0,"circlet_count":0,"master_deck":["AscendersBane","Strike_B","Strike_B","Strike_B","Defend_B","Defend_B","Defend_B","Zap","Dualcast","Loop+1","Redo","Conserve Battery","Multi-Cast","Hologram","Sunder"],"special_seed":0,"relics":["Cracked Core","Regal Pillow","Bronze Scales"],"potions_floor_usage":[7],"damage_taken":[{"damage":6.0,"enemies":"Cultist","floor":1.0,"turns":3.0},{"damage":3.0,"enemies":"2 Louse","floor":2.0,"turns":4.0},{"damage":0.0,"enemies":"Small Slimes","floor":4.0,"turns":4.0},{"damage":25,"enemies":"Lagavulin","floor":7,"turns":5},{"damage":20,"enemies":"Gremlin Gang","floor":8,"turns":6},{"damage":8,"enemies":"Gremlin Nob","floor":11,"turns":2}],"seed_played":"434461054863241645","potions_obtained":[{"floor":4.0,"key":"AttackPotion"},{"floor":8,"key":"Block Potion"}],"is_trial":false,"path_per_floor":["M","M","$","M","?","R","E","M","T","?","E"],"character_chosen":"DEFECT","items_purchased":["Conserve Battery"],"campfire_rested":0,"item_purchase_floors":[3],"current_hp_per_floor":[65,62,62,62,51,51,26,6,6,6,0],"gold":163,"neow_bonus":"TEN_PERCENT_HP_BONUS","is_prod":false,"is_daily":false,"chose_seed":false,"campfire_upgraded":1,"win_rate":0,"timestamp":1544728451,"path_taken":["M","M","?","M","?","R","E","M","T","?","E"],"build_version":"2018-12-06","purchased_purges":1,"victory":false,"max_hp_per_floor":[78,78,78,78,78,78,78,78,78,78,78],"card_choices":[{"not_picked":["Sweeping Beam","Static Discharge"],"picked":"Loop","floor":1.0},{"not_picked":["Rebound","Turbo"],"picked":"Redo","floor":2.0},{"not_picked":["Chaos","Compile Driver"],"picked":"Multi-Cast","floor":4.0},{"not_picked":["Rebound","Stack"],"picked":"Hologram","floor":7},{"not_picked":["Reinforced Body","Compile Driver"],"picked":"Sunder","floor":8}],"player_experience":996022,"relics_obtained":[{"floor":7,"key":"Regal Pillow"},{"floor":9,"key":"Bronze Scales"}],"event_choices":[{"damage_healed":0.0,"max_hp_gain":0.0,"max_hp_loss":0.0,"gold_gain":75.0,"event_name":"World of Goop","player_choice":"Gather Gold","floor":5.0,"gold_loss":0.0,"damage_taken":11.0},{"cards_removed":["Strike_B"],"damage_healed":0,"gold_gain":0,"player_choice":"Purged","damage_taken":0,"max_hp_gain":0,"max_hp_loss":0,"event_name":"Purifier","floor":10,"gold_loss":0}],"is_beta":false,"boss_relics":[],"items_purged_floors":[3],"is_endless":false,"potions_floor_spawned":[4,8],"killed_by":"Gremlin Nob","ascension_level":19}