{"gold_per_floor":[168,24,37,51,51,77,77,93,93,113,83,102,117,42,42,42],"floor_reached":16,"playtime":1308,"items_purged":["Strike_R"],"score":104,"play_id":"f4ded3c3-a431-4ab8-adfd-1750ce0ad403","local_time":"20181013191216","is_ascension_mode":false,"campfire_choices":[{"floor":7,"key":"REST"},{"floor":15,"key":"REST"}],"neow_cost":"NONE","seed_source_timestamp":177967764469496,"circlet_count":0,"master_deck":["Strike_R","Strike_R","Strike_R","Defend_R","Defend_R","Defend_R","Defend_R+1","Bash","Headbutt","Armaments","Dual Wield","Rampage","Infernal Blade","Twin Strike","Sever Soul","Inflame","Headbutt","Flame Barrier"],"relics":["Tiny House","Dream Catcher","Question Card","Gremlin Horn"],"potions_floor_usage":[6,6,16,16,16],"damage_taken":[{"damage":1,"enemies":"Small Slimes","floor":1,"turns":4},{"damage":0,"enemies":"Jaw Worm","floor":3,"turns":3},{"damage":7,"enemies":"Cultist","floor":4,"turns":5},{"damage":51,"enemies":"Lagavulin","floor":6,"turns":10},{"damage":17,"enemies":"3 Louse","floor":8,"turns":4},{"damage":0,"enemies":"Lots of Slimes","floor":10,"turns":3},{"damage":6,"enemies":"Red Slaver","floor":12,"turns":3},{"damage":6,"enemies":"2 Fungi Beasts","floor":13,"turns":3},{"damage":41,"enemies":"Hexaghost","floor":16,"turns":9}],"seed_played":"-2355971884476235946","potions_obtained":[{"floor":0,"key":"SpeedPotion"},{"floor":3,"key":"EssenceOfSteel"},{"floor":10,"key":"Ancient Potion"},{"floor":11,"key":"Dexterity Potion"},{"floor":11,"key":"SkillPotion"},{"floor":13,"key":"Fire Potion"}],"is_trial":false,"path_per_floor":["M","$","M","M","?","E","R","M","T","M","?","M","M","$","R"],"character_chosen":"IRONCLAD","items_purchased":["Dream Catcher"],"campfire_rested":2,"item_purchase_floors":[2],"current_hp_per_floor":[84,84,84,77,70,19,44,27,27,27,27,21,15,15,40,0],"gold":42,"neow_bonus":"BOSS_RELIC","is_prod":false,"is_daily":false,"chose_seed":false,"campfire_upgraded":0,"win_rate":0.0,"timestamp":1539411136,"path_taken":["M","$","M","M","?","E","R","?","T","M","?","M","M","$","R","BOSS"],"build_version":"2018-10-11","purchased_purges":1,"victory":false,"max_hp_per_floor":[85,85,85,85,85,85,85,85,85,85,85,85,85,85,85,85],"card_choices":[{"not_picked":["Anger","Body Slam"],"picked":"Headbutt","floor":0},{"not_picked":["Feel No Pain","Clothesline"],"picked":"Armaments","floor":1},{"not_picked":["Cleave","Fire Breathing"],"picked":"Dual Wield","floor":3},{"not_picked":["Power Through","Hemokinesis"],"picked":"Rampage","floor":4},{"not_picked":["Berserk","Whirlwind"],"picked":"Infernal Blade","floor":6},{"not_picked":["Warcry","Hemokinesis","Armaments"],"picked":"Twin Strike","floor":7},{"not_picked":["Sword Boomerang","Dark Embrace","Clash"],"picked":"Sever Soul","floor":8},{"not_picked":["Flex","Headbutt","Reckless Charge"],"picked":"Inflame","floor":10},{"not_picked":["Sword Boomerang","Perfected Strike","True Grit"],"picked":"Headbutt","floor":12},{"not_picked":["Burning Pact","Searing Blow","Iron Wave","Flex"],"picked":"SKIP","floor":13},{"not_picked":["Flex","Sword Boomerang","Metallicize"],"picked":"Flame Barrier","floor":15}],"player_experience":5798,"relics_obtained":[{"floor":6,"key":"Question Card"},{"floor":9,"key":"Gremlin Horn"}],"event_choices":[{"event_name":"Golden Wing","player_choice":"Card Removal","floor":5,"damage_taken":0},{"event_name":"The Woman in Blue","player_choice":"Bought 2 Potions","floor":11,"damage_taken":0}],"is_beta":false,"boss_relics":[],"items_purged_floors":[14],"is_endless":false,"potions_floor_spawned":[3,10,13],"killed_by":"Hexaghost","ascension_level":0}