{"gold_per_floor":[118,118,130,47,122,122,140,169,169,204,204,217,217,237,237,314,314,329,346,378,395,395],"floor_reached":22,"playtime":762,"items_purged":[],"score":387,"play_id":"d0bd1bdf-89e5-44cf-ade3-c8672013f725","local_time":"20180714113841","daily_mods":["Binary"],"is_ascension_mode":true,"campfire_choices":[{"data":"Barrage","floor":6,"key":"SMITH"},{"data":"Glacier","floor":11,"key":"SMITH"},{"floor":13,"key":"REST"},{"data":"Zap","floor":15,"key":"SMITH"}],"neow_cost":"","seed_source_timestamp":0,"circlet_count":0,"master_deck":["Strike_B","Strike_B","Strike_B","Defend_B","Defend_B","Defend_B","Defend_B","Zap+1","Dualcast","AscendersBane","Glacier+1","Barrage+1"],"relics":["Cracked Core","Busted Crown","Frozen Egg 2","Vajra","Molten Egg 2","Inserter","Red Mask"],"potions_floor_usage":[8,10,16,18,20,21],"damage_taken":[{"damage":2,"enemies":"Jaw Worm","floor":1,"turns":3},{"damage":0,"enemies":"Small Slimes","floor":3,"turns":3},{"damage":0,"enemies":"Cultist","floor":7,"turns":3},{"damage":0,"enemies":"3 Sentries","floor":8,"turns":6},{"damage":6,"enemies":"Gremlin Nob","floor":10,"turns":3},{"damage":9,"enemies":"Red Slaver","floor":12,"turns":4},{"damage":0,"enemies":"Large Slime","floor":14,"turns":4},{"damage":25,"enemies":"Slime Boss","floor":16,"turns":7},{"damage":0,"enemies":"Chosen","floor":18,"turns":5},{"damage":0,"enemies":"Spheric Guardian","floor":19,"turns":3},{"damage":35,"floor":20,"turns":8},{"damage":7,"enemies":"Slaver and Parasite","floor":21,"turns":6},{"damage":31,"enemies":"Cultist and Chosen","floor":22,"turns":7}],"seed_played":"-8228314986560348037","potions_obtained":[{"floor":3,"key":"Ancient Potion"},{"floor":7,"key":"PowerPotion"},{"floor":10,"key":"FearPotion"},{"floor":16,"key":"Fire Potion"},{"floor":18,"key":"Dexterity Potion"},{"floor":20,"key":"SkillPotion"}],"is_trial":true,"path_per_floor":["M","?","M","$","?","R","M","E","T","E","R","M","R","M","R","B",null,"M","M","?","M"],"character_chosen":"DEFECT","items_purchased":["Glacier","Barrage"],"campfire_rested":1,"item_purchase_floors":[4,4],"current_hp_per_floor":[62,55,55,55,44,44,44,44,44,38,38,29,50,50,50,25,60,60,60,25,18,0],"gold":395,"neow_bonus":"","is_prod":false,"is_daily":false,"chose_seed":false,"campfire_upgraded":3,"win_rate":0,"timestamp":1531593521,"path_taken":["M","?","M","$","?","R","M","E","T","E","R","M","R","M","R","BOSS","M","?","?","M","M"],"build_version":"2018-07-13","purchased_purges":0,"victory":false,"max_hp_per_floor":[71,71,71,71,71,71,71,71,71,71,71,71,71,71,71,71,71,71,71,71,71,71],"card_choices":[],"player_experience":632841,"relics_obtained":[{"floor":8,"key":"Frozen Egg 2"},{"floor":9,"key":"Vajra"},{"floor":10,"key":"Molten Egg 2"},{"floor":20,"key":"Red Mask"}],"event_choices":[{"event_name":"Golden Wing","player_choice":"Card Removal","floor":2,"damage_taken":0},{"event_name":"World of Goop","player_choice":"Gather Gold","floor":5,"damage_taken":0},{"event_name":"Masked Bandits","player_choice":"Fought over 346 gold","floor":20,"damage_taken":0}],"boss_relics":[{"not_picked":["Sozu","Black Star"],"picked":"Inserter"}],"items_purged_floors":[],"is_endless":false,"potions_floor_spawned":[3,7,10,16,18,20],"killed_by":"Cultist and Chosen","ascension_level":15}