{"gold_per_floor":[111,26,74,74,86,40,40,67,67,79,79,79,98,113,113,212,212],"floor_reached":17,"playtime":598,"items_purged":[],"score":225,"play_id":"c418610e-5197-44a0-a4c6-03b43d204a44","local_time":"20181012185148","is_ascension_mode":true,"campfire_choices":[{"data":"Neutralize","floor":11,"key":"SMITH"},{"data":"Bludgeon","floor":12,"key":"SMITH"},{"floor":15,"key":"REST"}],"neow_cost":"NONE","seed_source_timestamp":28097891416123,"circlet_count":0,"master_deck":["Strike_R","Strike_R","Strike_R","Strike_R","Strike_R","Defend_R","Defend_R","Defend_R","Defend_R+1","Bash","hubris:Gluttony","Neutralize+1","Bludgeon+1","Good Instincts","infinitespire:Collect","Carnage","Spot Weakness","ReplayTheSpireMod:Strike From Hell","True Grit","hubris:ReadiedAction","Rampage","Cleave","Shockwave","Limit Break"],"relics":["ReplayTheSpireMod:SealedPack","infinitespire:Beetle Shell","infinitespire:Lucky Rock","WingedGreaves","Painkiller Herb"],"potions_floor_usage":[13,14,16],"damage_taken":[{"damage":0,"enemies":"Cultist","floor":1,"turns":3},{"damage":4,"enemies":"Small Slimes","floor":5,"turns":3},{"damage":26,"enemies":"Lagavulin","floor":8,"turns":8},{"damage":12,"enemies":"Jaw Worm","floor":10,"turns":2},{"damage":14,"enemies":"Exordium Wildlife","floor":13,"turns":3},{"damage":0,"enemies":"Looter","floor":14,"turns":1},{"damage":29,"enemies":"The Guardian","floor":16,"turns":9}],"seed_played":"-5004420498230983471","potions_obtained":[{"floor":5,"key":"Toxic Potion"},{"floor":10,"key":"Elixir"},{"floor":13,"key":"FearPotion"},{"floor":14,"key":"AttackPotion"}],"is_trial":false,"path_per_floor":["M","$","T","?","M","$","?","E","T","M","R","R","M","M","R","B"],"character_chosen":"IRONCLAD","items_purchased":["Spot Weakness","ReplayTheSpireMod:Strike From Hell","hubris:ReadiedAction"],"campfire_rested":1,"item_purchase_floors":[2,2,6],"current_hp_per_floor":[72,72,72,72,68,68,68,42,42,30,30,30,16,16,40,16,16],"gold":212,"neow_bonus":"BOSS_RELIC","is_prod":false,"is_daily":false,"chose_seed":false,"campfire_upgraded":2,"win_rate":0,"timestamp":1539363108,"path_taken":["M","$","?","?","M","$","?","E","T","?","R","R","M","M","R","BOSS"],"build_version":"2018-10-04v2","purchased_purges":0,"victory":false,"max_hp_per_floor":[80,80,80,80,80,80,80,80,80,80,80,80,80,80,80,80,80],"card_choices":[{"not_picked":["Bash","Zap"],"picked":"Neutralize","floor":0},{"not_picked":["Feed","Demonic Infusion"],"picked":"Bludgeon","floor":0},{"not_picked":["ReplayTheSpireMod:Trickstab","Survey Options"],"picked":"Good Instincts","floor":0},{"not_picked":["infinitespire:TheBestDefense","infinitespire:UltimateForm"],"picked":"infinitespire:Collect","floor":0},{"not_picked":["hubris:ReadiedAction","Juggernaut"],"picked":"Carnage","floor":1},{"not_picked":["Clash","Anger"],"picked":"True Grit","floor":5},{"not_picked":["Evolve","Brutality"],"picked":"Rampage","floor":8},{"not_picked":["Perfected Strike","Wild Strike"],"picked":"Cleave","floor":10},{"not_picked":["Run Through","hubris:CleavingFinish"],"picked":"Shockwave","floor":13},{"not_picked":["Flex","Warcry","Clothesline"],"picked":"SKIP","floor":14},{"not_picked":["Fiend Fire","Barricade"],"picked":"Limit Break","floor":16}],"player_experience":972241,"relics_obtained":[{"floor":3,"key":"infinitespire:Beetle Shell"},{"floor":8,"key":"infinitespire:Lucky Rock"},{"floor":9,"key":"WingedGreaves"}],"event_choices":[{"event_name":"Liars Game","player_choice":"disagreed","floor":7,"damage_taken":0}],"is_beta":false,"boss_relics":[{"not_picked":["Ectoplasm","Orrery"],"picked":"Painkiller Herb"}],"items_purged_floors":[],"is_endless":false,"potions_floor_spawned":[5,10,13,14],"ascension_level":9}