{"gold_per_floor":[127,153,265,58,77,77,77,93,93,93,93,168,168,178,178,281,281,293,310,235,235,261,93,93,41,64,98,117,130,130,143,143,241,241,256,131,353,373,373,373,384,398,398,418,418,436,470,320,320,320,320,320,75,109,109],"floor_reached":56,"playtime":6412,"items_purged":["Strike_G","Defend_G","Strike_G","Strike_G","Defend_G"],"score":1187,"play_id":"c5bca569-bff8-4c5c-9ece-8b79d891eb4f","local_time":"20190130171412","is_ascension_mode":false,"campfire_choices":[{"data":"Crippling Poison","floor":6.0,"key":"SMITH"},{"data":"Neutralize","floor":10.0,"key":"SMITH"},{"data":"Terror","floor":13.0,"key":"SMITH"},{"data":"Deadly Poison","floor":15.0,"key":"SMITH"},{"data":"Catalyst","floor":24.0,"key":"SMITH"},{"data":"Outmaneuver","floor":32.0,"key":"SMITH"},{"data":"Leg Sweep","floor":40.0,"key":"SMITH"},{"floor":45.0,"key":"RECALL"},{"floor":49.0,"key":"REST"},{"data":"Catalyst","floor":52.0,"key":"SMITH"}],"neow_cost":"NONE","seed_source_timestamp":335602351837704,"circlet_count":0,"master_deck":["Defend_G","Defend_G","Survivor","Neutralize+1","Deadly Poison+1","Crippling Poison+1","Terror+1","Cloak And Dagger","Cloak And Dagger","Deadly Poison+1","Bouncing Flask+1","Catalyst+1","Leg Sweep+1","Outmaneuver+1","Backflip","Blade Dance","Crippling Poison+1","Corpse Explosion","Noxious Fumes+1","Catalyst+1","Underhanded Strike+1","Footwork","Noxious Fumes","Backflip+1"],"special_seed":0,"relics":["Ring of the Snake","MawBank","Snake Skull","Letter Opener","Snecko Eye","Blue Candle","Red Mask","Centennial Puzzle","Gremlin Horn","Lizard Tail","FossilizedHelix","Boot"],"potions_floor_usage":[55,55],"damage_taken":[{"damage":5.0,"enemies":"Jaw Worm","floor":1.0,"turns":7.0},{"damage":10.0,"enemies":"Cultist","floor":2.0,"turns":4.0},{"damage":0.0,"enemies":"2 Louse","floor":5.0,"turns":3.0},{"damage":1.0,"enemies":"Blue Slaver","floor":8.0,"turns":4.0},{"damage":7.0,"enemies":"Exordium Thugs","floor":14.0,"turns":3.0},{"damage":9.0,"enemies":"Hexaghost","floor":16.0,"turns":8.0},{"damage":21.0,"enemies":"2 Thieves","floor":18.0,"turns":4.0},{"damage":0.0,"enemies":"Chosen","floor":19.0,"turns":4.0},{"damage":7.0,"enemies":"Masked Bandits","floor":22.0,"turns":4.0},{"damage":0.0,"enemies":"Slavers","floor":27.0,"turns":5.0},{"damage":0.0,"enemies":"Sentry and Sphere","floor":28.0,"turns":3.0},{"damage":3.0,"enemies":"Cultist and Chosen","floor":29.0,"turns":6.0},{"damage":0.0,"enemies":"Snake Plant","floor":31.0,"turns":2.0},{"damage":20.0,"enemies":"Automaton","floor":33.0,"turns":5.0},{"damage":0.0,"enemies":"3 Shapes","floor":35.0,"turns":2.0},{"damage":2.0,"enemies":"3 Darklings","floor":38.0,"turns":3.0},{"damage":19.0,"enemies":"Writhing Mass","floor":41.0,"turns":5.0},{"damage":19.0,"enemies":"Jaw Worm Horde","floor":42.0,"turns":2.0},{"damage":0.0,"enemies":"Transient","floor":44.0,"turns":5.0},{"damage":0.0,"enemies":"Spire Growth","floor":46.0,"turns":3.0},{"damage":13.0,"enemies":"Giant Head","floor":47.0,"turns":5.0},{"damage":31.0,"enemies":"Time Eater","floor":50.0,"turns":6.0},{"damage":7.0,"enemies":"Shield and Spear","floor":54.0,"turns":5.0},{"damage":52,"enemies":"The Heart","floor":55,"turns":8}],"seed_played":"8139063214542059511","potions_obtained":[{"floor":1.0,"key":"Fire Potion"},{"floor":16.0,"key":"SneckoOil"},{"floor":18.0,"key":"Block Potion"},{"floor":19.0,"key":"SpeedPotion"},{"floor":27.0,"key":"Explosive Potion"},{"floor":31.0,"key":"LiquidBronze"},{"floor":35.0,"key":"Dexterity Potion"},{"floor":47.0,"key":"FearPotion"},{"floor":54.0,"key":"Energy Potion"}],"is_trial":false,"path_per_floor":["M","M","?","$","M","R","?","M","T","R","$","?","R","M","R","B",null,"M","M","?","?","?","$","R","$","T","E","M","M","?","M","R","B",null,"M","$","?","M","?","R","M","M","T","M","R","M","E","$","R","B",null,"R","$","E","B",null],"character_chosen":"THE_SILENT","items_purchased":["Snake Skull","Leg Sweep","Outmaneuver","Noxious Fumes"],"campfire_rested":1,"item_purchase_floors":[4,23,25,53],"current_hp_per_floor":[65,55,55,55,55,55,55,54,54,54,54,47,47,40,40,31,70,49,49,49,49,42,42,42,42,42,42,42,39,39,39,39,19,70,70,70,70,68,68,68,49,30,30,30,30,30,17,17,38,7,70,70,70,63,11],"gold":109,"neow_bonus":"RANDOM_COMMON_RELIC","is_prod":false,"is_daily":false,"chose_seed":false,"campfire_upgraded":8,"win_rate":0,"timestamp":1548868452,"path_taken":["M","M","?","?","M","R","?","M","T","R","$","?","R","M","R","BOSS","M","M","?","?","?","$","R","$","T","E","M","M","?","M","R","BOSS","M","$","?","M","?","R","?","M","T","M","R","M","E","$","R","BOSS","R","$","E","BOSS"],"build_version":"2019-01-23","purchased_purges":5,"victory":true,"max_hp_per_floor":[70,70,70,70,70,70,70,70,70,70,70,70,70,70,70,70,70,70,70,70,70,70,70,70,70,70,70,70,70,70,70,70,70,70,70,70,70,70,70,70,70,70,70,70,70,70,70,70,70,70,70,70,70,70,70],"card_choices":[{"not_picked":["Backstab","Dagger Throw"],"picked":"Deadly Poison","floor":1.0},{"not_picked":["Finisher","Caltrops"],"picked":"Crippling Poison","floor":2.0},{"not_picked":["Outmaneuver","Escape Plan"],"picked":"Terror","floor":5.0},{"not_picked":["Deflect","Eviscerate"],"picked":"Cloak And Dagger","floor":8.0},{"not_picked":["Eviscerate","Slice"],"picked":"Cloak And Dagger","floor":14.0},{"not_picked":["PiercingWail","Infinite Blades"],"picked":"Deadly Poison+1","floor":18.0},{"not_picked":["Distraction+1","Cloak And Dagger"],"picked":"Bouncing Flask+1","floor":19.0},{"not_picked":["Accuracy+1","Poisoned Stab"],"picked":"Catalyst","floor":22.0},{"not_picked":["Finisher","Masterful Stab","Deflect+1"],"picked":"SKIP","floor":27.0},{"not_picked":["Slice","Sucker Punch"],"picked":"Backflip","floor":28.0},{"not_picked":["Flechettes","Infinite Blades+1","Distraction"],"picked":"SKIP","floor":29.0},{"not_picked":["Underhanded Strike","Poisoned Stab"],"picked":"Crippling Poison+1","floor":31.0},{"not_picked":["Venomology","Unload"],"picked":"Corpse Explosion","floor":33.0},{"not_picked":["Infinite Blades","Deflect+1","Well Laid Plans"],"picked":"SKIP","floor":35.0},{"not_picked":["Deadly Poison+1","Quick Slash"],"picked":"Noxious Fumes+1","floor":38.0},{"not_picked":["Flying Knee+1","Dagger Throw+1"],"picked":"Catalyst","floor":41.0},{"not_picked":["Deadly Poison","Dodge and Roll"],"picked":"Underhanded Strike+1","floor":42.0},{"not_picked":["Burst","Outmaneuver+1"],"picked":"Footwork","floor":44.0},{"not_picked":["Outmaneuver","Skewer+1","Slice+1"],"picked":"SKIP","floor":46.0},{"not_picked":["Heel Hook+1","Outmaneuver+1","Sucker Punch"],"picked":"SKIP","floor":47.0},{"not_picked":["Reflex","Heel Hook"],"picked":"Backflip+1","floor":54.0}],"player_experience":254023,"relics_obtained":[{"floor":9.0,"key":"Letter Opener"},{"floor":22.0,"key":"Red Mask"},{"floor":26.0,"key":"Centennial Puzzle"},{"floor":27.0,"key":"Gremlin Horn"},{"floor":47.0,"key":"FossilizedHelix"},{"floor":54.0,"key":"Boot"}],"event_choices":[{"damage_healed":0.0,"max_hp_gain":0.0,"max_hp_loss":0.0,"gold_gain":100.0,"event_name":"Wheel of Change","player_choice":"Gold","floor":3.0,"gold_loss":0.0,"damage_taken":0.0},{"cards_removed":["Strike_G"],"damage_healed":0.0,"max_hp_gain":0.0,"max_hp_loss":0.0,"gold_gain":0.0,"event_name":"Living Wall","player_choice":"Forget","floor":7.0,"gold_loss":0.0,"damage_taken":0.0},{"damage_healed":0.0,"max_hp_gain":0.0,"max_hp_loss":0.0,"gold_gain":75.0,"event_name":"FaceTrader","player_choice":"Touch","floor":12.0,"gold_loss":0.0,"damage_taken":7.0},{"cards_removed":["Strike_G"],"damage_healed":0.0,"max_hp_gain":0.0,"max_hp_loss":0.0,"gold_gain":0.0,"event_name":"Beggar","player_choice":"Gave Gold","floor":20.0,"gold_loss":75.0,"damage_taken":0.0},{"damage_healed":0.0,"max_hp_gain":0.0,"max_hp_loss":0.0,"gold_gain":0.0,"event_name":"The Mausoleum","player_choice":"Opened","floor":21.0,"gold_loss":0.0,"damage_taken":0.0,"relics_obtained":["Blue Candle"]},{"damage_healed":0.0,"max_hp_gain":0.0,"max_hp_loss":0.0,"gold_gain":0.0,"event_name":"Masked Bandits","player_choice":"Fought Bandits","floor":22.0,"gold_loss":0.0,"damage_taken":0.0},{"damage_healed":0.0,"max_hp_gain":0.0,"max_hp_loss":0.0,"gold_gain":0.0,"cards_transformed":["Defend_G"],"event_name":"Transmorgrifier","player_choice":"Transformed","floor":30.0,"gold_loss":0.0,"damage_taken":0.0,"cards_obtained":["Blade Dance"]},{"damage_healed":0.0,"max_hp_gain":0.0,"max_hp_loss":0.0,"gold_gain":222.0,"event_name":"Tomb of Lord Red Mask","player_choice":"Wore Mask","floor":37.0,"gold_loss":0.0,"damage_taken":0.0},{"damage_healed":0.0,"max_hp_gain":0.0,"max_hp_loss":0.0,"gold_gain":0.0,"event_name":"SecretPortal","player_choice":"Ignored","floor":39.0,"gold_loss":0.0,"damage_taken":0.0}],"is_beta":false,"boss_relics":[{"not_picked":["Runic Dome","Cursed Key"],"picked":"Snecko Eye"},{"not_picked":["Calling Bell","Runic Pyramid"],"picked":"Lizard Tail"}],"items_purged_floors":[4,23,36,48,53],"is_endless":false,"potions_floor_spawned":[1,16,18,19,27,31,35,38,47,54],"ascension_level":0}