{"gold_per_floor":[117,117,133,0,16,16,16,47,99,99,99,131,150,177,177,254,254,265,134,144,157,207,236,236,265,265,296,296,296,296,133,133,206,206,217,217,233,233,233,233,233],"floor_reached":41,"playtime":2673,"items_purged":["Regret","Strike_G","Strike_G"],"score":995,"play_id":"a66f73b8-f67e-485b-82fa-c20e6f55b9a2","local_time":"20190131092419","is_ascension_mode":true,"campfire_choices":[{"data":"Bouncing Flask","floor":6.0,"key":"SMITH"},{"data":"Bane","floor":10.0,"key":"SMITH"},{"data":"Noxious Fumes","floor":15.0,"key":"SMITH"},{"floor":24.0,"key":"REST"},{"floor":28,"key":"REST"},{"data":"Leg Sweep","floor":32,"key":"SMITH"},{"data":"Strike_G","floor":40,"key":"PURGE"}],"neow_cost":"NONE","seed_source_timestamp":175198553714045,"circlet_count":0,"master_deck":["AscendersBane","Defend_G","Defend_G","Defend_G","Defend_G","Defend_G","Strike_G","Survivor","Neutralize","Doppelganger+1","Slice","Leg Sweep+1","Deadly Poison","Bouncing Flask+1","Bane+1","Calculated Gamble","Deadly Poison","Noxious Fumes+1","Malaise","Well Laid Plans","PiercingWail","Burst"],"special_seed":0,"relics":["Ring of the Serpent","Smiling Mask","Omamori","Bronze Scales","Orichalcum","Peace Pipe","Velvet Choker","Pen Nib","StoneCalendar","Paper Crane","Question Card"],"potions_floor_usage":[27,33,33,37,41],"damage_taken":[{"damage":0.0,"enemies":"Jaw Worm","floor":1.0,"turns":6.0},{"damage":2.0,"enemies":"2 Louse","floor":3.0,"turns":4.0},{"damage":5.0,"enemies":"Small Slimes","floor":5.0,"turns":5.0},{"damage":0.0,"enemies":"Lagavulin","floor":8.0,"turns":7.0},{"damage":17.0,"enemies":"3 Sentries","floor":12.0,"turns":10.0},{"damage":0.0,"enemies":"2 Fungi Beasts","floor":13.0,"turns":3.0},{"damage":0.0,"enemies":"Gremlin Nob","floor":14.0,"turns":3.0},{"damage":27.0,"enemies":"The Guardian","floor":16.0,"turns":8.0},{"damage":7.0,"enemies":"Shell Parasite","floor":18.0,"turns":6.0},{"damage":0.0,"enemies":"Chosen","floor":20.0,"turns":4.0},{"damage":4.0,"enemies":"Snake Plant","floor":21.0,"turns":4.0},{"damage":32.0,"enemies":"Slavers","floor":23.0,"turns":5.0},{"damage":0.0,"enemies":"Book of Stabbing","floor":25.0,"turns":5.0},{"damage":32,"enemies":"Slavers","floor":27,"turns":6},{"damage":35,"enemies":"Automaton","floor":33,"turns":8},{"damage":36,"enemies":"3 Darklings","floor":35,"turns":4},{"damage":7,"enemies":"3 Shapes","floor":37,"turns":4},{"damage":51,"enemies":"Reptomancer","floor":41,"turns":2}],"seed_played":"5522330226327300214","potions_obtained":[{"floor":3.0,"key":"Block Potion"},{"floor":13.0,"key":"Swift Potion"},{"floor":16.0,"key":"FearPotion"},{"floor":20.0,"key":"PowerPotion"},{"floor":25.0,"key":"Regen Potion"},{"floor":35,"key":"GhostInAJar"},{"floor":37,"key":"GamblersBrew"}],"is_trial":false,"path_per_floor":["M","?","M","$","M","R","?","E","T","R","?","E","M","E","R","B",null,"M","$","M","M","?","E","R","E","T","E","R","?","?","$","R","B",null,"M","?","M","?","?","R","E"],"character_chosen":"THE_SILENT","items_purchased":["Deadly Poison","AttackPotion","Regen Potion","Dexterity Potion","Poison Potion"],"campfire_rested":2,"item_purchase_floors":[4,4,19,31,31],"current_hp_per_floor":[59,59,57,57,52,52,45,45,45,45,45,28,28,28,28,1,50,43,43,57,53,53,21,40,40,40,23,42,55,55,55,55,20,55,19,19,12,54,51,51,0],"gold":233,"neow_bonus":"ONE_RANDOM_RARE_CARD","is_prod":false,"is_daily":false,"chose_seed":false,"campfire_upgraded":4,"win_rate":0,"timestamp":1548923059,"path_taken":["M","?","M","$","M","R","?","E","T","R","?","E","M","E","R","BOSS","M","$","M","M","?","E","R","E","T","E","R","?","?","$","R","BOSS","M","?","M","?","?","R","E"],"build_version":"2019-01-23","purchased_purges":3,"victory":false,"max_hp_per_floor":[66,66,66,66,66,66,66,66,66,66,66,66,66,66,66,66,66,66,66,66,66,66,66,66,66,66,66,66,66,66,66,66,66,66,66,66,66,54,51,51,51],"card_choices":[{"not_picked":["Underhanded Strike","Caltrops"],"picked":"Slice","floor":1.0},{"not_picked":["Deflect","Deadly Poison"],"picked":"Leg Sweep","floor":3.0},{"not_picked":["Concentrate","Prepared"],"picked":"Bouncing Flask","floor":5.0},{"not_picked":["Cloak And Dagger","Setup"],"picked":"Bane","floor":8.0},{"not_picked":["Footwork","Accuracy"],"picked":"Calculated Gamble","floor":12.0},{"not_picked":["Quick Slash","Concentrate"],"picked":"Deadly Poison","floor":13.0},{"not_picked":["Dodge and Roll","Prepared"],"picked":"Noxious Fumes","floor":14.0},{"not_picked":["Doppelganger","Unload"],"picked":"Malaise","floor":16.0},{"not_picked":["Slice","All Out Attack","Poisoned Stab+1"],"picked":"SKIP","floor":18.0},{"not_picked":["Blade Dance","Distraction","Tactician"],"picked":"SKIP","floor":20.0},{"not_picked":["Acrobatics","Crippling Poison","Backstab+1"],"picked":"SKIP","floor":21.0},{"not_picked":["Masterful Stab+1","Expertise"],"picked":"Well Laid Plans","floor":23.0},{"not_picked":["Prepared","Bane"],"picked":"PiercingWail","floor":25.0},{"not_picked":["Deflect","Concentrate","A Thousand Cuts"],"picked":"SKIP","floor":27},{"not_picked":["Night Terror","Phantasmal Killer","Doppelganger"],"picked":"Burst","floor":33},{"not_picked":["Blade Dance","Choke","Dagger Spray","Distraction"],"picked":"SKIP","floor":35},{"not_picked":["Acrobatics+1","Heel Hook","Backstab","Tactician+1"],"picked":"SKIP","floor":37}],"player_experience":461698,"relics_obtained":[{"floor":8.0,"key":"Omamori"},{"floor":9.0,"key":"Bronze Scales"},{"floor":12.0,"key":"Orichalcum"},{"floor":14.0,"key":"Peace Pipe"},{"floor":23.0,"key":"Pen Nib"},{"floor":25.0,"key":"StoneCalendar"},{"floor":26.0,"key":"Paper Crane"},{"floor":27,"key":"Question Card"}],"event_choices":[{"damage_healed":0.0,"max_hp_gain":0.0,"max_hp_loss":0.0,"gold_gain":0.0,"event_name":"Big Fish","player_choice":"Box","floor":2.0,"gold_loss":0.0,"damage_taken":0.0,"relics_obtained":["Smiling Mask"],"cards_obtained":["Regret"]},{"cards_removed":["Strike_G"],"damage_healed":0.0,"max_hp_gain":0.0,"max_hp_loss":0.0,"gold_gain":0.0,"event_name":"Golden Wing","player_choice":"Card Removal","floor":7.0,"gold_loss":0.0,"damage_taken":7.0},{"damage_healed":0.0,"max_hp_gain":0.0,"max_hp_loss":0.0,"gold_gain":0.0,"event_name":"Living Wall","player_choice":"Grow","floor":11.0,"gold_loss":0.0,"damage_taken":0.0,"cards_upgraded":["Doppelganger"]},{"damage_healed":0.0,"max_hp_gain":0.0,"max_hp_loss":0.0,"gold_gain":50.0,"event_name":"Nest","player_choice":"Stole From Cult","floor":22.0,"gold_loss":0.0,"damage_taken":0.0},{"damage_healed":13,"gold_gain":0,"player_choice":"Heal","damage_taken":0,"max_hp_gain":0,"max_hp_loss":0,"event_name":"The Library","floor":29,"gold_loss":0},{"damage_healed":0,"gold_gain":0,"player_choice":"Ignored","damage_taken":0,"max_hp_gain":0,"max_hp_loss":0,"event_name":"Ghosts","floor":30,"gold_loss":0},{"damage_healed":0,"gold_gain":0,"player_choice":"Ignored","damage_taken":0,"max_hp_gain":0,"max_hp_loss":0,"event_name":"Mysterious Sphere","floor":36,"gold_loss":0},{"damage_healed":54,"gold_gain":0,"player_choice":"Heal","damage_taken":0,"max_hp_gain":0,"max_hp_loss":12,"event_name":"The Moai Head","floor":38,"gold_loss":0},{"damage_healed":0,"gold_gain":0,"player_choice":"Max HP","damage_taken":0,"max_hp_gain":0,"max_hp_loss":3,"event_name":"Winding Halls","floor":39,"gold_loss":0}],"is_beta":false,"boss_relics":[{"not_picked":["Sozu","Ectoplasm"],"picked":"Velvet Choker"},{"not_picked":["WristBlade","Lizard Tail"],"picked":"Ring of the Serpent"}],"items_purged_floors":[4,19,31],"is_endless":false,"potions_floor_spawned":[3,5,13,16,20,25,35,37],"killed_by":"Reptomancer","ascension_level":17}