{"gold_per_floor":[109,13,188,188,207,237,237,266,290,312,328,341,341],"floor_reached":13,"playtime":428,"items_purged":[],"score":118,"play_id":"33976055-8478-40ca-8a77-388a33133517","local_time":"20181230144737","is_ascension_mode":false,"campfire_choices":[{"floor":7,"key":"RECALL"}],"neow_cost":"NONE","seed_source_timestamp":844672097816927,"circlet_count":0,"master_deck":["Strike_B","Strike_B","Strike_B","Defend_B","Defend_B","Defend_B","Defend_B","Zap","Dualcast","Rebound","Static Discharge","Redo","Doubt","Compile Driver","Ball Lightning","Fission","Sunder","Consume","Steam","Streamline"],"relics":["Cracked Core","NeowsBlessing","Potion Belt","Pen Nib","Odd Mushroom"],"potions_floor_usage":[12,12,13,13],"damage_taken":[{"damage":0,"enemies":"2 Louse","floor":1,"turns":1},{"damage":0,"enemies":"Jaw Worm","floor":5,"turns":1},{"damage":0,"enemies":"3 Sentries","floor":6,"turns":1},{"damage":49,"enemies":"Gremlin Nob","floor":8,"turns":4},{"damage":24,"enemies":"The Mushroom Lair","floor":10,"turns":3},{"damage":0,"enemies":"Cultist","floor":11,"turns":3},{"damage":0,"enemies":"Blue Slaver","floor":12,"turns":3},{"damage":5,"enemies":"Exordium Thugs","floor":13,"turns":1}],"seed_played":"8805792986117578959","potions_obtained":[{"floor":6,"key":"GamblersBrew"},{"floor":8,"key":"Dexterity Potion"},{"floor":10,"key":"SteroidPotion"},{"floor":11,"key":"Regen Potion"}],"is_trial":false,"path_per_floor":["M","$","?","?","M","E","R","E","T","?","M","M","M"],"character_chosen":"DEFECT","items_purchased":["Static Discharge","Redo"],"campfire_rested":0,"item_purchase_floors":[2,2],"current_hp_per_floor":[75,75,75,75,75,75,75,26,26,2,2,11,6],"gold":341,"neow_bonus":"THREE_ENEMY_KILL","is_prod":false,"is_daily":false,"chose_seed":false,"campfire_upgraded":0,"win_rate":0,"timestamp":1546134457,"path_taken":["M","$","?","?","M","E","R","E","T","?","M","M","?"],"build_version":"2018-12-20","purchased_purges":0,"victory":false,"max_hp_per_floor":[75,75,75,75,75,75,75,75,75,75,75,75,75],"card_choices":[{"not_picked":["Stack","Force Field"],"picked":"Rebound","floor":1},{"not_picked":["Gash","Coolheaded"],"picked":"Ball Lightning","floor":5},{"not_picked":["Force Field","Self Repair"],"picked":"Fission","floor":6},{"not_picked":["Cold Snap","Multi-Cast"],"picked":"Sunder","floor":8},{"not_picked":["FTL","Rebound"],"picked":"Consume","floor":10},{"not_picked":["Compile Driver","Hologram"],"picked":"Steam","floor":11},{"not_picked":["Coolheaded","Double Energy"],"picked":"Streamline","floor":12}],"player_experience":538823,"relics_obtained":[{"floor":6,"key":"Potion Belt"},{"floor":8,"key":"Pen Nib"},{"floor":10,"key":"Odd Mushroom"}],"event_choices":[{"damage_healed":0,"gold_gain":175,"player_choice":"AGREE","damage_taken":0,"max_hp_gain":0,"max_hp_loss":0,"event_name":"Liars Game","floor":3,"gold_loss":0,"cards_obtained":["Doubt"]},{"damage_healed":0,"gold_gain":0,"cards_transformed":["Strike_B"],"player_choice":"Change","damage_taken":0,"max_hp_gain":0,"max_hp_loss":0,"event_name":"Living Wall","floor":4,"gold_loss":0,"cards_obtained":["Compile Driver"]},{"damage_healed":0,"gold_gain":0,"player_choice":"Fought Mushrooms","damage_taken":0,"max_hp_gain":0,"max_hp_loss":0,"event_name":"Mushrooms","floor":10,"gold_loss":0}],"is_beta":false,"boss_relics":[],"items_purged_floors":[],"is_endless":false,"potions_floor_spawned":[6,8,10,11],"killed_by":"Exordium Thugs","ascension_level":0}