{"gold_per_floor":[112,112,36,47,24,24,56,130,180,260,260,260,260,270,270,368,368,387,387,387,5,5,5,5,5,5,5,15,15,15,33,33,33],"floor_reached":33,"playtime":973,"items_purged":["Defend_B"],"score":262,"play_id":"79bbd453-447a-4a00-bcd8-8e4e4e7d2959","local_time":"20190122204355","is_ascension_mode":false,"campfire_choices":[{"data":"Zap","floor":6,"key":"SMITH"},{"floor":11,"key":"RECALL"},{"data":"Rainbow","floor":13,"key":"SMITH"},{"data":"Turbo","floor":15,"key":"SMITH"},{"floor":23,"key":"REST"},{"floor":25,"key":"DIG"},{"floor":27,"key":"DIG"},{"floor":32,"key":"REST"}],"neow_cost":"NONE","seed_source_timestamp":186157292837415,"circlet_count":0,"master_deck":["Strike_B","Strike_B","Defend_B","Defend_B","Defend_B","Zap+1","Dualcast","Melter+1","Redo+1","Cold Snap","Beam Cell","Rebound","Rainbow+1","Turbo+1","Buffer","Hologram","Sunder","Darkness+1"],"relics":["Cracked Core","NeowsBlessing","Pen Nib","Sundial","Inserter","Bottled Flame","Shovel","Nilry\u0027s Codex","Calipers","Ginger","Orichalcum","MutagenicStrength"],"potions_floor_usage":[16,28],"damage_taken":[{"damage":0,"enemies":"Cultist","floor":1,"turns":1},{"damage":0,"enemies":"Small Slimes","floor":4,"turns":1},{"damage":0,"enemies":"Lagavulin","floor":7,"turns":1},{"damage":1,"enemies":"2 Louse","floor":14,"turns":2},{"damage":42,"enemies":"The Guardian","floor":16,"turns":8},{"damage":0,"enemies":"Spheric Guardian","floor":18,"turns":3},{"damage":34,"enemies":"3 Byrds","floor":28,"turns":6},{"damage":2,"enemies":"Snecko","floor":31,"turns":5},{"damage":48,"enemies":"Collector","floor":33,"turns":5}],"seed_played":"-4938030901934578293","potions_obtained":[{"floor":1,"key":"Energy Potion"},{"floor":7,"key":"AttackPotion"},{"floor":16,"key":"Weak Potion"}],"is_trial":false,"path_per_floor":["M","?","$","M","$","R","E","?","T","T","R","?","R","M","R","B",null,"M","?","T","$","?","R","?","R","T","R","M","$","?","M","R","B"],"character_chosen":"DEFECT","items_purchased":["Redo","Cold Snap","Rebound","Shovel"],"campfire_rested":2,"item_purchase_floors":[3,3,5,21],"current_hp_per_floor":[75,75,75,75,75,75,75,75,75,75,75,60,60,59,59,17,75,75,61,61,61,45,69,69,69,69,69,35,35,35,33,57,9],"gold":33,"neow_bonus":"THREE_ENEMY_KILL","is_prod":false,"is_daily":false,"chose_seed":false,"campfire_upgraded":3,"win_rate":0,"timestamp":1548143035,"path_taken":["M","?","?","M","$","R","E","?","T","?","R","?","R","?","R","BOSS","M","?","?","$","?","R","?","R","T","R","M","?","?","M","R","BOSS"],"build_version":"2019-01-17v2","purchased_purges":1,"victory":false,"max_hp_per_floor":[75,75,75,75,75,75,75,75,75,75,75,75,75,75,75,75,75,75,80,80,80,80,80,80,80,80,80,80,80,80,80,80,80],"card_choices":[{"not_picked":["Lockon","Scrape"],"picked":"Melter","floor":1},{"not_picked":["Steam Power","Redo"],"picked":"Beam Cell","floor":4},{"not_picked":["FTL","Undo"],"picked":"Rainbow","floor":7},{"not_picked":["Redo","Hologram"],"picked":"Turbo","floor":14},{"not_picked":["Electrodynamics","Multi-Cast"],"picked":"Buffer","floor":16},{"not_picked":["Stack","Rebound"],"picked":"Hologram","floor":18},{"not_picked":["Auto Shields","Scrape"],"picked":"Sunder","floor":28},{"not_picked":["Barrage","Reinforced Body"],"picked":"Darkness+1","floor":31}],"player_experience":585001,"relics_obtained":[{"floor":7,"key":"Pen Nib"},{"floor":10,"key":"Sundial"},{"floor":20,"key":"Bottled Flame"},{"floor":22,"key":"Nilry\u0027s Codex"},{"floor":25,"key":"Calipers"},{"floor":26,"key":"Ginger"},{"floor":27,"key":"Orichalcum"}],"event_choices":[{"cards_removed":["Strike_B"],"damage_healed":0,"gold_gain":0,"player_choice":"Purged","damage_taken":0,"max_hp_gain":0,"max_hp_loss":0,"event_name":"Purifier","floor":2,"gold_loss":0},{"damage_healed":0,"gold_gain":74,"player_choice":"Gained Gold","damage_taken":0,"max_hp_gain":0,"max_hp_loss":0,"event_name":"Golden Wing","floor":8,"gold_loss":0},{"damage_healed":0,"gold_gain":0,"player_choice":"Entered Light","damage_taken":15,"max_hp_gain":0,"max_hp_loss":0,"event_name":"Shining Light","floor":12,"gold_loss":0,"cards_upgraded":["Melter","Redo"]},{"damage_healed":0,"gold_gain":0,"player_choice":"Shed Blood","damage_taken":19,"max_hp_gain":5,"max_hp_loss":0,"event_name":"Forgotten Altar","floor":19,"gold_loss":0},{"damage_healed":0,"gold_gain":0,"player_choice":"Obtained Book","damage_taken":16,"max_hp_gain":0,"max_hp_loss":0,"event_name":"Cursed Tome","floor":22,"gold_loss":0},{"cards_removed":["Strike_B"],"damage_healed":0,"gold_gain":0,"player_choice":"Elegance","damage_taken":0,"max_hp_gain":0,"max_hp_loss":0,"event_name":"Back to Basics","floor":24,"gold_loss":0},{"damage_healed":0,"gold_gain":0,"player_choice":"Inject Mutagens","damage_taken":0,"relics_obtained":["MutagenicStrength"],"max_hp_gain":0,"max_hp_loss":0,"event_name":"Drug Dealer","floor":30,"gold_loss":0}],"is_beta":false,"boss_relics":[{"not_picked":["Snecko Eye","Fusion Hammer"],"picked":"Inserter"}],"items_purged_floors":[21],"is_endless":false,"potions_floor_spawned":[1,7,16],"killed_by":"Collector","ascension_level":0}