{"gold_per_floor":[114,134,18,18,37,37,37,37,37,37,51,71,96,115,115,215,215,215,215,66,66,0,0,0,0,0,0,0,0,0,0,0,0],"floor_reached":33,"playtime":1272,"items_purged":[],"score":427,"play_id":"16684139-008a-4442-b23c-345e95bba9c1","local_time":"20180927173554","is_ascension_mode":true,"campfire_choices":[{"data":"Blade Dance","floor":6,"key":"SMITH"},{"data":"Blade Dance","floor":8,"key":"SMITH"},{"data":"Accuracy","floor":10,"key":"SMITH"},{"floor":15,"key":"REST"},{"floor":23,"key":"REST"},{"floor":25,"key":"REST"},{"floor":29,"key":"REST"},{"floor":32,"key":"REST"}],"neow_cost":"NONE","seed_source_timestamp":63814674565446,"circlet_count":0,"master_deck":["Defend_G","Defend_G","Defend_G","Defend_G","Defend_G","Strike_G","Strike_G","Strike_G","Strike_G","Strike_G","Survivor","Neutralize+1","AscendersBane","PiercingWail","Blade Dance+1","Accuracy+1","Blade Dance+1","Backflip","Decay","Blur","Deflect","Footwork+1","Bullet Time","Accuracy+1","J.A.X.","Deflect","Distraction+1"],"relics":["Ring of the Snake","Frozen Egg 2","Ginger","Ectoplasm","Centennial Puzzle","Darkstone Periapt","Happy Flower"],"potions_floor_usage":[11,13,14,16,24,30],"damage_taken":[{"damage":4,"enemies":"Cultist","floor":1,"turns":4},{"damage":0,"enemies":"Small Slimes","floor":2,"turns":6},{"damage":0,"enemies":"Jaw Worm","floor":5,"turns":4},{"damage":11,"enemies":"Gremlin Gang","floor":11,"turns":5},{"damage":6,"enemies":"Blue Slaver","floor":12,"turns":6},{"damage":11,"enemies":"Lagavulin","floor":13,"turns":6},{"damage":9,"enemies":"Exordium Thugs","floor":14,"turns":5},{"damage":14,"enemies":"The Guardian","floor":16,"turns":16},{"damage":19,"enemies":"Shell Parasite","floor":18,"turns":7},{"damage":11,"enemies":"2 Thieves","floor":22,"turns":4},{"damage":23,"enemies":"Snake Plant","floor":24,"turns":7},{"damage":24,"enemies":"Shelled Parasite and Fungi","floor":28,"turns":6},{"damage":43,"enemies":"Book of Stabbing","floor":30,"turns":7},{"damage":3,"enemies":"Centurion and Healer","floor":31,"turns":6},{"damage":47,"enemies":"Automaton","floor":33,"turns":6}],"seed_played":"6900395861001824231","potions_obtained":[{"floor":2,"key":"SkillPotion"},{"floor":4,"key":"GhostInAJar"},{"floor":11,"key":"AttackPotion"},{"floor":13,"key":"Weak Potion"},{"floor":18,"key":"Regen Potion"},{"floor":22,"key":"SteroidPotion"}],"is_trial":false,"path_per_floor":["M","M","$","?","M","R","?","R","T","R","M","M","E","M","R","B",null,"M","?","$","?","M","R","M","R","T","$","M","R","E","M","R"],"character_chosen":"THE_SILENT","items_purchased":["Accuracy","Blade Dance","Centennial Puzzle"],"campfire_rested":5,"item_purchase_floors":[3,3,20],"current_hp_per_floor":[59,59,59,59,59,59,59,59,59,59,48,42,31,22,43,29,60,41,41,41,41,30,51,43,64,64,64,40,61,18,15,36,0],"gold":0,"neow_bonus":"UPGRADE_CARD","is_prod":false,"is_daily":false,"chose_seed":false,"campfire_upgraded":3,"win_rate":0,"timestamp":1538062554,"path_taken":["M","M","$","?","M","R","?","R","T","R","M","?","E","M","R","BOSS","M","?","$","?","M","R","M","R","T","$","M","R","E","?","R","BOSS"],"build_version":"2018-09-20","purchased_purges":0,"victory":false,"max_hp_per_floor":[70,70,70,70,70,70,70,70,70,70,70,70,70,70,70,70,70,70,70,70,70,70,70,70,70,70,70,70,70,70,70,70,70],"card_choices":[{"not_picked":["Bane","Dodge and Roll"],"picked":"PiercingWail","floor":1},{"not_picked":["Infinite Blades","Backflip"],"picked":"Blade Dance","floor":2},{"not_picked":["Dagger Spray","Choke"],"picked":"Backflip","floor":5},{"not_picked":["All Out Attack","Outmaneuver"],"picked":"Blur","floor":11},{"not_picked":["Calculated Gamble","Backflip"],"picked":"Deflect","floor":12},{"not_picked":["Dagger Throw","Sucker Punch","Concentrate"],"picked":"SKIP","floor":13},{"not_picked":["Quick Slash","Tactician"],"picked":"Footwork+1","floor":14},{"not_picked":["Corpse Explosion","Night Terror"],"picked":"Bullet Time","floor":16},{"not_picked":["Sucker Punch","Dagger Spray"],"picked":"Accuracy+1","floor":18},{"not_picked":["Skewer","Dagger Spray","PiercingWail"],"picked":"SKIP","floor":22},{"not_picked":["Calculated Gamble","Predator","All Out Attack"],"picked":"SKIP","floor":24},{"not_picked":["Acrobatics","Sucker Punch","Flying Knee"],"picked":"SKIP","floor":28},{"not_picked":["Concentrate","Predator"],"picked":"Deflect","floor":30},{"not_picked":["Heel Hook","Dagger Spray"],"picked":"Distraction+1","floor":31}],"player_experience":713402,"relics_obtained":[{"floor":9,"key":"Frozen Egg 2"},{"floor":13,"key":"Ginger"},{"floor":26,"key":"Darkstone Periapt"},{"floor":30,"key":"Happy Flower"}],"event_choices":[{"event_name":"The Lab","player_choice":"Got Potions","floor":4,"damage_taken":0},{"event_name":"Wheel of Change","player_choice":"Curse","floor":7,"damage_taken":0},{"event_name":"Cursed Tome","player_choice":"Ignored","floor":19,"damage_taken":0},{"event_name":"Drug Dealer","player_choice":"Got JAX","floor":21,"damage_taken":0}],"is_beta":false,"boss_relics":[{"not_picked":["Tiny House","Astrolabe"],"picked":"Ectoplasm"}],"items_purged_floors":[],"is_endless":false,"potions_floor_spawned":[2,11,13,18,22],"killed_by":"Automaton","ascension_level":12}