{"gold_per_floor":[164,3,13,13,13,13,46,46,115,128,128,128,154,170,170,247,247,258,273,291,316,4,4,4,36,36,51,51,70,70,85,85,162,162,178,178,193,207,227,227,245,245,245,257,285,285,285,304,304,304],"floor_reached":51,"playtime":1494,"items_purged":[],"score":1385,"play_id":"ff2192fb-6c47-4a19-968d-87e67bb4fa41","local_time":"20180804223409","is_ascension_mode":true,"campfire_choices":[{"data":"Metallicize","floor":6,"key":"SMITH"},{"data":"Disarm","floor":8,"key":"SMITH"},{"data":"Disarm","floor":11,"key":"SMITH"},{"data":"Dual Wield","floor":15,"key":"SMITH"},{"floor":23,"key":"REST"},{"data":"Dual Wield","floor":28,"key":"SMITH"},{"data":"Power Through","floor":30,"key":"SMITH"},{"floor":32,"key":"REST"},{"floor":40,"key":"REST"},{"data":"Secret Weapon","floor":42,"key":"SMITH"},{"data":"Writhe","floor":47,"key":"PURGE"},{"floor":49,"key":"REST"}],"neow_cost":"NONE","seed_source_timestamp":665848602323951,"circlet_count":0,"master_deck":["Strike_R+1","Strike_R+1","Strike_R+1","Strike_R+1","Strike_R+1","Defend_R+1","Defend_R+1","Defend_R+1","Defend_R+1","Bash+1","AscendersBane","Anger","Perfected Strike+1","Disarm+1","Metallicize+1","Thunderclap","Dual Wield+1","Seeing Red","Disarm+1","Rampage+1","Perfected Strike+1","Immolate+1","Pommel Strike+1","Uppercut+1","True Grit+1","Flash of Steel+1","Dual Wield+1","Pommel Strike+1","Power Through+1","Ghostly Armor","Perfected Strike+1","Secret Weapon+1","Pommel Strike+1","Pommel Strike+1","Twin Strike+1","Decay","Wild Strike+1","Shrug It Off"],"relics":["Tiny House","Ornamental Fan","Molten Egg 2","Omamori","Cursed Key","Bronze Scales","Medical Kit","Bottled Lightning","Meat on the Bone","Busted Crown","Lantern","Peace Pipe"],"potions_floor_usage":[7,13,19,33,38,39],"damage_taken":[{"damage":0,"enemies":"Cultist","floor":1,"turns":3},{"damage":2,"enemies":"Jaw Worm","floor":3,"turns":4},{"damage":16,"enemies":"Gremlin Nob","floor":7,"turns":4},{"damage":1,"enemies":"2 Louse","floor":10,"turns":3},{"damage":27,"enemies":"Lagavulin","floor":13,"turns":5},{"damage":8,"enemies":"Blue Slaver","floor":14,"turns":2},{"damage":0,"enemies":"Hexaghost","floor":16,"turns":9},{"damage":3,"enemies":"Chosen","floor":18,"turns":4},{"damage":18,"enemies":"2 Thieves","floor":19,"turns":2},{"damage":8,"enemies":"Slaver and Parasite","floor":20,"turns":5},{"damage":0,"enemies":"Gremlin Leader","floor":25,"turns":7},{"damage":0,"enemies":"Chosen and Byrds","floor":27,"turns":4},{"damage":2,"enemies":"Centurion and Healer","floor":29,"turns":4},{"damage":0,"enemies":"Snake Plant","floor":31,"turns":3},{"damage":59,"enemies":"Collector","floor":33,"turns":8},{"damage":0,"enemies":"Orb Walker","floor":35,"turns":3},{"damage":14,"enemies":"Flame Bruiser 1 Orb","floor":37,"turns":4},{"damage":47,"enemies":"Transient","floor":38,"turns":5},{"damage":0,"enemies":"Flame Bruiser 2 Orb","floor":39,"turns":4},{"damage":0,"enemies":"Sphere and 2 Shapes","floor":41,"turns":3},{"damage":5,"enemies":"Transient","floor":44,"turns":5},{"damage":14,"enemies":"2 Orb Walkers","floor":45,"turns":3},{"damage":6,"enemies":"Spire Growth","floor":48,"turns":4},{"damage":25,"enemies":"Time Eater","floor":50,"turns":9}],"seed_played":"1628127382274495364","potions_obtained":[{"floor":0,"key":"Fire Potion"},{"floor":10,"key":"Poison Potion"},{"floor":13,"key":"FearPotion"},{"floor":14,"key":"SteroidPotion"},{"floor":25,"key":"EssenceOfSteel"},{"floor":29,"key":"BloodPotion"},{"floor":38,"key":"AttackPotion"},{"floor":41,"key":"FearPotion"},{"floor":48,"key":"GamblersBrew"}],"is_trial":false,"path_per_floor":["M","$","M","$","?","R","E","R","T","M","R","?","E","M","R","B",null,"M","M","M","T","$","R","?","E","T","M","R","M","R","M","R","B",null,"M","?","M","M","M","R","M","R","T","M","E","?","R","M","R","B"],"character_chosen":"IRONCLAD","items_purchased":["Disarm","Metallicize","Thunderclap","Flash of Steel+1","Medical Kit"],"campfire_rested":4,"item_purchase_floors":[2,2,2,22,22],"current_hp_per_floor":[73,73,71,71,71,71,55,55,55,54,54,54,27,19,19,19,65,62,44,36,36,36,60,60,60,60,60,60,58,58,58,80,33,68,68,68,54,27,39,63,63,63,63,58,44,60,60,54,78,53],"gold":304,"neow_bonus":"BOSS_RELIC","is_prod":false,"is_daily":false,"chose_seed":false,"campfire_upgraded":7,"win_rate":0,"timestamp":1533447249,"path_taken":["M","$","M","?","?","R","E","R","T","M","R","?","E","M","R","BOSS","M","M","?","?","$","R","?","E","T","M","R","M","R","?","R","BOSS","M","?","M","M","?","R","M","R","T","M","E","?","R","?","R","BOSS"],"build_version":"2018-08-01","purchased_purges":0,"victory":true,"max_hp_per_floor":[80,80,80,80,80,80,80,80,80,80,80,80,80,80,80,80,80,80,80,80,80,80,80,80,80,80,80,80,80,80,80,80,80,80,80,80,80,80,80,80,80,80,80,80,80,80,80,80,80,80],"card_choices":[{"not_picked":["Heavy Blade","Pummel"],"picked":"Anger","floor":0},{"not_picked":["Shrug It Off","Dual Wield"],"picked":"Perfected Strike","floor":1},{"not_picked":["Havoc","Searing Blow"],"picked":"Dual Wield","floor":3},{"not_picked":["Searing Blow","Body Slam"],"picked":"Seeing Red","floor":7},{"not_picked":["Thunderclap+1","Twin Strike+1"],"picked":"Disarm","floor":10},{"not_picked":["Corruption","Seeing Red"],"picked":"Rampage+1","floor":13},{"not_picked":["Clash+1","Iron Wave+1"],"picked":"Perfected Strike+1","floor":14},{"not_picked":["Berserk","Dark Embrace"],"picked":"Immolate+1","floor":16},{"not_picked":["Armaments","Pummel+1"],"picked":"Pommel Strike+1","floor":18},{"not_picked":["Twin Strike+1","Flex+1"],"picked":"Uppercut+1","floor":19},{"not_picked":["Headbutt+1","Rampage+1"],"picked":"True Grit+1","floor":20},{"not_picked":["Uppercut+1","Sword Boomerang+1"],"picked":"Dual Wield","floor":25},{"not_picked":["Thunderclap+1","Whirlwind+1"],"picked":"Pommel Strike+1","floor":27},{"not_picked":["Thunderclap+1","Cleave+1"],"picked":"Power Through","floor":29},{"not_picked":["Battle Trance","Feed+1"],"picked":"Ghostly Armor","floor":31},{"not_picked":[],"picked":"Perfected Strike+1","floor":35},{"not_picked":[],"picked":"Secret Weapon","floor":36},{"not_picked":[],"picked":"Pommel Strike+1","floor":37},{"not_picked":[],"picked":"Pommel Strike+1","floor":39},{"not_picked":[],"picked":"Twin Strike+1","floor":41},{"not_picked":[],"picked":"Wild Strike+1","floor":44},{"not_picked":["Juggernaut"],"picked":"SKIP","floor":45},{"not_picked":[],"picked":"Shrug It Off","floor":48}],"player_experience":729280,"relics_obtained":[{"floor":7,"key":"Ornamental Fan"},{"floor":9,"key":"Molten Egg 2"},{"floor":13,"key":"Omamori"},{"floor":21,"key":"Bronze Scales"},{"floor":25,"key":"Bottled Lightning"},{"floor":26,"key":"Meat on the Bone"},{"floor":43,"key":"Lantern"},{"floor":45,"key":"Peace Pipe"}],"event_choices":[{"event_name":"Living Wall","player_choice":"Grow","floor":5,"damage_taken":0},{"event_name":"Upgrade Shrine","player_choice":"Upgraded","floor":12,"damage_taken":0},{"event_name":"Back to Basics","player_choice":"Simplicity","floor":24,"damage_taken":0},{"event_name":"SensoryStone","player_choice":"Memory 1","floor":36,"damage_taken":0},{"event_name":"Winding Halls","player_choice":"Writhe","floor":46,"damage_taken":0}],"is_beta":true,"boss_relics":[{"not_picked":["Coffee Dripper","Velvet Choker"],"picked":"Cursed Key"},{"not_picked":["Runic Pyramid","Lizard Tail"],"picked":"Busted Crown"}],"items_purged_floors":[],"is_endless":false,"potions_floor_spawned":[10,13,14,16,18,25,29,38,41,48],"ascension_level":15}