{"path_per_floor":["M","?","M","M","M","E","?","?","T","R","M","?","$","M","R"],"character_chosen":"IRONCLAD","items_purchased":[],"gold_per_floor":[113,113,127,146,158,186,186,206,231,231,244,244,169,189,189],"floor_reached":16,"campfire_rested":1,"playtime":2202,"current_hp_per_floor":[80,47,50,54,57,19,45,45,45,45,44,28,28,36,60],"items_purged":["Strike_R"],"gold":189,"play_id":"465f693b-094e-49b3-a948-cf50ddef7ac7","is_prod":false,"is_daily":false,"is_ascension_mode":false,"campfire_upgraded":1,"path_taken":["M","?","M","M","M","E","?","?","T","R","M","?","$","M","R","BOSS"],"build_version":"2018-02-01-PROD3","purchased_purges":1,"victory":false,"master_deck":["Strike_R","Strike_R","Strike_R","Strike_R","Defend_R+1","Defend_R","Defend_R","Defend_R","Bash","Metallicize","Body Slam+1","Power Through","Iron Wave","Whirlwind","Dual Wield+1","True Grit","Shrug It Off"],"max_hp_per_floor":[80,80,80,80,80,80,80,80,80,80,80,80,80,80,80],"relics":["Burning Blood","Kunai","Oddly Smooth Stone","Odd Mushroom","Blood Vial"],"card_choices":[{"not_picked":["True Grit","Iron Wave"],"picked":"Metallicize"},{"not_picked":["Infernal Blade","Twin Strike"],"picked":"Body Slam"},{"not_picked":["Body Slam","Fire Breathing"],"picked":"Power Through"},{"not_picked":["Twin Strike","Feed"],"picked":"Iron Wave"},{"not_picked":["Fire Breathing","Heavy Blade"],"picked":"Whirlwind"},{"not_picked":["Twin Strike","Headbutt"],"picked":"Dual Wield"},{"not_picked":["Clothesline","Twin Strike"],"picked":"True Grit"},{"not_picked":["Bludgeon","Flex"],"picked":"Shrug It Off"}],"player_experience":9530,"potions_floor_usage":[6,11],"damage_taken":[{"damage":0,"enemies":"Small Slimes","floor":1,"turns":3},{"damage":3,"enemies":"Cultist","floor":3,"turns":4},{"damage":2,"enemies":"2 Louse","floor":4,"turns":4},{"damage":3,"enemies":"Exordium Wildlife","floor":5,"turns":7},{"damage":44,"enemies":"Lagavulin","floor":6,"turns":12},{"damage":6,"enemies":"The Mushroom Lair","floor":8,"turns":7},{"damage":9,"enemies":"Large Slime","floor":11,"turns":7},{"damage":0,"enemies":"3 Louse","floor":14,"turns":2},{"damage":66,"enemies":"Slime Boss","floor":16,"turns":14}],"event_choices":[{"event_name":"Scrap Ooze","player_choice":"success","floor":2,"damage_taken":33},{"event_name":"Big Fish","player_choice":"Banana","floor":7,"damage_taken":0},{"event_name":"Mushrooms","player_choice":"Fought Mushrooms","floor":8,"damage_taken":0},{"event_name":"Shining Light","player_choice":"Entered Light","floor":12,"damage_taken":0}],"boss_relics":[],"potions_floor_spawned":[1,8],"seed_played":"-5252294605464347294","killed_by":"Slime Boss","ascension_level":0,"is_trial":false}