{"gold_per_floor":[110,128,140,159,159,159,177,177,204,279,297,297,310,348,348,441,441,455,455,480,185,185,185],"floor_reached":23,"playtime":662,"items_purged":["Strike_B"],"score":376,"play_id":"d2fc3faa-0107-4390-9b61-efc3a024001f","local_time":"20190119004630","is_ascension_mode":true,"campfire_choices":[{"data":"Genetic Algorithm","floor":6.0,"key":"SMITH"},{"data":"Zap","floor":8.0,"key":"SMITH"},{"data":"Streamline","floor":12.0,"key":"SMITH"},{"floor":15.0,"key":"REST"}],"neow_cost":"NONE","seed_source_timestamp":0,"circlet_count":0,"master_deck":["AscendersBane","Strike_B","Strike_B","Defend_B","Defend_B","Defend_B","Defend_B","Zap+1","Dualcast","Self Repair","White Noise","Streamline+1","Genetic Algorithm+1","Conserve Battery","Seek","Go for the Eyes","Electrodynamics","Echo Form","Stack","Conserve Battery"],"special_seed":0,"relics":["Cracked Core","Golden Idol","Regal Pillow","Inserter","Blood Vial"],"potions_floor_usage":[23,23],"damage_taken":[{"damage":2.0,"enemies":"Jaw Worm","floor":1.0,"turns":3.0},{"damage":3.0,"enemies":"2 Louse","floor":2.0,"turns":4.0},{"damage":7.0,"enemies":"Small Slimes","floor":3.0,"turns":4.0},{"damage":10.0,"enemies":"3 Louse","floor":4.0,"turns":4.0},{"damage":26.0,"enemies":"Blue Slaver","floor":7.0,"turns":4.0},{"damage":0.0,"enemies":"2 Fungi Beasts","floor":11.0,"turns":1.0},{"damage":5.0,"enemies":"Exordium Thugs","floor":13.0,"turns":3.0},{"damage":10.0,"enemies":"Gremlin Nob","floor":14.0,"turns":3.0},{"damage":34.0,"enemies":"Hexaghost","floor":16.0,"turns":9.0},{"damage":31.0,"enemies":"Spheric Guardian","floor":18.0,"turns":6.0},{"damage":30,"enemies":"Shell Parasite","floor":20,"turns":7},{"damage":36,"enemies":"Slavers","floor":23,"turns":2}],"seed_played":"2281136623110925247","potions_obtained":[{"floor":1.0,"key":"Explosive Potion"},{"floor":3.0,"key":"AttackPotion"},{"floor":13.0,"key":"LiquidBronze"},{"floor":14.0,"key":"FearPotion"},{"floor":16.0,"key":"Explosive Potion"}],"is_trial":false,"path_per_floor":["M","M","M","M","?","R","M","R","T","?","M","R","M","E","R","B",null,"M","?","M","$","?","E"],"character_chosen":"DEFECT","items_purchased":["Blood Vial","Explosive Potion"],"campfire_rested":1,"item_purchase_floors":[21,21],"current_hp_per_floor":[69,73,73,70,43,43,24,24,24,13,20,20,22,12,50,16,63,46,46,30,30,30,0],"gold":185,"neow_bonus":"TEN_PERCENT_HP_BONUS","is_prod":false,"is_daily":false,"chose_seed":false,"campfire_upgraded":3,"win_rate":0,"timestamp":1547826390,"path_taken":["M","M","M","M","?","R","M","R","T","?","M","R","M","E","R","BOSS","M","?","M","$","?","E"],"build_version":"2019-01-17v2","purchased_purges":1,"victory":false,"max_hp_per_floor":[78,78,78,78,78,78,78,78,78,78,78,78,78,78,78,78,78,78,78,78,78,78,78],"card_choices":[{"not_picked":["Auto Shields","Reinforced Body"],"picked":"Self Repair","floor":1.0},{"not_picked":["Stack","Turbo"],"picked":"White Noise","floor":2.0},{"not_picked":["Recycle","Gash"],"picked":"Streamline","floor":3.0},{"not_picked":["Turbo","Go for the Eyes"],"picked":"Genetic Algorithm","floor":4.0},{"not_picked":["Compile Driver","Hologram"],"picked":"Conserve Battery","floor":7.0},{"not_picked":["Hologram","Turbo"],"picked":"Seek","floor":11.0},{"not_picked":["Coolheaded","Hologram"],"picked":"Go for the Eyes","floor":13.0},{"not_picked":["Steam Power","Conserve Battery"],"picked":"Electrodynamics","floor":14.0},{"not_picked":["Electrodynamics","Reboot"],"picked":"Echo Form","floor":16.0},{"not_picked":["Reprogram","Gash"],"picked":"Stack","floor":18.0},{"not_picked":["Double Energy","Scrape"],"picked":"Conserve Battery","floor":20}],"player_experience":1050721,"relics_obtained":[{"floor":14.0,"key":"Regal Pillow"}],"event_choices":[{"damage_healed":0.0,"max_hp_gain":0.0,"max_hp_loss":0.0,"gold_gain":0.0,"event_name":"Golden Idol","player_choice":"Take Damage","floor":5.0,"gold_loss":0.0,"damage_taken":27.0,"relics_obtained":["Golden Idol"]},{"damage_healed":0.0,"max_hp_gain":0.0,"max_hp_loss":0.0,"gold_gain":75.0,"event_name":"World of Goop","player_choice":"Gather Gold","floor":10.0,"gold_loss":0.0,"damage_taken":11.0},{"damage_healed":0.0,"max_hp_gain":0.0,"max_hp_loss":0.0,"gold_gain":0.0,"event_name":"Vampires","player_choice":"Ignored","floor":19.0,"gold_loss":0.0,"damage_taken":0.0},{"cards_removed":["Strike_B"],"damage_healed":0,"gold_gain":0,"player_choice":"Elegance","damage_taken":0,"max_hp_gain":0,"max_hp_loss":0,"event_name":"Back to Basics","floor":22,"gold_loss":0}],"is_beta":false,"boss_relics":[{"not_picked":["Tiny House","Fusion Hammer"],"picked":"Inserter"}],"items_purged_floors":[21],"is_endless":false,"potions_floor_spawned":[1,3,13,14,16],"killed_by":"Slavers","ascension_level":19}