{"gold_per_floor":[113,36,55,55,73,106,106,106,106,119,119,144,167,183,183,303,366,390,405,405],"floor_reached":20,"playtime":1068,"items_purged":[],"score":203,"play_id":"6494d271-5ce7-41b5-86de-17b6c1eac210","local_time":"20181014182753","is_ascension_mode":false,"campfire_choices":[{"data":"Rainbow","floor":11,"key":"SMITH"},{"floor":15,"key":"REST"}],"neow_cost":"NONE","seed_source_timestamp":261948256251837,"circlet_count":0,"master_deck":["Strike_B","Strike_B","Strike_B","Strike_B","Defend_B","Defend_B","Defend_B","Defend_B","Zap+1","Dualcast","Redo","Beam Cell","Ball Lightning","Streamline","Fusion","Rainbow+1","Regret","Conserve Battery","Darkness+1","White Noise","Meteor Strike","FTL","Turbo","Sunder"],"relics":["Cracked Core","Letter Opener","Unceasing Top","Golden Idol","Sundial","Tiny House"],"potions_floor_usage":[5,6,6,6,12,16,16,16,18],"damage_taken":[{"damage":0,"enemies":"Small Slimes","floor":1,"turns":3},{"damage":1,"enemies":"Cultist","floor":3,"turns":3},{"damage":1,"enemies":"Jaw Worm","floor":5,"turns":3},{"damage":0,"enemies":"Gremlin Nob","floor":6,"turns":2},{"damage":11,"enemies":"3 Louse","floor":10,"turns":2},{"damage":20,"enemies":"Lots of Slimes","floor":12,"turns":4},{"damage":2,"enemies":"Blue Slaver","floor":13,"turns":3},{"damage":11,"enemies":"Red Slaver","floor":14,"turns":3},{"damage":33,"enemies":"The Guardian","floor":16,"turns":7},{"damage":22,"enemies":"Spheric Guardian","floor":18,"turns":4},{"damage":16,"enemies":"3 Byrds","floor":19,"turns":4},{"damage":45,"enemies":"Shelled Parasite and Fungi","floor":20,"turns":3}],"seed_played":"2437962508014731967","potions_obtained":[{"floor":4,"key":"EntropicBrew"},{"floor":4,"key":"SneckoOil"},{"floor":4,"key":"Fruit Juice"},{"floor":5,"key":"FearPotion"},{"floor":12,"key":"Swift Potion"},{"floor":14,"key":"Swift Potion"},{"floor":17,"key":"Dexterity Potion"}],"is_trial":false,"path_per_floor":["M","$","M","?","M","E","?","?","T","M","R","M","M","M","R","B",null,"M","M"],"character_chosen":"DEFECT","items_purchased":["Beam Cell","Ball Lightning"],"campfire_rested":1,"item_purchase_floors":[2,2],"current_hp_per_floor":[75,75,74,74,78,78,78,74,74,63,63,43,41,30,52,19,79,57,41,0],"gold":405,"neow_bonus":"UPGRADE_CARD","is_prod":false,"is_daily":false,"chose_seed":false,"campfire_upgraded":1,"win_rate":0.0,"timestamp":1539494873,"path_taken":["M","$","M","?","M","E","?","?","T","M","R","M","M","M","R","BOSS","M","M","M"],"build_version":"2018-10-11","purchased_purges":0,"victory":false,"max_hp_per_floor":[75,75,75,75,80,80,80,74,74,74,74,74,74,74,74,74,79,79,79,79],"card_choices":[{"not_picked":["Rebound","Turbo"],"picked":"Redo","floor":1},{"not_picked":["Hologram","Steam"],"picked":"Streamline","floor":3},{"not_picked":["Stack","Beam Cell"],"picked":"Fusion","floor":5},{"not_picked":["Glacier","Beam Cell"],"picked":"Rainbow","floor":6},{"not_picked":["Leap","Aggregate","Stack"],"picked":"SKIP","floor":10},{"not_picked":["Leap","Sweeping Beam"],"picked":"Conserve Battery","floor":12},{"not_picked":["Meteor Strike","Turbo"],"picked":"Darkness","floor":13},{"not_picked":["Coolheaded","Stack"],"picked":"White Noise","floor":14},{"not_picked":["Machine Learning","All For One"],"picked":"Meteor Strike","floor":16},{"not_picked":["Stack","Barrage"],"picked":"FTL","floor":17},{"not_picked":["Leap","Streamline"],"picked":"Turbo","floor":18},{"not_picked":["Glacier","Multi-Cast"],"picked":"Sunder","floor":19}],"player_experience":39656,"relics_obtained":[{"floor":6,"key":"Letter Opener"},{"floor":9,"key":"Sundial"}],"event_choices":[{"event_name":"The Lab","player_choice":"Got Potions","floor":4,"damage_taken":0},{"event_name":"Big Fish","player_choice":"Box","floor":7,"damage_taken":0},{"event_name":"Golden Idol","player_choice":"Lose Max HP","floor":8,"damage_taken":0}],"is_beta":false,"boss_relics":[{"not_picked":["Runic Pyramid","Velvet Choker"],"picked":"Tiny House"}],"items_purged_floors":[],"is_endless":false,"potions_floor_spawned":[5,12,14],"killed_by":"Shelled Parasite and Fungi","ascension_level":0}