{"path_per_floor":["M","M","M","M","?","E","$","?","T","R","?","R","M","M","R","B",null,"M","M","M","?","M","R","E"],"character_chosen":"DEFECT","items_purchased":["Vajra"],"gold_per_floor":[116,131,145,161,161,186,42,42,42,42,65,65,76,94,94,192,192,175,194,208,123,133,133,161,161],"floor_reached":25,"campfire_rested":1,"playtime":2971,"current_hp_per_floor":[70,70,69,59,59,40,40,40,40,40,44,44,40,42,42,22,75,75,70,48,48,20,42,14,0],"items_purged":[],"gold":161,"score":225,"play_id":"064ecb11-1a47-4722-a285-30ea20624dee","local_time":"20180427235419","is_prod":false,"is_daily":false,"chose_seed":false,"is_ascension_mode":false,"campfire_upgraded":3,"timestamp":1524866059,"path_taken":["M","M","M","M","?","E","$","?","T","R","?","R","M","M","R","BOSS","M","M","M","?","M","R","E","M"],"build_version":"2018-04-26","seed_source_timestamp":0,"purchased_purges":0,"victory":false,"master_deck":["Strike_B","Strike_B","Strike_B","Strike_B","Defend_B","Defend_B","Defend_B","Defend_B","Zap+1","Dualcast+1","Genetic Algorithm","Ball Lightning","Barrage","Barrage","Self Repair","Jack Of All Trades+1","Gash","Capacitor+1","Leap+1","Fusion+1","Impulse+1","Allocate+1","White Noise+1","Stack+1","Static Discharge","Gash","Ball Lightning+1","Hello World+1","Redo+1","Leap+1"],"max_hp_per_floor":[75,75,75,75,75,75,75,75,75,75,75,75,75,75,75,75,75,75,75,75,75,75,75,75,75],"relics":["Circlet","Matryoshka","Vajra","Anchor","Toxic Egg 2","Odd Mushroom","Orrery","Dream Catcher","Shuriken"],"card_choices":[{"not_picked":["Beam Cell","Blaster"],"picked":"Genetic Algorithm","floor":1.0},{"not_picked":["Go for the Eyes","Skim"],"picked":"Ball Lightning","floor":2.0},{"not_picked":["Skim","Aggregate"],"picked":"Barrage","floor":3.0},{"not_picked":["Aggregate","Go for the Eyes"],"picked":"Barrage","floor":4.0},{"not_picked":["Ball Lightning","Skim"],"picked":"Self Repair","floor":6.0},{"not_picked":["Skim","Sweeping Beam"],"picked":"Gash","floor":11.0},{"not_picked":["Cold Snap","Flux Capacitor"],"picked":"Capacitor","floor":13.0},{"not_picked":["Blizzard","Ball Lightning"],"picked":"Leap","floor":14.0},{"not_picked":["Prime","Multi-Cast"],"picked":"Fusion","floor":16.0},{"not_picked":["Tempest","Sweeping Beam"],"picked":"Impulse","floor":17.0},{"not_picked":["Loop","Hello World"],"picked":"Allocate","floor":17.0},{"not_picked":["Loop","Auto Shields"],"picked":"White Noise","floor":17.0},{"not_picked":["Hello World","Sweeping Beam"],"picked":"Stack","floor":17.0},{"not_picked":["Glacier","Barrage"],"picked":"Static Discharge","floor":17.0},{"not_picked":["Steam Power","Axe Kick"],"picked":"Gash","floor":18.0},{"not_picked":["Skim","Sweeping Beam"],"picked":"Ball Lightning","floor":20.0},{"not_picked":["Ball Lightning","Chaos"],"picked":"Hello World","floor":22},{"not_picked":["Leap","Self Repair"],"picked":"Redo","floor":23},{"not_picked":["Hologram","Skim"],"picked":"Leap","floor":24}],"player_experience":672792,"potions_floor_usage":[24,24],"damage_taken":[{"damage":5.0,"enemies":"Small Slimes","floor":1.0,"turns":3.0},{"damage":0.0,"enemies":"Cultist","floor":2.0,"turns":4.0},{"damage":1.0,"enemies":"Jaw Worm","floor":3.0,"turns":3.0},{"damage":10.0,"enemies":"Red Slaver","floor":4.0,"turns":4.0},{"damage":19.0,"enemies":"Lagavulin","floor":6.0,"turns":4.0},{"damage":3.0,"enemies":"The Mushroom Lair","floor":11.0,"turns":2.0},{"damage":14.0,"enemies":"Exordium Thugs","floor":13.0,"turns":4.0},{"damage":5.0,"enemies":"Looter","floor":14.0,"turns":3.0},{"damage":27.0,"enemies":"The Guardian","floor":16.0,"turns":10.0},{"damage":5.0,"enemies":"2 Thieves","floor":18.0,"turns":5.0},{"damage":12.0,"enemies":"Chosen","floor":19.0,"turns":7.0},{"damage":33.0,"enemies":"Snecko","floor":20.0,"turns":6.0},{"damage":35.0,"enemies":"Slaver and Parasite","floor":22.0,"turns":5.0},{"damage":35,"enemies":"Gremlin Leader","floor":24,"turns":6},{"damage":22,"enemies":"3 Cultists","floor":25,"turns":3}],"event_choices":[{"event_name":"Upgrade Shrine","player_choice":"Upgraded","floor":5.0,"damage_taken":0.0},{"event_name":"Match and Keep!","player_choice":"1 cards matched","floor":8.0,"damage_taken":0.0},{"event_name":"Mushrooms","player_choice":"Fought Mushrooms","floor":11.0,"damage_taken":0.0},{"event_name":"Addict","player_choice":"Obtained Relic","floor":21.0,"damage_taken":0.0}],"boss_relics":[],"potions_floor_spawned":[2,4,11,16,18],"seed_played":"-6314251039553687927","killed_by":"3 Cultists","ascension_level":0,"is_trial":false}