{"path_per_floor":["M","$","?","M","M","R","M","R","T","?","$","E","T","M","R","B",null,"M","M","?","?","M","R","$","M","T","$","?","M","E","M","R","B",null,"M","M","M","$","M","R","M","R","T","M","?","$","M","M","R"],"character_chosen":"IRONCLAD","items_purchased":["Sword Boomerang","Disarm","Limit Break","Shrug It Off"],"gold_per_floor":[115,13,0,13,26,26,41,41,41,41,41,74,374,392,392,487,487,507,518,518,518,529,529,356,369,369,37,37,53,86,96,96,201,201,211,231,248,98,112,112,127,127,127,138,138,138,154,169,169,169],"floor_reached":50,"campfire_rested":3,"playtime":1984,"current_hp_per_floor":[80,80,80,80,80,80,80,80,80,80,80,70,70,76,76,53,80,80,76,76,76,62,62,62,60,60,60,60,52,59,52,76,35,80,72,74,76,76,57,57,42,66,66,57,57,57,48,27,51,0],"items_purged":["Strike_R","Strike_R","Writhe","Bloodletting"],"gold":169,"score":468,"play_id":"bae8cbf4-ea43-4966-a948-24d2db4b3ce3","local_time":"20180328092709","is_prod":false,"is_daily":false,"is_ascension_mode":false,"campfire_upgraded":5,"timestamp":1522222029,"path_taken":["M","$","?","M","M","R","M","R","T","?","$","E","?","M","R","BOSS","M","M","?","?","?","R","?","M","T","$","?","M","E","?","R","BOSS","M","?","M","$","M","R","M","R","T","M","?","$","M","?","R","BOSS"],"build_version":"2018-03-22v2","purchased_purges":4,"victory":false,"master_deck":["Defend_R","Defend_R","Defend_R","Defend_R","Bash","Flex","Thunderclap","Sword Boomerang+1","Flex+1","Pommel Strike","Shrug It Off+1","Cleave","Pummel","Fiend Fire+1","Burning Pact","Inflame+1","Heavy Blade+1","Disarm","Limit Break","Shrug It Off","Limit Break","Fiend Fire","Battle Trance","Shrug It Off+1","Offering","Iron Wave+1","Bloodletting+1","Limit Break","Exhume","Decay","Infernal Blade+1","Sentinel+1"],"max_hp_per_floor":[80,80,80,80,80,80,80,80,80,80,80,80,80,80,80,80,80,80,80,80,80,80,80,80,80,80,80,80,80,80,80,80,80,80,80,80,80,80,80,80,80,80,80,80,80,80,80,80,80,80],"relics":["Burning Blood","Dead Branch","Old Coin","Cursed Key","Dream Catcher","Self Forming Clay","Nloth\u0027s Gift","Paper Frog","Astrolabe","Vajra"],"card_choices":[{"not_picked":["Wild Strike","Sever Soul"],"picked":"Flex","floor":0},{"not_picked":["Battle Trance","Flex"],"picked":"Thunderclap","floor":1},{"not_picked":["Rupture","Wild Strike"],"picked":"Flex","floor":4},{"not_picked":["Fire Breathing","Flex"],"picked":"Pommel Strike","floor":5},{"not_picked":["Feel No Pain","Carnage"],"picked":"Shrug It Off","floor":7},{"not_picked":["Impervious","Pommel Strike"],"picked":"Pummel","floor":12},{"not_picked":["Bludgeon","Exhume"],"picked":"Fiend Fire","floor":16},{"not_picked":["Body Slam","Sentinel"],"picked":"Burning Pact","floor":18},{"not_picked":["Whirlwind","Perfected Strike"],"picked":"Inflame","floor":19},{"not_picked":["Headbutt","Pommel Strike"],"picked":"Limit Break","floor":29},{"not_picked":["Havoc","Anger"],"picked":"Fiend Fire","floor":30},{"not_picked":["Clash","Headbutt"],"picked":"Battle Trance","floor":31},{"not_picked":["Dual Wield","Wild Strike"],"picked":"Shrug It Off","floor":32},{"not_picked":["Double Tap","Demon Form"],"picked":"Offering","floor":33},{"not_picked":["Anger","Clothesline"],"picked":"Limit Break","floor":35},{"not_picked":["Demon Form","Armaments"],"picked":"Exhume","floor":36},{"not_picked":["Sever Soul","Rage"],"picked":"Infernal Blade","floor":44},{"not_picked":["Searing Blow","Hemokinesis"],"picked":"Sentinel","floor":49}],"player_experience":197697,"potions_floor_usage":[12,16,22,25,29,30,39,44,50,50],"damage_taken":[{"damage":0,"enemies":"Small Slimes","floor":1,"turns":3},{"damage":5,"enemies":"2 Louse","floor":4,"turns":2},{"damage":0,"enemies":"Cultist","floor":5,"turns":2},{"damage":2,"enemies":"Large Slime","floor":7,"turns":4},{"damage":16,"enemies":"Lagavulin","floor":12,"turns":5},{"damage":0,"enemies":"Gremlin Gang","floor":14,"turns":1},{"damage":29,"enemies":"Slime Boss","floor":16,"turns":8},{"damage":0,"enemies":"Shell Parasite","floor":18,"turns":2},{"damage":10,"enemies":"2 Thieves","floor":19,"turns":2},{"damage":20,"enemies":"Snake Plant","floor":22,"turns":4},{"damage":8,"enemies":"Centurion and Healer","floor":25,"turns":3},{"damage":14,"enemies":"3 Cultists","floor":29,"turns":4},{"damage":28,"enemies":"Slavers","floor":30,"turns":5},{"damage":13,"enemies":"Cultist and Chosen","floor":31,"turns":4},{"damage":47,"enemies":"Automaton","floor":33,"turns":8},{"damage":14,"enemies":"3 Darklings","floor":35,"turns":3},{"damage":4,"enemies":"3 Shapes","floor":36,"turns":3},{"damage":4,"enemies":"Sphere and 2 Shapes","floor":37,"turns":3},{"damage":34,"enemies":"Maw","floor":39,"turns":5},{"damage":21,"enemies":"4 Shapes","floor":41,"turns":3},{"damage":15,"enemies":"3 Darklings","floor":44,"turns":5},{"damage":15,"enemies":"Sphere and 2 Shapes","floor":47,"turns":3},{"damage":41,"enemies":"Maw","floor":48,"turns":7},{"damage":53,"enemies":"Time Eater","floor":50,"turns":4}],"event_choices":[{"event_name":"World of Goop","player_choice":"Left","floor":3,"damage_taken":0},{"event_name":"Match and Keep!","player_choice":"1 cards matched","floor":10,"damage_taken":0},{"event_name":"Accursed Blacksmith","player_choice":"Rummage","floor":20,"damage_taken":0},{"event_name":"The Library","player_choice":"Read","floor":21,"damage_taken":0},{"event_name":"N\u0027loth","player_choice":"Traded a Mercury Hourglass","floor":28,"damage_taken":0},{"event_name":"Tomb of Lord Red Mask","player_choice":"Ignored","floor":45,"damage_taken":0}],"boss_relics":[{"not_picked":["Snecko Eye","Philosopher\u0027s Stone"],"picked":"Cursed Key"},{"not_picked":["Mark of Pain","Black Blood"],"picked":"Astrolabe"}],"potions_floor_spawned":[7,12,14,18,22,25,30,33,39,41],"seed_played":"-5473080996254039195","killed_by":"Time Eater","ascension_level":0,"is_trial":false}