{"path_per_floor":["M","?","M","$","M","R","M","R","T","M","?","R","$","$","R","B",null,"M","?","$","M","M","R","?","M","T","?","$","R","?","M","R","B",null,"M","M","$","?","?","R","M","R","T","R","M","?","$","T","R"],"character_chosen":"IRONCLAD","items_purchased":["Iron Wave","Flame Barrier","Shrug It Off","War Paint"],"gold_per_floor":[112,112,124,26,43,43,55,55,80,96,96,96,96,25,25,146,146,171,171,47,70,90,90,90,114,140,140,15,15,15,31,31,151,151,171,187,34,34,34,34,49,49,49,49,64,64,64,364,364],"floor_reached":50,"campfire_rested":4,"playtime":2744,"current_hp_per_floor":[76,69,75,75,79,79,74,74,74,70,50,50,50,50,50,33,80,78,78,78,46,45,69,53,59,59,59,59,80,72,80,80,41,80,59,71,71,71,80,80,38,62,62,80,73,73,73,73,73],"items_purged":["Strike_R","Strike_R","Defend_R"],"gold":364,"score":453,"play_id":"227e587a-d8b3-4b7d-808e-1e2fecc18e19","local_time":"20180322230403","is_prod":false,"is_daily":false,"is_ascension_mode":false,"campfire_upgraded":7,"timestamp":1521756243,"path_taken":["M","?","M","$","M","R","M","R","T","?","?","R","?","$","R","BOSS","M","?","$","?","M","R","?","M","T","?","$","R","?","M","R","BOSS","M","?","$","?","?","R","M","R","T","R","M","?","?","?","R","BOSS"],"build_version":"2018-03-15v3","purchased_purges":3,"victory":false,"master_deck":["Strike_R+1","Defend_R+1","Defend_R+1","Bash","Body Slam+1","Iron Wave+1","Flex+1","Power Through+1","Flame Barrier+1","Shrug It Off+1","Pommel Strike+1","Writhe"],"max_hp_per_floor":[80,80,80,80,80,80,80,80,80,80,80,80,80,80,80,80,80,80,80,80,80,80,80,80,80,80,80,80,80,80,80,80,80,80,80,80,80,80,80,80,80,80,80,80,80,80,80,80,80],"relics":["Black Blood","Bag of Marbles","Golden Idol","Lizard Tail","Enchiridion","Blood Vial","War Paint","Whetstone","Old Coin"],"card_choices":[{"not_picked":["Searing Blow","Seeing Red"],"picked":"Body Slam"},{"not_picked":["Intimidate","Perfected Strike"],"picked":"Flex"},{"not_picked":["Havoc","Warcry"],"picked":"Power Through"},{"not_picked":["Bloodletting","Twin Strike"],"picked":"Body Slam"},{"not_picked":["Clothesline","True Grit"],"picked":"Pommel Strike"}],"player_experience":128931,"potions_floor_usage":[3,16,31,33,50,50,50],"damage_taken":[{"damage":10,"enemies":"Cultist","floor":1,"turns":4},{"damage":0,"enemies":"2 Louse","floor":3,"turns":2},{"damage":2,"enemies":"Jaw Worm","floor":5,"turns":4},{"damage":11,"enemies":"Lots of Slimes","floor":7,"turns":7},{"damage":10,"enemies":"2 Fungi Beasts","floor":10,"turns":4},{"damage":23,"enemies":"The Guardian","floor":16,"turns":14},{"damage":8,"enemies":"Chosen","floor":18,"turns":6},{"damage":38,"enemies":"Spheric Guardian","floor":21,"turns":11},{"damage":7,"enemies":"Snake Plant","floor":22,"turns":7},{"damage":0,"enemies":"Snecko","floor":25,"turns":9},{"damage":0,"enemies":"Centurion and Healer","floor":31,"turns":3},{"damage":92,"enemies":"Automaton","floor":33,"turns":16},{"damage":31,"enemies":"3 Darklings","floor":35,"turns":6},{"damage":0,"enemies":"3 Shapes","floor":36,"turns":5},{"damage":52,"enemies":"Maw","floor":41,"turns":9},{"damage":17,"enemies":"3 Darklings","floor":45,"turns":4},{"damage":84,"enemies":"Time Eater","floor":50,"turns":18}],"event_choices":[{"event_name":"Golden Wing","player_choice":"Card Removal","floor":2,"damage_taken":0},{"event_name":"Golden Idol","player_choice":"Take Damage","floor":11,"damage_taken":0},{"event_name":"Drug Dealer","player_choice":"Ignored","floor":19,"damage_taken":0},{"event_name":"Cursed Tome","player_choice":"Obtained Book","floor":24,"damage_taken":0},{"event_name":"Bonfire Elementals","player_choice":"BASIC","floor":27,"damage_taken":0},{"event_name":"Knowing Skull","player_choice":"","floor":30,"damage_taken":0},{"event_name":"Purifier","player_choice":"One Purge","floor":38,"damage_taken":0},{"event_name":"Winding Halls","player_choice":"Writhe","floor":39,"damage_taken":0}],"boss_relics":[{"not_picked":["Ectoplasm","Eternal Feather"],"picked":"Lizard Tail"},{"not_picked":["White Beast Statue","Cursed Key"],"picked":"Black Blood"}],"potions_floor_spawned":[1,3,7,10,21,25,31,33,36,41],"seed_played":"-1091047143075475550","killed_by":"Time Eater","ascension_level":0,"is_trial":false}