{"gold_per_floor":[110,75,94,5,24,24,56,56,56,74,87,87,87,105,105,182,182,201,201,213,223,233,233,233,233,258,80,91,91,108,128,128,128],"floor_reached":33,"playtime":1775,"items_purged":["Parasite"],"score":464,"play_id":"374855e7-ffda-4c77-b2ac-36ea4c658148","local_time":"20190129143123","is_ascension_mode":true,"campfire_choices":[{"data":"All Out Attack","floor":6,"key":"SMITH"},{"data":"Footwork","floor":8,"key":"SMITH"},{"data":"Neutralize","floor":13,"key":"SMITH"},{"data":"Burst","floor":15,"key":"SMITH"},{"data":"Tactician","floor":23,"key":"SMITH"},{"data":"Acrobatics","floor":25,"key":"SMITH"},{"data":"J.A.X.","floor":29,"key":"SMITH"},{"data":"Night Terror","floor":32,"key":"SMITH"}],"neow_cost":"NONE","seed_source_timestamp":21874025374754,"circlet_count":0,"master_deck":["AscendersBane","Defend_G","Defend_G","Defend_G","Defend_G","Defend_G","Survivor","Neutralize+1","All Out Attack+1","Footwork+1","Dagger Throw","Backflip","Flying Knee+1","Heel Hook+1","Sucker Punch+1","Burst+1","Unload+1","Deflect","Bite+1","Bite+1","Bite+1","Bite+1","Bite+1","Acrobatics+1","Backflip","Tactician+1","J.A.X.+1","Quick Slash+1","Riddle With Holes+1","Night Terror+1"],"relics":["Ring of the Snake","Ancient Tea Set","Molten Egg 2","The Courier","Cursed Key","Bag of Preparation","Happy Flower"],"potions_floor_usage":[3,7,33,33],"damage_taken":[{"damage":7,"enemies":"Small Slimes","floor":1,"turns":4},{"damage":0,"enemies":"Cultist","floor":3,"turns":2},{"damage":0,"enemies":"2 Louse","floor":5,"turns":3},{"damage":20,"enemies":"Gremlin Nob","floor":7,"turns":4},{"damage":3,"enemies":"Exordium Thugs","floor":10,"turns":3},{"damage":6,"enemies":"Red Slaver","floor":11,"turns":3},{"damage":0,"enemies":"Large Slime","floor":14,"turns":4},{"damage":38,"enemies":"The Guardian","floor":16,"turns":14},{"damage":6,"enemies":"Shell Parasite","floor":18,"turns":5},{"damage":2,"enemies":"2 Thieves","floor":20,"turns":3},{"damage":1,"enemies":"Centurion and Healer","floor":21,"turns":7},{"damage":7,"enemies":"Shelled Parasite and Fungi","floor":22,"turns":6},{"damage":3,"enemies":"Snecko","floor":28,"turns":5},{"damage":3,"enemies":"Cultist and Chosen","floor":30,"turns":4},{"damage":3,"enemies":"Centurion and Healer","floor":31,"turns":6},{"damage":65,"enemies":"Collector","floor":33,"turns":7}],"seed_played":"-8657227977384505996","potions_obtained":[{"floor":1,"key":"AttackPotion"},{"floor":3,"key":"SpeedPotion"},{"floor":10,"key":"Ancient Potion"},{"floor":21,"key":"Dexterity Potion"}],"is_trial":false,"path_per_floor":["M","$","M","$","M","R","E","R","T","M","M","?","R","M","R","B",null,"M","?","M","M","M","R","?","R","T","$","M","R","M","M","R","B"],"character_chosen":"THE_SILENT","items_purchased":["Footwork","Endless Agony","Fire Potion","Happy Flower"],"campfire_rested":0,"item_purchase_floors":[2,4,4,27],"current_hp_per_floor":[52,52,52,52,52,52,32,32,32,29,23,66,66,66,66,28,57,51,46,46,46,46,46,46,46,46,43,43,43,43,43,43,0],"gold":128,"neow_bonus":"RANDOM_COMMON_RELIC","is_prod":false,"is_daily":false,"chose_seed":false,"campfire_upgraded":8,"win_rate":0,"timestamp":1548768683,"path_taken":["M","$","M","$","M","R","E","R","T","M","M","?","R","M","R","BOSS","M","?","M","M","M","R","?","R","T","$","M","R","M","M","R","BOSS"],"build_version":"2019-01-23","purchased_purges":1,"victory":false,"max_hp_per_floor":[66,66,66,66,66,66,66,66,66,66,66,66,66,66,66,66,66,66,46,46,46,46,46,46,46,46,43,43,43,43,43,43,43],"card_choices":[{"not_picked":["Footwork","Dagger Spray"],"picked":"All Out Attack","floor":1},{"not_picked":["Poisoned Stab","PiercingWail"],"picked":"Dagger Throw","floor":3},{"not_picked":["Blade Dance","PiercingWail"],"picked":"Backflip","floor":5},{"not_picked":["Poisoned Stab","Backflip"],"picked":"Flying Knee","floor":7},{"not_picked":["Flechettes+1","Deadly Poison"],"picked":"Heel Hook+1","floor":10},{"not_picked":["Outmaneuver","Leg Sweep"],"picked":"Sucker Punch+1","floor":11},{"not_picked":["Bane+1","Deadly Poison"],"picked":"Burst","floor":14},{"not_picked":["Envenom","After Image"],"picked":"Unload+1","floor":16},{"not_picked":["Expertise","Choke+1"],"picked":"Deflect","floor":18},{"not_picked":["Sucker Punch+1","Bane+1"],"picked":"Acrobatics","floor":20},{"not_picked":["Tactician","Prepared"],"picked":"Backflip","floor":21},{"not_picked":["Bouncing Flask+1","Dodge and Roll"],"picked":"Tactician","floor":22},{"not_picked":["Crippling Poison","Well Laid Plans"],"picked":"Quick Slash+1","floor":28},{"not_picked":["Backflip","Outmaneuver"],"picked":"Riddle With Holes+1","floor":30},{"not_picked":["Deflect+1","Catalyst"],"picked":"Night Terror","floor":31}],"player_experience":419084,"relics_obtained":[{"floor":7,"key":"Molten Egg 2"},{"floor":9,"key":"The Courier"},{"floor":26,"key":"Bag of Preparation"}],"event_choices":[{"cards_removed":["Endless Agony"],"damage_healed":43,"gold_gain":0,"player_choice":"Offered Uncommon","damage_taken":0,"max_hp_gain":0,"max_hp_loss":0,"event_name":"Bonfire Elementals","floor":12,"gold_loss":0},{"damage_healed":0,"gold_gain":0,"player_choice":"Became a vampire","damage_taken":0,"max_hp_gain":0,"max_hp_loss":20,"event_name":"Vampires","floor":19,"gold_loss":0,"cards_obtained":["Bite","Bite","Bite","Bite","Bite"]},{"damage_healed":0,"gold_gain":0,"player_choice":"Obtain J.A.X.","damage_taken":0,"max_hp_gain":0,"max_hp_loss":0,"event_name":"Drug Dealer","floor":24,"gold_loss":0,"cards_obtained":["J.A.X."]}],"is_beta":false,"boss_relics":[{"not_picked":["Ring of the Serpent","Philosopher\u0027s Stone"],"picked":"Cursed Key"}],"items_purged_floors":[27],"is_endless":false,"potions_floor_spawned":[1,3,10,21,30],"killed_by":"Collector","ascension_level":15}