{"gold_per_floor":[116,391,406,416,428,428,442,442,469,469],"floor_reached":10,"playtime":369,"items_purged":[],"score":117,"play_id":"fbd0bcf7-9bb8-4887-83ad-699b33d65238","local_time":"20190119000645","is_ascension_mode":true,"campfire_choices":[{"data":"Zap","floor":6,"key":"SMITH"},{"data":"Dualcast","floor":8,"key":"SMITH"}],"neow_cost":"NONE","seed_source_timestamp":683738926901100,"circlet_count":0,"master_deck":["AscendersBane","Strike_B","Strike_B","Strike_B","Strike_B","Defend_B","Defend_B","Defend_B","Defend_B","Zap+1","Dualcast+1","Conserve Battery","Regret","Auto Shields","Aggregate","Sweeping Beam"],"relics":["Cracked Core","Bag of Marbles"],"potions_floor_usage":[10],"damage_taken":[{"damage":1,"enemies":"Cultist","floor":1,"turns":3},{"damage":4,"enemies":"Small Slimes","floor":3,"turns":3},{"damage":10,"enemies":"Jaw Worm","floor":4,"turns":5},{"damage":19,"enemies":"Large Slime","floor":5,"turns":7},{"damage":11,"enemies":"Blue Slaver","floor":7,"turns":4},{"damage":29,"enemies":"3 Sentries","floor":10,"turns":4}],"seed_played":"8819473835107368823","potions_obtained":[{"floor":1,"key":"Energy Potion"},{"floor":4,"key":"Dexterity Potion"}],"is_trial":false,"path_per_floor":["M","?","M","M","M","R","M","R","T","E"],"character_chosen":"DEFECT","items_purchased":[],"campfire_rested":0,"item_purchase_floors":[],"current_hp_per_floor":[70,70,66,56,37,37,26,26,26,0],"gold":469,"neow_bonus":"TEN_PERCENT_HP_BONUS","is_prod":false,"is_daily":false,"chose_seed":false,"campfire_upgraded":2,"win_rate":0,"timestamp":1547824005,"path_taken":["M","?","?","M","M","R","M","R","T","E"],"build_version":"2019-01-17v2","purchased_purges":0,"victory":false,"max_hp_per_floor":[78,78,78,78,78,78,78,78,78,78],"card_choices":[{"not_picked":["Loop","Skim"],"picked":"Conserve Battery","floor":1},{"not_picked":["Compile Driver","Redo"],"picked":"Auto Shields","floor":3},{"not_picked":["Static Discharge","Chaos"],"picked":"Aggregate","floor":4},{"not_picked":["Blizzard","Darkness","Reprogram"],"picked":"SKIP","floor":5},{"not_picked":["Coolheaded","Redo"],"picked":"Sweeping Beam","floor":7}],"player_experience":1049368,"relics_obtained":[{"floor":9,"key":"Bag of Marbles"}],"event_choices":[{"damage_healed":0,"gold_gain":275,"player_choice":"Desecrate","damage_taken":0,"max_hp_gain":0,"max_hp_loss":0,"event_name":"Golden Shrine","floor":2,"gold_loss":0,"cards_obtained":["Regret"]}],"is_beta":false,"boss_relics":[],"items_purged_floors":[],"is_endless":false,"potions_floor_spawned":[1,4,5],"killed_by":"3 Sentries","ascension_level":19}