{"gold_per_floor":[15,32,51,62,24,24,24,199,222,67,84,84,142,156,156,260,260,279,204,294,312,325,325,7,7,52,52,52,64,64,74,74,176,176,196,60,60,60,74,74,91,91,114,114,131,146,146,146,146,146],"floor_reached":51,"playtime":1996,"items_purged":["Doubt","Writhe"],"score":662,"play_id":"d83ab65f-b1e8-487e-ae6f-118aeeceff72","local_time":"20190129172234","is_ascension_mode":false,"campfire_choices":[{"data":"Limit Break","floor":7.0,"key":"SMITH"},{"data":"Flame Barrier","floor":12.0,"key":"SMITH"},{"data":"True Grit","floor":15.0,"key":"SMITH"},{"data":"Demon Form","floor":23.0,"key":"SMITH"},{"data":"Inflame","floor":25.0,"key":"SMITH"},{"data":"Feel No Pain","floor":27.0,"key":"SMITH"},{"data":"Body Slam","floor":30.0,"key":"SMITH"},{"data":"Infernal Blade","floor":32.0,"key":"SMITH"},{"data":"Double Tap","floor":40,"key":"SMITH"},{"data":"Havoc","floor":42,"key":"SMITH"},{"data":"Spot Weakness","floor":44,"key":"SMITH"},{"data":"Evolve","floor":49,"key":"SMITH"}],"neow_cost":"NO_GOLD","seed_source_timestamp":0,"circlet_count":0,"master_deck":["Bash","Limit Break+1","True Grit+1","Cleave","Demon Form+1","Spot Weakness+1","Flame Barrier+1","Infernal Blade+1","Battle Trance","Headbutt","Body Slam+1","Dropkick","Feel No Pain+1","Power Through","Havoc+1","Ghostly Armor","Double Tap+1","Pommel Strike","Intimidate+1","Inflame+1","Armaments+1","Reaper","Rupture+1","Evolve+1","Metallicize+1","Parasite","Headbutt","Pommel Strike+1","Demon Form+1"],"special_seed":0,"relics":["Burning Blood","Pen Nib","War Paint","Meat on the Bone","Pandora\u0027s Box","Mummified Hand","Dream Catcher","Potion Belt","Runic Dome","Strawberry"],"potions_floor_usage":[33,33,50,50,50,50],"damage_taken":[{"damage":0.0,"enemies":"2 Louse","floor":1.0,"turns":3.0},{"damage":5.0,"enemies":"Jaw Worm","floor":2.0,"turns":5.0},{"damage":0.0,"enemies":"Small Slimes","floor":3.0,"turns":5.0},{"damage":8.0,"enemies":"2 Fungi Beasts","floor":4.0,"turns":3.0},{"damage":7.0,"enemies":"Lots of Slimes","floor":11.0,"turns":3.0},{"damage":21.0,"enemies":"Gremlin Nob","floor":13.0,"turns":5.0},{"damage":8.0,"enemies":"Red Slaver","floor":14.0,"turns":3.0},{"damage":31.0,"enemies":"The Guardian","floor":16.0,"turns":11.0},{"damage":40.0,"enemies":"Spheric Guardian","floor":18.0,"turns":6.0},{"damage":12.0,"enemies":"Shell Parasite","floor":21.0,"turns":6.0},{"damage":28.0,"enemies":"Cultist and Chosen","floor":22.0,"turns":8.0},{"damage":5.0,"enemies":"Snake Plant","floor":29.0,"turns":2.0},{"damage":11.0,"enemies":"Centurion and Healer","floor":31.0,"turns":6.0},{"damage":44,"enemies":"Collector","floor":33,"turns":7},{"damage":11,"enemies":"3 Shapes","floor":35,"turns":3},{"damage":6,"enemies":"Orb Walker","floor":39,"turns":3},{"damage":16,"enemies":"Writhing Mass","floor":41,"turns":5},{"damage":6,"enemies":"4 Shapes","floor":45,"turns":2},{"damage":8,"enemies":"Jaw Worm Horde","floor":46,"turns":4},{"damage":56,"enemies":"Donu and Deca","floor":50,"turns":7}],"seed_played":"-737920894719307609","potions_obtained":[{"floor":4.0,"key":"Dexterity Potion"},{"floor":11.0,"key":"FearPotion"},{"floor":14.0,"key":"Explosive Potion"},{"floor":21.0,"key":"Strength Potion"},{"floor":29.0,"key":"FearPotion"},{"floor":33,"key":"EssenceOfSteel"},{"floor":41,"key":"BloodPotion"},{"floor":46,"key":"BloodPotion"}],"is_trial":false,"path_per_floor":["M","M","M","M","$","?","R","?","T","$","M","R","?","M","R","B",null,"M","?","?","M","M","R","$","R","T","R","?","M","R","M","R","B",null,"M","$","$","?","M","R","M","R","T","R","M","M","?","?","R","B",null],"character_chosen":"IRONCLAD","items_purchased":["Spot Weakness","Flame Barrier","Mummified Hand","Inflame","Evolve"],"campfire_rested":0,"item_purchase_floors":[5,10,24,24,36],"current_hp_per_floor":[80,80,80,78,78,71,71,71,71,71,70,70,55,53,53,40,80,58,58,42,58,48,48,48,48,48,48,48,49,49,80,80,74,80,75,75,75,75,75,75,70,70,77,77,87,85,85,85,85,64],"gold":146,"neow_bonus":"THREE_RARE_CARDS","is_prod":false,"is_daily":false,"chose_seed":false,"campfire_upgraded":12,"win_rate":0,"timestamp":1548804154,"path_taken":["M","M","M","M","$","?","R","?","T","$","M","R","?","M","R","BOSS","M","?","?","?","M","R","?","R","T","R","?","?","R","M","R","BOSS","M","?","$","?","M","R","M","R","T","R","M","M","?","?","R","BOSS"],"build_version":"2019-01-23","purchased_purges":2,"victory":true,"max_hp_per_floor":[80,80,80,80,80,80,80,80,80,80,80,80,80,80,80,80,80,80,80,80,80,80,80,80,80,80,80,80,80,80,80,80,80,80,80,80,80,80,80,80,80,80,87,87,87,87,87,87,87,87],"card_choices":[{"not_picked":["Reaper","Offering"],"picked":"Limit Break","floor":0.0},{"not_picked":["Thunderclap","Clothesline"],"picked":"True Grit","floor":1.0},{"not_picked":["Cleave","Havoc","Dropkick"],"picked":"SKIP","floor":2.0},{"not_picked":["Havoc","Dropkick"],"picked":"Cleave","floor":2.0},{"not_picked":["Twin Strike","Combust","Anger"],"picked":"SKIP","floor":3.0},{"not_picked":["Metallicize","Headbutt"],"picked":"Demon Form","floor":4.0},{"not_picked":["Wild Strike","Body Slam"],"picked":"Infernal Blade","floor":11.0},{"not_picked":["Spot Weakness","Thunderclap"],"picked":"Battle Trance","floor":13.0},{"not_picked":["Armaments","Body Slam"],"picked":"Headbutt","floor":14.0},{"not_picked":["Brutality","Bludgeon"],"picked":"Reaper","floor":16.0},{"not_picked":["Thunderclap","Flex","Blood for Blood"],"picked":"SKIP","floor":18.0},{"not_picked":["Second Wind","Combust+1","Warcry"],"picked":"SKIP","floor":21.0},{"not_picked":["True Grit","Headbutt+1"],"picked":"Intimidate+1","floor":22.0},{"not_picked":["Wild Strike","Cleave"],"picked":"Armaments+1","floor":29.0},{"not_picked":["Flex","Ghostly Armor+1","Wild Strike"],"picked":"SKIP","floor":31.0},{"not_picked":["Impervious","Exhume"],"picked":"Reaper","floor":33},{"not_picked":["Body Slam+1","Thunderclap+1"],"picked":"Rupture+1","floor":35},{"not_picked":["Rampage","Reckless Charge"],"picked":"Metallicize+1","floor":39},{"not_picked":["Sever Soul","Armaments"],"picked":"Headbutt","floor":41},{"not_picked":["Dropkick","Anger","Thunderclap+1"],"picked":"SKIP","floor":45},{"not_picked":["Infernal Blade","True Grit+1"],"picked":"Pommel Strike+1","floor":46}],"player_experience":667668,"relics_obtained":[{"floor":9.0,"key":"War Paint"},{"floor":13.0,"key":"Meat on the Bone"},{"floor":26.0,"key":"Dream Catcher"},{"floor":43,"key":"Strawberry"}],"event_choices":[{"damage_healed":0.0,"max_hp_gain":0.0,"max_hp_loss":0.0,"gold_gain":0.0,"event_name":"Scrap Ooze","player_choice":"Success","floor":6.0,"gold_loss":0.0,"damage_taken":7.0,"relics_obtained":["Pen Nib"]},{"damage_healed":0.0,"max_hp_gain":0.0,"max_hp_loss":0.0,"gold_gain":175.0,"event_name":"Liars Game","player_choice":"AGREE","floor":8.0,"gold_loss":0.0,"damage_taken":0.0,"cards_obtained":["Doubt"]},{"damage_healed":0.0,"max_hp_gain":0.0,"max_hp_loss":0.0,"gold_gain":0.0,"event_name":"Dead Adventurer","player_choice":"Searched \u00271\u0027 times","floor":13.0,"gold_loss":0.0,"damage_taken":0.0},{"cards_removed":["Blood for Blood"],"damage_healed":0.0,"max_hp_gain":0.0,"max_hp_loss":0.0,"gold_gain":0.0,"event_name":"Beggar","player_choice":"Gave Gold","floor":19.0,"gold_loss":75.0,"damage_taken":0.0},{"damage_healed":0.0,"max_hp_gain":0.0,"max_hp_loss":0.0,"gold_gain":90.0,"event_name":"Knowing Skull","player_choice":"GOLD ","floor":20.0,"potions_obtained":[],"gold_loss":0.0,"damage_taken":16.0,"cards_obtained":[]},{"damage_healed":0.0,"max_hp_gain":0.0,"max_hp_loss":0.0,"gold_gain":0.0,"event_name":"The Mausoleum","player_choice":"Opened","floor":28.0,"gold_loss":0.0,"damage_taken":0.0,"relics_obtained":["Potion Belt"],"cards_obtained":["Writhe"]},{"cards_removed":["Reaper"],"damage_healed":0,"gold_gain":0,"player_choice":"Removed Attack","damage_taken":0,"max_hp_gain":0,"max_hp_loss":0,"event_name":"Falling","floor":38,"gold_loss":0},{"damage_healed":0,"gold_gain":0,"player_choice":"Ignored","damage_taken":0,"max_hp_gain":0,"max_hp_loss":0,"event_name":"Tomb of Lord Red Mask","floor":47,"gold_loss":0},{"damage_healed":0,"gold_gain":0,"player_choice":"Copied","damage_taken":0,"max_hp_gain":0,"max_hp_loss":0,"event_name":"Duplicator","floor":48,"gold_loss":0,"cards_obtained":["Demon Form"]}],"is_beta":false,"boss_relics":[{"not_picked":["Runic Cube","Eternal Feather"],"picked":"Pandora\u0027s Box"},{"not_picked":["Black Blood","Empty Cage"],"picked":"Runic Dome"}],"items_purged_floors":[10,36],"is_endless":false,"potions_floor_spawned":[4,11,14,21,29,33,41,46],"ascension_level":0}