{"gold_per_floor":[118,138,138,152,302,302,25,57,83,99,24,24,24,43,43,117,117,134,134,147,21,21,21,47,67,67,67,67,84,84,84,84,158,158,170,183,183,193,193],"floor_reached":39,"playtime":1685,"items_purged":["Doubt","Strike_B"],"score":702,"play_id":"ca760480-539b-44ed-9a0a-87e7858b10e0","local_time":"20190131105958","is_ascension_mode":true,"campfire_choices":[{"data":"Zap","floor":6.0,"key":"SMITH"},{"data":"Doom and Gloom","floor":12.0,"key":"SMITH"},{"data":"Hologram","floor":15.0,"key":"SMITH"},{"data":"Fission","floor":23.0,"key":"SMITH"},{"data":"Chaos","floor":28.0,"key":"SMITH"},{"data":"Rainbow","floor":30.0,"key":"SMITH"},{"floor":32.0,"key":"REST"}],"neow_cost":"NONE","seed_source_timestamp":2927580600424,"circlet_count":0,"master_deck":["AscendersBane","Strike_B+1","Defend_B","Defend_B","Defend_B","Defend_B","Zap+1","Dualcast","Madness","Doom and Gloom+1","Sunder+1","Coolheaded","Capacitor","Cold Snap","Steam","Hologram+1","Fission+1","Coolheaded","Glacier","Steam","Go for the Eyes+1","Chaos+1","Rainbow+1","Biased Cognition+1","Barrage","Fusion","Stack"],"special_seed":0,"relics":["Cracked Core","Lee\u0027s Waffle","Omamori","Happy Flower","Empty Cage","Frozen Egg 2","Potion Belt","Darkstone Periapt","Philosopher\u0027s Stone"],"potions_floor_usage":[],"damage_taken":[{"damage":1.0,"enemies":"Cultist","floor":1.0,"turns":3.0},{"damage":0.0,"enemies":"Small Slimes","floor":2.0,"turns":2.0},{"damage":0.0,"enemies":"2 Louse","floor":4.0,"turns":2.0},{"damage":33.0,"enemies":"Gremlin Nob","floor":8.0,"turns":4.0},{"damage":10.0,"enemies":"Red Slaver","floor":10.0,"turns":4.0},{"damage":12.0,"enemies":"Large Slime","floor":14.0,"turns":4.0},{"damage":9.0,"enemies":"Slime Boss","floor":16.0,"turns":7.0},{"damage":13.0,"enemies":"Spheric Guardian","floor":18.0,"turns":4.0},{"damage":12.0,"enemies":"3 Byrds","floor":20.0,"turns":5.0},{"damage":24.0,"enemies":"Slavers","floor":24.0,"turns":6.0},{"damage":9.0,"enemies":"Shelled Parasite and Fungi","floor":25.0,"turns":9.0},{"damage":0.0,"enemies":"Centurion and Healer","floor":29.0,"turns":5.0},{"damage":0.0,"enemies":"Chosen and Byrds","floor":31.0,"turns":1.0},{"damage":20.0,"enemies":"Collector","floor":33.0,"turns":12.0},{"damage":15.0,"enemies":"Orb Walker","floor":35.0,"turns":3.0},{"damage":11.0,"enemies":"3 Darklings","floor":36.0,"turns":6.0},{"damage":33,"enemies":"4 Shapes","floor":38,"turns":6},{"damage":19,"enemies":"Spire Growth","floor":39,"turns":2}],"seed_played":"-365071089614271808","potions_obtained":[{"floor":1.0,"key":"Weak Potion"},{"floor":2.0,"key":"GamblersBrew"},{"floor":4.0,"key":"SmokeBomb"},{"floor":16.0,"key":"SteroidPotion"},{"floor":24.0,"key":"FocusPotion"},{"floor":25.0,"key":"Explosive Potion"},{"floor":29.0,"key":"LiquidBronze"}],"is_trial":false,"path_per_floor":["M","M","?","M","?","R","$","E","T","M","$","R","?","M","R","B",null,"M","?","M","$","?","R","E","M","T","?","R","M","R","M","R","B",null,"M","M","?","M","M"],"character_chosen":"DEFECT","items_purchased":["Capacitor","Lee\u0027s Waffle","Steam"],"campfire_rested":1,"item_purchase_floors":[7,7,21],"current_hp_per_floor":[63,63,42,42,42,42,78,45,45,35,35,35,78,66,66,57,73,60,60,48,48,48,48,24,15,15,31,31,31,31,31,54,34,67,52,41,41,8,0],"gold":193,"neow_bonus":"RANDOM_COLORLESS","is_prod":false,"is_daily":false,"chose_seed":false,"campfire_upgraded":6,"win_rate":0,"timestamp":1548928798,"path_taken":["M","?","?","M","?","R","$","E","T","M","$","R","?","M","R","BOSS","M","?","M","$","?","R","E","M","T","?","R","M","R","?","R","BOSS","M","?","?","M","M"],"build_version":"2019-01-23","purchased_purges":2,"victory":false,"max_hp_per_floor":[71,71,71,71,71,71,78,78,78,78,78,78,78,78,78,78,78,78,78,78,78,78,78,78,78,78,78,78,78,78,78,78,78,78,78,78,78,78,78],"card_choices":[{"not_picked":["Storm","Redo"],"picked":"Doom and Gloom","floor":1.0},{"not_picked":["Hologram","Turbo"],"picked":"Sunder","floor":2.0},{"not_picked":["Reboot","BootSequence"],"picked":"Coolheaded","floor":4.0},{"not_picked":["Coolheaded","BootSequence"],"picked":"Cold Snap","floor":8.0},{"not_picked":["Ball Lightning","Rebound"],"picked":"Steam","floor":10.0},{"not_picked":["Turbo","Barrage"],"picked":"Hologram","floor":14.0},{"not_picked":["Core Surge","Echo Form"],"picked":"Fission","floor":16.0},{"not_picked":["Blizzard","Turbo"],"picked":"Coolheaded","floor":18.0},{"not_picked":["Coolheaded","Aggregate"],"picked":"Glacier","floor":20.0},{"not_picked":["Storm+1","Melter"],"picked":"Go for the Eyes+1","floor":24.0},{"not_picked":["Turbo","White Noise"],"picked":"Chaos","floor":25.0},{"not_picked":["Conserve Battery","Cold Snap"],"picked":"Rainbow","floor":29.0},{"not_picked":["Echo Form+1","Fission"],"picked":"Biased Cognition+1","floor":33.0},{"not_picked":["Gash","Go for the Eyes+1"],"picked":"Barrage","floor":35.0},{"not_picked":["Static Discharge+1","Double Energy"],"picked":"Fusion","floor":36.0},{"not_picked":["Hello World+1","Gash"],"picked":"Stack","floor":38}],"player_experience":1150662,"relics_obtained":[{"floor":8.0,"key":"Omamori"},{"floor":9.0,"key":"Happy Flower"},{"floor":24.0,"key":"Potion Belt"},{"floor":26.0,"key":"Darkstone Periapt"}],"event_choices":[{"damage_healed":0.0,"max_hp_gain":0.0,"max_hp_loss":0.0,"gold_gain":0.0,"event_name":"Shining Light","player_choice":"Entered Light","floor":3.0,"gold_loss":0.0,"damage_taken":21.0,"cards_upgraded":["Sunder","Strike_B"]},{"damage_healed":0.0,"max_hp_gain":0.0,"max_hp_loss":0.0,"gold_gain":150.0,"event_name":"Liars Game","player_choice":"AGREE","floor":5.0,"gold_loss":0.0,"damage_taken":0.0,"cards_obtained":["Doubt"]},{"damage_healed":43.0,"max_hp_gain":0.0,"max_hp_loss":0.0,"gold_gain":0.0,"event_name":"Wheel of Change","player_choice":"Full Heal","floor":13.0,"gold_loss":0.0,"damage_taken":0.0},{"damage_healed":0.0,"max_hp_gain":0.0,"max_hp_loss":0.0,"gold_gain":0.0,"event_name":"The Mausoleum","player_choice":"Opened","floor":19.0,"gold_loss":0.0,"damage_taken":0.0,"relics_obtained":["Frozen Egg 2"],"cards_obtained":["Writhe"]},{"damage_healed":0.0,"max_hp_gain":0.0,"max_hp_loss":0.0,"gold_gain":0.0,"event_name":"Forgotten Altar","player_choice":"Smashed Altar","floor":22.0,"gold_loss":0.0,"damage_taken":0.0,"cards_obtained":["Decay"]},{"damage_healed":16.0,"max_hp_gain":0.0,"max_hp_loss":0.0,"gold_gain":0.0,"event_name":"The Library","player_choice":"Heal","floor":27.0,"gold_loss":0.0,"damage_taken":0.0},{"damage_healed":0.0,"max_hp_gain":0.0,"max_hp_loss":0.0,"gold_gain":0.0,"event_name":"Tomb of Lord Red Mask","player_choice":"Ignored","floor":37.0,"gold_loss":0.0,"damage_taken":0.0}],"is_beta":false,"boss_relics":[{"not_picked":["Runic Dome","Black Star"],"picked":"Empty Cage"},{"not_picked":["Velvet Choker","Orrery"],"picked":"Philosopher\u0027s Stone"}],"items_purged_floors":[11,21],"is_endless":false,"potions_floor_spawned":[1,2,4,16,24,25,29],"killed_by":"Spire Growth","ascension_level":15}