{"path_per_floor":["M","?","M","?","M","E","?","R","T","E","R","E","$","?","R","B",null,"M","M","?","M","$","R","E","M","T","E","M","M","M","?","R"],"character_chosen":"THE_SILENT","items_purchased":["Footwork","Whetstone"],"gold_per_floor":[114,64,79,79,94,124,124,124,149,179,179,239,95,95,95,195,225,240,255,255,270,20,20,50,65,65,95,110,125,140,140,140],"floor_reached":33,"campfire_rested":2,"playtime":1729,"current_hp_per_floor":[70,70,65,80,80,66,66,66,66,59,59,47,47,47,47,9,85,76,67,51,30,30,55,41,41,41,27,27,27,12,12,37],"items_purged":["Injury","Strike_G"],"gold":140,"score":330,"play_id":"a3b5ca5e-a45f-4bc2-b3c5-22203bccc0f8","local_time":"20180312224702","daily_mods":["Shiny","Elite Swarm","Lethality"],"is_prod":false,"is_daily":true,"is_ascension_mode":false,"campfire_upgraded":3,"timestamp":1520891222,"path_taken":["M","?","M","?","M","E","?","R","T","E","R","E","?","?","R","BOSS","M","M","?","?","?","R","E","?","T","E","M","M","?","?","R","BOSS"],"build_version":"2018-03-09","purchased_purges":2,"victory":false,"master_deck":["Defend_G","Defend_G","Defend_G","Strike_G+1","Strike_G","Strike_G","Strike_G+1","Survivor","Neutralize+1","Blur","Dagger Spray+1","Die Die Die+1","Burst+1","Storm of Steel+1","Footwork","Die Die Die","Terror","Adrenaline","Accuracy+1"],"max_hp_per_floor":[70,70,70,80,80,80,80,80,80,80,80,80,80,80,80,80,85,85,85,85,85,85,85,85,85,85,85,85,85,85,85,85],"relics":["Ring of the Snake","Frozen Eye","Pen Nib","Tiny Chest","Tiny House","Nilry\u0027s Codex","Whetstone","Sundial","Peace Pipe","Calipers","Nloth\u0027s Gift"],"card_choices":[{"not_picked":["Flying Knee","Sucker Punch"],"picked":"Blur"},{"not_picked":["Dodge and Roll","Bouncing Flask"],"picked":"Dagger Spray"},{"not_picked":["Phantasmal Killer","Grand Finale"],"picked":"Die Die Die"},{"not_picked":["Night Terror","After Image"],"picked":"Burst"},{"not_picked":["Grand Finale","Glass Knife"],"picked":"Storm of Steel"},{"not_picked":["Tools of the Trade","Storm of Steel"],"picked":"Die Die Die"},{"not_picked":["Quick Slash","Prepared"],"picked":"Terror"},{"not_picked":["After Image","Glass Knife"],"picked":"Adrenaline"},{"not_picked":["Heel Hook","Dodge and Roll"],"picked":"Accuracy"}],"player_experience":145003,"potions_floor_usage":[12,21,27,33,33,33],"damage_taken":[{"damage":0,"enemies":"Small Slimes","floor":1,"turns":2},{"damage":5,"enemies":"2 Louse","floor":3,"turns":2},{"damage":0,"enemies":"Cultist","floor":5,"turns":2},{"damage":14,"enemies":"3 Sentries","floor":6,"turns":3},{"damage":7,"enemies":"Gremlin Nob","floor":10,"turns":3},{"damage":12,"enemies":"Lagavulin","floor":12,"turns":4},{"damage":38,"enemies":"Slime Boss","floor":16,"turns":8},{"damage":9,"enemies":"2 Thieves","floor":18,"turns":2},{"damage":9,"enemies":"Chosen","floor":19,"turns":3},{"damage":21,"enemies":"Centurion and Healer","floor":21,"turns":2},{"damage":14,"enemies":"Gremlin Leader","floor":24,"turns":5},{"damage":0,"enemies":"Snake Plant","floor":25,"turns":2},{"damage":14,"enemies":"Book of Stabbing","floor":27,"turns":3},{"damage":0,"enemies":"3 Cultists","floor":28,"turns":2},{"damage":0,"enemies":"Cultist and Chosen","floor":29,"turns":2},{"damage":15,"enemies":"Centurion and Healer","floor":30,"turns":2},{"damage":88,"enemies":"Automaton","floor":33,"turns":6}],"event_choices":[{"event_name":"The Cleric","player_choice":"Card Removal","floor":2,"damage_taken":0},{"event_name":"Bonfire Elementals","player_choice":"RARE","floor":4,"damage_taken":0},{"event_name":"Accursed Blacksmith","player_choice":"Forge","floor":7,"damage_taken":0},{"event_name":"Living Wall","player_choice":"Forget","floor":14,"damage_taken":0},{"event_name":"Cursed Tome","player_choice":"Obtained Book","floor":20,"damage_taken":0},{"event_name":"N\u0027loth","player_choice":"Traded a Art of War","floor":31,"damage_taken":0}],"boss_relics":[{"not_picked":["Cursed Key","Pandora\u0027s Box"],"picked":"Tiny House"}],"potions_floor_spawned":[1,3,10,16,19,24,27,29],"seed_played":"-3661932950863109323","killed_by":"Automaton","ascension_level":0,"is_trial":false}