{"path_per_floor":["M","M","?","$","?","E","M","E","T","R","M","E","M","E","R","B",null,"M","?","M","M","M","E","M","R","T","E"],"character_chosen":"IRONCLAD","items_purchased":[],"gold_per_floor":[144,189,139,64,64,154,199,289,289,289,334,424,469,559,559,859,859,904,904,949,994,1039,1129,1174,1174,1224,1314,1314],"floor_reached":28,"campfire_rested":3,"playtime":7605,"current_hp_per_floor":[80,80,80,80,80,80,80,50,50,74,75,57,59,46,73,42,96,89,99,99,60,81,38,7,41,41,11,0],"items_purged":["Defend_R"],"gold":1314,"score":365,"play_id":"49a81b07-0e2e-4010-b587-9b561b14f887","local_time":"20180401131150","daily_mods":["Diverse","Midas","Elite Swarm"],"is_prod":false,"is_daily":true,"is_ascension_mode":false,"campfire_upgraded":0,"timestamp":1522581110,"path_taken":["M","M","?","$","?","E","M","E","T","R","?","E","?","E","R","BOSS","M","?","M","M","M","E","M","R","T","E","M"],"build_version":"2018-03-29v2","purchased_purges":1,"victory":false,"master_deck":["Strike_R","Strike_R","Strike_R","Strike_R+1","Strike_R","Defend_R","Defend_R","Bash","Malaise","Clash","Headbutt+1","Limit Break","Shrug It Off","Feed","Offering","Offering","Demon Form","Iron Wave","Reaper","Havoc+1","Warcry+1","Limit Break"],"max_hp_per_floor":[80,80,80,80,80,80,80,80,80,80,82,85,90,93,93,96,96,99,99,101,106,111,114,114,114,114,117,117],"relics":["Burning Blood","Singing Bowl","Whetstone","Sundial","Prayer Wheel","Anchor","Philosopher\u0027s Stone","Dodecahedron","Bag of Preparation","Toolbox"],"card_choices":[{"not_picked":["Sword Boomerang","Perfected Strike"],"picked":"Clash","floor":1},{"not_picked":["True Grit","Flex"],"picked":"Headbutt","floor":2},{"not_picked":["Berserk","Immolate"],"picked":"Limit Break","floor":6},{"not_picked":["Rampage","Searing Blow"],"picked":"Shrug It Off","floor":7},{"not_picked":["Immolate","Juggernaut"],"picked":"Feed","floor":8},{"not_picked":["Dark Embrace","Limit Break"],"picked":"Offering","floor":12},{"not_picked":["Immolate","Berserk"],"picked":"Offering","floor":14},{"not_picked":["Bludgeon","Barricade"],"picked":"Demon Form","floor":16},{"not_picked":["Clothesline","Pommel Strike"],"picked":"Iron Wave","floor":18},{"not_picked":["Dark Embrace","Impervious"],"picked":"Reaper","floor":23},{"not_picked":["True Grit","Infernal Blade"],"picked":"Havoc","floor":24},{"not_picked":["Sword Boomerang","True Grit"],"picked":"Warcry","floor":26},{"not_picked":["Bludgeon","Double Tap"],"picked":"Limit Break","floor":27}],"player_experience":391620,"potions_floor_usage":[14,16,22,23,23,24,28,28],"damage_taken":[{"damage":1,"enemies":"2 Louse","floor":1,"turns":3},{"damage":6,"enemies":"Jaw Worm","floor":2,"turns":3},{"damage":6,"enemies":"Gremlin Nob","floor":6,"turns":3},{"damage":6,"enemies":"Small Slimes","floor":7,"turns":3},{"damage":36,"enemies":"Lagavulin","floor":8,"turns":5},{"damage":7,"enemies":"Blue Slaver","floor":11,"turns":3},{"damage":27,"enemies":"3 Sentries","floor":12,"turns":8},{"damage":9,"enemies":"Exordium Thugs","floor":13,"turns":3},{"damage":22,"enemies":"Lagavulin","floor":14,"turns":5},{"damage":40,"enemies":"Hexaghost","floor":16,"turns":9},{"damage":16,"enemies":"Spheric Guardian","floor":18,"turns":3},{"damage":8,"enemies":"Shell Parasite","floor":20,"turns":3},{"damage":50,"enemies":"Cultist and Chosen","floor":21,"turns":6},{"damage":5,"enemies":"Centurion and Healer","floor":22,"turns":6},{"damage":52,"enemies":"Slavers","floor":23,"turns":6},{"damage":41,"enemies":"Snake Plant","floor":24,"turns":4},{"damage":55,"enemies":"Gremlin Leader","floor":27,"turns":5},{"damage":22,"enemies":"Slaver and Parasite","floor":28,"turns":3}],"event_choices":[{"event_name":"The Cleric","player_choice":"Card Removal","floor":3,"damage_taken":0},{"event_name":"Wheel of Change","player_choice":"Full Heal","floor":5,"damage_taken":0},{"event_name":"Bonfire Elementals","player_choice":"UNCOMMON","floor":19,"damage_taken":0}],"boss_relics":[{"not_picked":["Pandora\u0027s Box","Black Blood"],"picked":"Philosopher\u0027s Stone"}],"potions_floor_spawned":[6,7,13,16,18,23,24,27],"seed_played":"2322324997357656423","killed_by":"Slaver and Parasite","ascension_level":0,"is_trial":false}