{"gold_per_floor":[113,133,147,147,163,163,163,178,178,205,205,280,280,313,313,389,389,405,405,418,429,344,344,371,371,371,385,397,397,417,417,417,417],"floor_reached":33,"playtime":938,"items_purged":[],"score":540,"play_id":"801291fe-6111-4cee-95df-00c7ee1530d5","local_time":"20190112094639","is_ascension_mode":true,"campfire_choices":[{"data":"Streamline","floor":6.0,"key":"SMITH"},{"data":"Redo","floor":11.0,"key":"SMITH"},{"floor":13.0,"key":"REST"},{"data":"Conserve Battery","floor":15.0,"key":"SMITH"},{"floor":23.0,"key":"REST"},{"floor":25.0,"key":"REST"},{"floor":32.0,"key":"REST"}],"neow_cost":"NONE","seed_source_timestamp":0,"circlet_count":0,"master_deck":["AscendersBane","Strike_B","Strike_B","Strike_B","Strike_B","Defend_B+1","Defend_B","Defend_B+1","Defend_B","Zap","Dualcast","Streamline+1","Ball Lightning","Redo+1","Conserve Battery+1","Sweeping Beam","Meteor Strike","Reboot","Electrodynamics","Conserve Battery+1","Ball Lightning","Auto Shields+1","Creative AI","Aggregate","Conserve Battery","Self Repair","Writhe"],"special_seed":0,"relics":["Cracked Core","Bronze Scales","Ancient Tea Set","Kunai","Inserter","Pocketwatch","Art of War","Symbiotic Virus","Bird Faced Urn"],"potions_floor_usage":[33,33],"damage_taken":[{"damage":2.0,"enemies":"Jaw Worm","floor":1.0,"turns":3.0},{"damage":0.0,"enemies":"Cultist","floor":2.0,"turns":3.0},{"damage":2.0,"enemies":"2 Louse","floor":3.0,"turns":2.0},{"damage":7.0,"enemies":"Exordium Thugs","floor":5.0,"turns":4.0},{"damage":2.0,"enemies":"3 Louse","floor":8.0,"turns":4.0},{"damage":8.0,"enemies":"Gremlin Nob","floor":10.0,"turns":3.0},{"damage":19.0,"enemies":"Lagavulin","floor":14.0,"turns":5.0},{"damage":22.0,"enemies":"The Guardian","floor":16.0,"turns":10.0},{"damage":11.0,"enemies":"Spheric Guardian","floor":18.0,"turns":3.0},{"damage":19.0,"enemies":"Shell Parasite","floor":20.0,"turns":5.0},{"damage":25.0,"enemies":"Centurion and Healer","floor":21.0,"turns":6.0},{"damage":23.0,"enemies":"Gremlin Leader","floor":24.0,"turns":6.0},{"damage":19.0,"enemies":"Cultist and Chosen","floor":27.0,"turns":6.0},{"damage":0.0,"enemies":"Snake Plant","floor":28.0,"turns":3.0},{"damage":9.0,"enemies":"Snecko","floor":30.0,"turns":6.0},{"damage":55,"enemies":"Collector","floor":33,"turns":6}],"seed_played":"1394529793229531731","potions_obtained":[{"floor":3.0,"key":"Fire Potion"},{"floor":5.0,"key":"AttackPotion"},{"floor":7.0,"key":"EntropicBrew"},{"floor":14.0,"key":"Swift Potion"},{"floor":21.0,"key":"Ancient Potion"},{"floor":24.0,"key":"SteroidPotion"},{"floor":27.0,"key":"Block Potion"},{"floor":30.0,"key":"Fire Potion"}],"is_trial":false,"path_per_floor":["M","M","M","?","M","R","?","M","T","E","R","?","R","E","R","B",null,"M","?","M","M","?","R","E","R","T","M","M","?","M","?","R","B"],"character_chosen":"DEFECT","items_purchased":[],"campfire_rested":4,"item_purchase_floors":[],"current_hp_per_floor":[69,69,67,44,37,37,37,35,35,27,27,16,39,20,20,13,62,51,51,32,7,7,30,7,30,30,11,11,11,2,2,25,0],"gold":417,"neow_bonus":"TEN_PERCENT_HP_BONUS","is_prod":false,"is_daily":false,"chose_seed":false,"campfire_upgraded":3,"win_rate":0,"timestamp":1547253999,"path_taken":["M","M","M","?","M","R","?","?","T","E","R","?","R","E","R","BOSS","M","?","M","M","?","R","E","R","T","M","?","?","M","?","R","BOSS"],"build_version":"2019-01-10","purchased_purges":0,"victory":false,"max_hp_per_floor":[78,78,78,78,78,78,78,78,78,78,78,78,78,78,78,78,78,78,78,78,78,78,78,78,78,78,78,78,78,78,78,78,78],"card_choices":[{"not_picked":["Blizzard","Redo"],"picked":"Streamline","floor":1.0},{"not_picked":["Barrage","Streamline"],"picked":"Ball Lightning","floor":2.0},{"not_picked":["Gash","Stack"],"picked":"Redo","floor":3.0},{"not_picked":["Undo","Gash"],"picked":"Conserve Battery","floor":5.0},{"not_picked":["Redo","Capacitor"],"picked":"Sweeping Beam","floor":8.0},{"not_picked":["Stack","Skim"],"picked":"Meteor Strike","floor":10.0},{"not_picked":["Coolheaded","Go for the Eyes"],"picked":"Reboot","floor":14.0},{"not_picked":["Multi-Cast","Fission"],"picked":"Electrodynamics","floor":16.0},{"not_picked":["Sunder","Barrage+1"],"picked":"Conserve Battery+1","floor":18.0},{"not_picked":["Rebound","Double Energy"],"picked":"Ball Lightning","floor":20.0},{"not_picked":["Rip and Tear","FTL"],"picked":"Auto Shields+1","floor":21.0},{"not_picked":["Go for the Eyes+1","Heatsinks+1"],"picked":"Creative AI","floor":24.0},{"not_picked":["Hologram","Consume"],"picked":"Aggregate","floor":27.0},{"not_picked":["Turbo+1","Gash"],"picked":"Conserve Battery","floor":28.0},{"not_picked":["Scrape+1","Stack"],"picked":"Self Repair","floor":30.0}],"player_experience":1034711,"relics_obtained":[{"floor":9.0,"key":"Bronze Scales"},{"floor":10.0,"key":"Ancient Tea Set"},{"floor":14.0,"key":"Kunai"},{"floor":24.0,"key":"Art of War"},{"floor":26.0,"key":"Symbiotic Virus"}],"event_choices":[{"damage_healed":0.0,"max_hp_gain":0.0,"max_hp_loss":0.0,"gold_gain":0.0,"event_name":"Shining Light","player_choice":"Entered Light","floor":4.0,"gold_loss":0.0,"damage_taken":23.0,"cards_upgraded":["Defend_B","Defend_B"]},{"damage_healed":0.0,"max_hp_gain":0.0,"max_hp_loss":0.0,"gold_gain":0.0,"event_name":"Lab","player_choice":"Got Potions","floor":7.0,"gold_loss":0.0,"damage_taken":0.0},{"damage_healed":0.0,"max_hp_gain":0.0,"max_hp_loss":0.0,"gold_gain":75.0,"event_name":"World of Goop","player_choice":"Gather Gold","floor":12.0,"gold_loss":0.0,"damage_taken":11.0},{"damage_healed":0.0,"max_hp_gain":0.0,"max_hp_loss":0.0,"gold_gain":0.0,"event_name":"Vampires","player_choice":"Ignored","floor":19.0,"gold_loss":0.0,"damage_taken":0.0},{"damage_healed":0.0,"max_hp_gain":0.0,"max_hp_loss":0.0,"gold_gain":0.0,"event_name":"Addict","player_choice":"Obtained Relic","floor":22.0,"gold_loss":85.0,"damage_taken":0.0,"relics_obtained":["Pocketwatch"]},{"damage_healed":0.0,"max_hp_gain":0.0,"max_hp_loss":0.0,"gold_gain":0.0,"event_name":"Ghosts","player_choice":"Ignored","floor":29.0,"gold_loss":0.0,"damage_taken":0.0},{"damage_healed":0.0,"max_hp_gain":0.0,"max_hp_loss":0.0,"gold_gain":0.0,"event_name":"The Mausoleum","player_choice":"Opened","floor":31.0,"gold_loss":0.0,"damage_taken":0.0,"relics_obtained":["Bird Faced Urn"],"cards_obtained":["Writhe"]}],"is_beta":false,"boss_relics":[{"not_picked":["Snecko Eye","Fusion Hammer"],"picked":"Inserter"}],"items_purged_floors":[],"is_endless":false,"potions_floor_spawned":[3,5,14,21,24,27,30],"killed_by":"Collector","ascension_level":19}