{"gold_per_floor":[15,15,26,41,41,41,52,85,108,133,161,161,180,199,199,199],"floor_reached":16,"playtime":629,"items_purged":[],"score":224,"play_id":"e872ff24-f962-4eec-b1dc-d557acc07948","local_time":"20181230164210","is_ascension_mode":true,"campfire_choices":[{"data":"Bash","floor":6.0,"key":"SMITH"},{"data":"Body Slam","floor":12,"key":"SMITH"},{"data":"True Grit","floor":15,"key":"SMITH"}],"neow_cost":"NO_GOLD","seed_source_timestamp":3122743397143,"circlet_count":0,"master_deck":["AscendersBane","Strike_R","Strike_R","Strike_R","Strike_R","Strike_R","Defend_R","Defend_R","Defend_R","Defend_R","Bash+1","Metallicize","Dropkick","Intimidate","Dual Wield","Body Slam+1","True Grit+1","Evolve"],"special_seed":0,"relics":["Burning Blood","Torii","Centennial Puzzle","Bronze Scales","Oddly Smooth Stone","Juzu Bracelet"],"potions_floor_usage":[11,14,16],"damage_taken":[{"damage":8.0,"enemies":"2 Louse","floor":1.0,"turns":3.0},{"damage":10.0,"enemies":"Jaw Worm","floor":3.0,"turns":4.0},{"damage":9.0,"enemies":"Small Slimes","floor":4.0,"turns":4.0},{"damage":2.0,"enemies":"2 Fungi Beasts","floor":7.0,"turns":5.0},{"damage":37.0,"enemies":"Gremlin Nob","floor":8.0,"turns":6.0},{"damage":1,"enemies":"Lagavulin","floor":11,"turns":7},{"damage":14,"enemies":"Large Slime","floor":13,"turns":5},{"damage":3,"enemies":"Lots of Slimes","floor":14,"turns":4},{"damage":38,"enemies":"The Guardian","floor":16,"turns":13}],"seed_played":"6461461028686475795","potions_obtained":[{"floor":4.0,"key":"EssenceOfSteel"},{"floor":7.0,"key":"Block Potion"},{"floor":8.0,"key":"SkillPotion"},{"floor":13,"key":"SkillPotion"}],"is_trial":false,"path_per_floor":["M","?","M","M","?","R","M","E","T","T","E","R","M","M","R","B"],"character_chosen":"IRONCLAD","items_purchased":[],"campfire_rested":0,"item_purchase_floors":[],"current_hp_per_floor":[66,66,62,59,59,59,63,32,32,32,37,37,29,32,32,0],"gold":199,"neow_bonus":"ONE_RARE_RELIC","is_prod":false,"is_daily":false,"chose_seed":false,"campfire_upgraded":3,"win_rate":0,"timestamp":1546155730,"path_taken":["M","?","M","M","?","R","M","E","T","?","E","R","M","M","R","BOSS"],"build_version":"2018-12-20","purchased_purges":0,"victory":false,"max_hp_per_floor":[75,75,75,75,75,75,75,75,75,75,75,75,75,75,75,75],"card_choices":[{"not_picked":["Pommel Strike","Armaments"],"picked":"Metallicize","floor":1.0},{"not_picked":["Twin Strike","Headbutt"],"picked":"Dropkick","floor":3.0},{"not_picked":["Warcry","Bloodletting","Rupture"],"picked":"SKIP","floor":4.0},{"not_picked":["Warcry","Bloodletting","Rupture"],"picked":"SKIP","floor":4.0},{"not_picked":["Pummel","Cleave"],"picked":"Intimidate","floor":7.0},{"not_picked":["Whirlwind","Power Through"],"picked":"Dual Wield","floor":8.0},{"not_picked":["Fiend Fire","Dual Wield"],"picked":"Body Slam","floor":11},{"not_picked":["Clothesline","Anger"],"picked":"True Grit","floor":13},{"not_picked":["Shrug It Off","Shockwave"],"picked":"Evolve","floor":14}],"player_experience":886783,"relics_obtained":[{"floor":8.0,"key":"Centennial Puzzle"},{"floor":9.0,"key":"Bronze Scales"},{"floor":10.0,"key":"Oddly Smooth Stone"},{"floor":11,"key":"Juzu Bracelet"}],"event_choices":[{"damage_healed":0.0,"max_hp_gain":0.0,"max_hp_loss":0.0,"gold_gain":0.0,"event_name":"Liars Game","player_choice":"Ignored","floor":2.0,"gold_loss":0.0,"damage_taken":0.0},{"damage_healed":0.0,"max_hp_gain":0.0,"max_hp_loss":0.0,"gold_gain":0.0,"event_name":"The Cleric","player_choice":"Leave","floor":5.0,"gold_loss":0.0,"damage_taken":0.0}],"is_beta":false,"boss_relics":[],"items_purged_floors":[],"is_endless":false,"potions_floor_spawned":[4,7,8,13],"killed_by":"The Guardian","ascension_level":20}