{"gold_per_floor":[115,134,151,166,166,191,206,86,86,86],"floor_reached":10,"playtime":574,"items_purged":[],"score":70,"play_id":"fc13a8d1-42f1-4497-b750-103fa743285c","local_time":"20181123142501","is_ascension_mode":false,"campfire_choices":[],"neow_cost":"NONE","seed_source_timestamp":683853246563360,"circlet_count":0,"master_deck":["Defend_G","Defend_G","Defend_G","Defend_G","Defend_G","Strike_G","Strike_G","Strike_G","Strike_G","Strike_G","Survivor","Neutralize","Choke","Accuracy","Distraction","Quick Slash","A Thousand Cuts","Choke","Discovery","Caltrops"],"relics":["Ring of the Snake","NeowsBlessing","Question Card","Thread and Needle","Torii"],"potions_floor_usage":[7],"damage_taken":[{"damage":0,"enemies":"Cultist","floor":1,"turns":1},{"damage":0,"enemies":"Small Slimes","floor":2,"turns":1},{"damage":0,"enemies":"Jaw Worm","floor":3,"turns":1},{"damage":22,"enemies":"Red Slaver","floor":4,"turns":6},{"damage":19,"enemies":"Gremlin Nob","floor":6,"turns":4},{"damage":24,"enemies":"Large Slime","floor":7,"turns":7},{"damage":13,"enemies":"Gremlin Gang","floor":10,"turns":3}],"seed_played":"-2984472141395866106","potions_obtained":[{"floor":3,"key":"Ancient Potion"},{"floor":6,"key":"Regen Potion"}],"is_trial":false,"path_per_floor":["M","M","M","M","?","E","M","$","T","M"],"character_chosen":"THE_SILENT","items_purchased":["Discovery","Caltrops"],"campfire_rested":0,"item_purchase_floors":[8,8],"current_hp_per_floor":[70,70,70,48,48,29,20,20,20,7],"gold":86,"neow_bonus":"THREE_ENEMY_KILL","is_prod":false,"is_daily":false,"chose_seed":false,"campfire_upgraded":0,"win_rate":0.0,"timestamp":1542936301,"path_taken":["M","?","M","M","?","E","M","$","T","M"],"build_version":"2018-11-15","purchased_purges":0,"victory":false,"max_hp_per_floor":[70,70,70,70,70,70,70,70,70,70],"card_choices":[{"not_picked":["Deflect","Masterful Stab"],"picked":"Choke","floor":1},{"not_picked":["PiercingWail","Prepared"],"picked":"Accuracy","floor":2},{"not_picked":["Masterful Stab","Outmaneuver"],"picked":"Distraction","floor":3},{"not_picked":["Leg Sweep","Expertise"],"picked":"Quick Slash","floor":4},{"not_picked":["Dagger Spray","Poisoned Stab","Deadly Poison"],"picked":"A Thousand Cuts","floor":6},{"not_picked":["Blade Dance","Caltrops","Prepared"],"picked":"Choke","floor":7}],"player_experience":342845,"relics_obtained":[{"floor":6,"key":"Thread and Needle"},{"floor":9,"key":"Torii"}],"event_choices":[{"damage_healed":0,"gold_gain":0,"player_choice":"Gave Potion","damage_taken":0,"relics_obtained":["Question Card"],"max_hp_gain":0,"max_hp_loss":0,"event_name":"WeMeetAgain","floor":5,"gold_loss":0}],"is_beta":false,"boss_relics":[],"items_purged_floors":[],"is_endless":false,"potions_floor_spawned":[3,6],"killed_by":"Gremlin Gang","ascension_level":0}