{"gold_per_floor":[116,134,134,160,180,180,180,180,180,80,93,93,104,118,118,221,221,231,130,55,74,88,187,187,206,206,206,206,206,206,239,239,336,336,352,352,352,370,388,388,143,143,143,143,143,159,159,172,172,172],"floor_reached":51,"playtime":1225,"items_purged":["Strike_R","Strike_R","Defend_R"],"score":680,"play_id":"1886f448-d790-42c0-a80e-40420c07b1fa","local_time":"20190131234132","is_ascension_mode":false,"campfire_choices":[{"data":"Searing Blow","floor":6.0,"key":"SMITH"},{"data":"Searing Blow+1","floor":7.0,"key":"SMITH"},{"data":"Searing Blow+2","floor":8.0,"key":"SMITH"},{"data":"Searing Blow+3","floor":12.0,"key":"SMITH"},{"data":"Armaments","floor":15.0,"key":"SMITH"},{"data":"Searing Blow+4","floor":24.0,"key":"SMITH"},{"data":"Searing Blow+5","floor":27.0,"key":"SMITH"},{"data":"Searing Blow+6","floor":30.0,"key":"SMITH"},{"data":"Searing Blow+7","floor":32.0,"key":"SMITH"},{"data":"Searing Blow+8","floor":40.0,"key":"SMITH"},{"data":"Searing Blow+9","floor":42.0,"key":"SMITH"},{"data":"Searing Blow+11","floor":45.0,"key":"SMITH"},{"data":"Searing Blow+12","floor":49,"key":"SMITH"}],"neow_cost":"TEN_PERCENT_HP_LOSS","seed_source_timestamp":520969470332,"circlet_count":0,"master_deck":["Defend_R+1","Defend_R+1","Defend_R+1","Bash+1","Shrug It Off+1","Searing Blow+13","Armaments+1","Fiend Fire+1","Headbutt+1","Shrug It Off+1","Sentinel+1","Berserk+1","Offering+1","Offering+1","Warcry+1","Body Slam+1"],"special_seed":0,"relics":["Burning Blood","WingedGreaves","Smiling Mask","Dodecahedron","Philosopher\u0027s Stone","Question Card","Blood Vial","Cursed Key","War Paint","Mark of the Bloom"],"potions_floor_usage":[48,50,50],"damage_taken":[{"damage":8.0,"enemies":"Jaw Worm","floor":1.0,"turns":4.0},{"damage":1.0,"enemies":"2 Louse","floor":2.0,"turns":3.0},{"damage":5.0,"enemies":"Small Slimes","floor":5.0,"turns":3.0},{"damage":0.0,"enemies":"Blue Slaver","floor":11.0,"turns":2.0},{"damage":0.0,"enemies":"Large Slime","floor":13.0,"turns":3.0},{"damage":0.0,"enemies":"Exordium Thugs","floor":14.0,"turns":4.0},{"damage":13.0,"enemies":"Slime Boss","floor":16.0,"turns":7.0},{"damage":15.0,"enemies":"3 Byrds","floor":18.0,"turns":4.0},{"damage":0.0,"enemies":"Spheric Guardian","floor":21.0,"turns":2.0},{"damage":17.0,"enemies":"Chosen and Byrds","floor":22.0,"turns":3.0},{"damage":0.0,"enemies":"Centurion and Healer","floor":25.0,"turns":4.0},{"damage":16.0,"enemies":"Gremlin Leader","floor":31.0,"turns":7.0},{"damage":29.0,"enemies":"Automaton","floor":33.0,"turns":8.0},{"damage":17.0,"enemies":"3 Shapes","floor":35.0,"turns":3.0},{"damage":6.0,"enemies":"Orb Walker","floor":38.0,"turns":2.0},{"damage":1.0,"enemies":"4 Shapes","floor":39.0,"turns":9.0},{"damage":0.0,"enemies":"Sphere and 2 Shapes","floor":46.0,"turns":7.0},{"damage":0,"enemies":"Transient","floor":48,"turns":5},{"damage":43,"enemies":"Awakened One","floor":50,"turns":5}],"seed_played":"7005746892103148442","potions_obtained":[{"floor":1.0,"key":"SpeedPotion"},{"floor":5.0,"key":"Ancient Potion"},{"floor":11.0,"key":"EssenceOfSteel"},{"floor":21.0,"key":"SmokeBomb"},{"floor":31.0,"key":"Fruit Juice"},{"floor":33.0,"key":"Weak Potion"},{"floor":35.0,"key":"Explosive Potion"},{"floor":48,"key":"Ancient Potion"}],"is_trial":false,"path_per_floor":["M","M","?","T","M","R","R","R","T","$","M","R","M","M","R","B",null,"M","$","?","M","M","?","R","M","T","R","?","?","R","E","R","B",null,"M","?","?","M","M","R","$","R","T","?","R","M","T","M","R","B",null],"character_chosen":"IRONCLAD","items_purchased":["Armaments","Headbutt","Swift Potion","War Paint"],"campfire_rested":0,"item_purchase_floors":[10,19,41,41],"current_hp_per_floor":[70,72,72,72,72,72,72,72,72,72,72,72,72,72,72,65,72,63,63,63,69,58,58,58,64,64,64,51,51,51,46,46,25,82,71,71,71,73,78,78,78,78,78,78,78,78,78,78,78,35],"gold":172,"neow_bonus":"ONE_RARE_RELIC","is_prod":false,"is_daily":false,"chose_seed":false,"campfire_upgraded":13,"win_rate":0,"timestamp":1548945692,"path_taken":["M","M","?","?","M","R","R","R","T","$","M","R","M","M","R","BOSS","M","$","?","M","M","?","R","M","T","R","?","?","R","E","R","BOSS","M","?","?","?","M","R","$","R","T","?","R","M","?","M","R","BOSS"],"build_version":"2019-01-23","purchased_purges":3,"victory":true,"max_hp_per_floor":[72,72,72,72,72,72,72,72,72,72,72,72,72,72,72,72,72,72,72,72,72,72,72,72,72,72,72,77,77,77,82,82,82,82,82,78,78,78,78,78,78,78,78,78,78,78,78,78,78,78],"card_choices":[{"not_picked":["Combust","Shockwave"],"picked":"Clash","floor":1.0},{"not_picked":["Clothesline","Anger"],"picked":"Shrug It Off","floor":2.0},{"not_picked":["Thunderclap","Clash"],"picked":"Searing Blow","floor":5.0},{"not_picked":["True Grit","Twin Strike","Clash"],"picked":"SKIP","floor":11.0},{"not_picked":["Thunderclap","Warcry","Armaments"],"picked":"SKIP","floor":13.0},{"not_picked":["Reaper","Power Through","Havoc"],"picked":"SKIP","floor":14.0},{"not_picked":["Dark Embrace","Juggernaut"],"picked":"Fiend Fire","floor":16.0},{"not_picked":["Wild Strike+1","Combust","Metallicize"],"picked":"SKIP","floor":18.0},{"not_picked":["True Grit","Wild Strike","Pommel Strike"],"picked":"SKIP","floor":21.0},{"not_picked":["Iron Wave","Rage+1","Pommel Strike"],"picked":"SKIP","floor":22.0},{"not_picked":["Heavy Blade","Flex+1"],"picked":"Shrug It Off+1","floor":25.0},{"not_picked":["Thunderclap","Havoc","Entrench"],"picked":"Offering","floor":31.0},{"not_picked":["Limit Break","Reaper","Immolate"],"picked":"Offering","floor":33.0},{"not_picked":["Entrench","Twin Strike","Clash","Armaments"],"picked":"SKIP","floor":35.0},{"not_picked":["Perfected Strike","Anger","Sword Boomerang+1","Immolate"],"picked":"SKIP","floor":38.0},{"not_picked":["True Grit","Pommel Strike","Thunderclap+1","Wild Strike+1"],"picked":"SKIP","floor":39.0},{"not_picked":["Wild Strike+1","Body Slam+1","Dual Wield+1","Cleave"],"picked":"SKIP","floor":46.0},{"not_picked":["Wild Strike+1","Dual Wield+1","Cleave"],"picked":"Body Slam+1","floor":46.0},{"not_picked":["Pummel+1","Armaments","Havoc+1","Shockwave"],"picked":"SKIP","floor":48}],"player_experience":1039256,"relics_obtained":[{"floor":4.0,"key":"Smiling Mask"},{"floor":9.0,"key":"Dodecahedron"},{"floor":26.0,"key":"Question Card"},{"floor":31.0,"key":"Blood Vial"}],"event_choices":[{"cards_removed":["Strike_R"],"damage_healed":0.0,"max_hp_gain":0.0,"max_hp_loss":0.0,"gold_gain":0.0,"event_name":"Living Wall","player_choice":"Forget","floor":3.0,"gold_loss":0.0,"damage_taken":0.0},{"cards_removed":["Strike_R"],"damage_healed":0.0,"max_hp_gain":0.0,"max_hp_loss":0.0,"gold_gain":0.0,"event_name":"Beggar","player_choice":"Gave Gold","floor":20.0,"gold_loss":75.0,"damage_taken":0.0},{"damage_healed":0.0,"max_hp_gain":0.0,"max_hp_loss":0.0,"gold_gain":99.0,"event_name":"Nest","player_choice":"Stole From Cult","floor":23.0,"gold_loss":0.0,"damage_taken":0.0},{"damage_healed":0.0,"max_hp_gain":5.0,"max_hp_loss":0.0,"gold_gain":0.0,"event_name":"Forgotten Altar","player_choice":"Shed Blood","floor":28.0,"gold_loss":0.0,"damage_taken":18.0},{"damage_healed":0.0,"max_hp_gain":0.0,"max_hp_loss":0.0,"gold_gain":0.0,"cards_transformed":["Strike_R","Clash"],"event_name":"Drug Dealer","player_choice":"Became Test Subject","floor":29.0,"gold_loss":0.0,"damage_taken":0.0,"cards_obtained":["Sentinel","Berserk"]},{"damage_healed":0.0,"max_hp_gain":0.0,"max_hp_loss":4.0,"gold_gain":0.0,"event_name":"Winding Halls","player_choice":"Max HP","floor":36.0,"gold_loss":0.0,"damage_taken":0.0},{"damage_healed":0.0,"max_hp_gain":0.0,"max_hp_loss":0.0,"gold_gain":0.0,"event_name":"Match and Keep!","player_choice":"1 cards matched","floor":37.0,"gold_loss":0.0,"damage_taken":0.0,"cards_obtained":["Warcry"]},{"damage_healed":0.0,"max_hp_gain":0.0,"max_hp_loss":0.0,"gold_gain":0.0,"event_name":"MindBloom","player_choice":"Upgrade","floor":44.0,"gold_loss":0.0,"damage_taken":0.0,"cards_upgraded":["Defend_R","Bash","Shrug It Off","Searing Blow","Fiend Fire","Headbutt","Sentinel","Berserk","Offering","Offering","Warcry"],"relics_obtained":["Mark of the Bloom"]}],"is_beta":false,"boss_relics":[{"not_picked":["Ectoplasm","Orrery"],"picked":"Philosopher\u0027s Stone"},{"not_picked":["Snecko Eye","Runic Dome"],"picked":"Cursed Key"}],"items_purged_floors":[10,19,41],"is_endless":false,"potions_floor_spawned":[1,5,11,21,31,33,35,48],"ascension_level":0}