{"gold_per_floor":[115,134,134,152,172,172,206,274,274,274,305,98,112,130,130,231,531,548,548,75,86,97,127,158,158,209,209,308,337,337,355,355,457,457,475,475,475,501,521,554,554,564,564,564,581,613,613,629,629,629],"floor_reached":51,"playtime":18078,"items_purged":["Decay"],"score":855,"play_id":"7645c8ae-7022-4d6c-bc7a-27956299e54e","local_time":"20180804214230","is_ascension_mode":false,"campfire_choices":[{"data":"Glass Knife","floor":6.0,"key":"SMITH"},{"floor":10,"key":"DIG"},{"floor":15,"key":"DIG"},{"floor":23,"key":"DIG"},{"floor":25,"key":"DIG"},{"floor":27,"key":"DIG"},{"floor":30,"key":"DIG"},{"floor":32,"key":"DIG"},{"floor":41,"key":"DIG"},{"floor":47,"key":"DIG"},{"floor":49,"key":"DIG"}],"neow_cost":"NONE","seed_source_timestamp":13818528290353,"circlet_count":0,"master_deck":["Defend_G+1","Defend_G","Defend_G","Defend_G+1","Defend_G","Strike_G","Strike_G","Strike_G","Strike_G+1","Survivor+1","Neutralize","Glass Knife+1","Sucker Punch","Footwork","Deadly Poison+1","Caltrops","Dodge and Roll","Dodge and Roll","Poisoned Stab+1","Adrenaline","Adrenaline","Injury","Footwork","Footwork","Slice+1","After Image","All Out Attack+1","Prepared+1","Predator+1","Adrenaline","Flying Knee","Blade Dance+1","Escape Plan","Bullet Time","Cloak And Dagger","Noxious Fumes","Backstab","Poisoned Stab+1"],"special_seed":0,"relics":["Ring of the Serpent","Smiling Mask","Shovel","Ice Cream","Darkstone Periapt","Chemical X","Peace Pipe","Calling Bell","Old Coin","Orichalcum","Dodecahedron","TwistedFunnel","Strawberry","Tiny Chest","Lantern","Whetstone","War Paint","Centennial Puzzle","Calipers","Pear","Bronze Scales","Mango","Juzu Bracelet","Meat on the Bone","Pen Nib","Ornamental Fan","Du-Vu Doll","Vajra","Oddly Smooth Stone"],"potions_floor_usage":[7,7,18,22,40,50,50,50,50,50,50],"damage_taken":[{"damage":0.0,"enemies":"2 Louse","floor":1.0,"turns":2.0},{"damage":0.0,"enemies":"Small Slimes","floor":2.0,"turns":4.0},{"damage":0.0,"enemies":"Cultist","floor":4.0,"turns":4.0},{"damage":0.0,"enemies":"Large Slime","floor":5.0,"turns":5.0},{"damage":3,"enemies":"Lagavulin","floor":7,"turns":5},{"damage":18,"enemies":"Gremlin Nob","floor":11,"turns":4},{"damage":1,"enemies":"3 Louse","floor":13,"turns":3},{"damage":0,"enemies":"Looter","floor":14,"turns":3},{"damage":6,"enemies":"The Guardian","floor":16,"turns":10},{"damage":8,"enemies":"Shell Parasite","floor":18,"turns":4},{"damage":9,"enemies":"3 Byrds","floor":21,"turns":7},{"damage":10,"enemies":"Slaver and Parasite","floor":22,"turns":9},{"damage":9,"enemies":"Book of Stabbing","floor":24,"turns":6},{"damage":17,"enemies":"Slavers","floor":29,"turns":7},{"damage":5,"enemies":"Centurion and Healer","floor":31,"turns":7},{"damage":8,"enemies":"Automaton","floor":33,"turns":12},{"damage":3,"enemies":"Flame Bruiser 1 Orb","floor":35,"turns":4},{"damage":0,"floor":36,"turns":7},{"damage":2,"enemies":"Orb Walker","floor":39,"turns":3},{"damage":27,"enemies":"2 Orb Walkers","floor":40,"turns":5},{"damage":17,"enemies":"Transient","floor":42,"turns":5},{"damage":0,"enemies":"4 Shapes","floor":45,"turns":3},{"damage":5,"enemies":"Giant Head","floor":46,"turns":8},{"damage":0,"enemies":"Sphere and 2 Shapes","floor":48,"turns":3},{"damage":36,"enemies":"Awakened One","floor":50,"turns":13}],"seed_played":"4273241259257063685","potions_obtained":[{"floor":2.0,"key":"FearPotion"},{"floor":4.0,"key":"SteroidPotion"},{"floor":14,"key":"Fire Potion"},{"floor":21,"key":"Swift Potion"},{"floor":33,"key":"GhostInAJar"},{"floor":42,"key":"EntropicBrew"},{"floor":45,"key":"LiquidBronze"},{"floor":48,"key":"SpeedPotion"}],"is_trial":false,"path_per_floor":["M","M","?","M","M","R","E","?","T","R","E","$","M","M","R","B",null,"M","?","$","M","M","R","E","R","T","R","?","E","R","M","R","B",null,"M","?","?","T","M","E","R","M","T","?","M","E","R","M","R","B"],"character_chosen":"THE_SILENT","items_purchased":["Chemical X","TwistedFunnel","Footwork","Strawberry"],"campfire_rested":0,"item_purchase_floors":[12,20,20,20],"current_hp_per_floor":[70,70,56,56,56,56,53,53,53,53,35,35,34,34,34,28,88,80,80,87,78,68,68,59,59,59,59,59,42,52,47,47,39,105,102,116,116,116,114,87,87,70,70,70,70,65,65,65,65,41],"gold":629,"neow_bonus":"ONE_RANDOM_RARE_CARD","is_prod":false,"is_daily":false,"chose_seed":false,"campfire_upgraded":1,"win_rate":0,"timestamp":1533411750,"path_taken":["M","M","?","M","M","R","E","?","T","R","E","?","M","M","R","BOSS","M","?","$","M","?","R","E","R","T","R","?","E","R","M","R","BOSS","M","?","?","?","M","E","R","M","T","?","M","E","R","M","R","BOSS"],"build_version":"2018-08-02","purchased_purges":1,"victory":true,"max_hp_per_floor":[70,70,70,70,70,70,70,70,70,70,70,70,70,70,70,70,88,88,88,95,95,95,95,95,95,95,95,95,95,105,105,105,105,105,105,119,119,119,119,119,119,119,119,119,119,119,119,119,119,119],"card_choices":[{"not_picked":["Blade Dance","Concentrate"],"picked":"Sucker Punch","floor":1.0},{"not_picked":["Leg Sweep","Cloak And Dagger"],"picked":"Footwork","floor":2.0},{"not_picked":["Choke","Acrobatics"],"picked":"Deadly Poison","floor":4.0},{"not_picked":["Outmaneuver","Concentrate"],"picked":"Caltrops","floor":5.0},{"not_picked":["Quick Slash","Poisoned Stab"],"picked":"Dodge and Roll","floor":7},{"not_picked":["PiercingWail","Blade Dance"],"picked":"Dodge and Roll","floor":11},{"not_picked":["Catalyst","Riddle With Holes"],"picked":"Poisoned Stab","floor":13},{"not_picked":["Cloak And Dagger","Prepared"],"picked":"Adrenaline","floor":14},{"not_picked":["Wraith Form v2","A Thousand Cuts"],"picked":"Adrenaline","floor":16},{"not_picked":["Distraction+1","Deflect"],"picked":"Footwork","floor":18},{"not_picked":["Quick Slash","Underhanded Strike"],"picked":"Slice+1","floor":21},{"not_picked":["Bane+1","Flying Knee"],"picked":"After Image","floor":22},{"not_picked":["Outmaneuver","Slice"],"picked":"All Out Attack+1","floor":24},{"not_picked":["Predator","Reflex+1"],"picked":"Prepared+1","floor":29},{"not_picked":["PiercingWail","Flying Knee"],"picked":"Predator+1","floor":31},{"not_picked":["Doppelganger","Grand Finale"],"picked":"Adrenaline","floor":33},{"not_picked":["Acrobatics","Blade Dance"],"picked":"Flying Knee","floor":35},{"not_picked":["Well Laid Plans+1","Sucker Punch+1"],"picked":"Blade Dance+1","floor":36},{"not_picked":["Deflect+1","Predator"],"picked":"Escape Plan","floor":39},{"not_picked":["Concentrate+1","Quick Slash"],"picked":"Bullet Time","floor":40},{"not_picked":["Dodge and Roll","Poisoned Stab"],"picked":"Cloak And Dagger","floor":42},{"not_picked":["Eviscerate+1","Sucker Punch"],"picked":"Noxious Fumes","floor":45},{"not_picked":["Quick Slash+1","Tactician"],"picked":"Backstab","floor":46},{"not_picked":["Dagger Throw+1","Riddle With Holes"],"picked":"Poisoned Stab+1","floor":48}],"player_experience":829803,"relics_obtained":[{"floor":7,"key":"Smiling Mask"},{"floor":9,"key":"Shovel"},{"floor":10,"key":"Ice Cream"},{"floor":11,"key":"Darkstone Periapt"},{"floor":15,"key":"Peace Pipe"},{"floor":17,"key":"Old Coin"},{"floor":17,"key":"Orichalcum"},{"floor":17,"key":"Dodecahedron"},{"floor":23,"key":"Tiny Chest"},{"floor":24,"key":"Lantern"},{"floor":25,"key":"Whetstone"},{"floor":26,"key":"War Paint"},{"floor":27,"key":"Centennial Puzzle"},{"floor":29,"key":"Calipers"},{"floor":30,"key":"Pear"},{"floor":32,"key":"Bronze Scales"},{"floor":36,"key":"Mango"},{"floor":38,"key":"Juzu Bracelet"},{"floor":40,"key":"Meat on the Bone"},{"floor":41,"key":"Pen Nib"},{"floor":43,"key":"Ornamental Fan"},{"floor":46,"key":"Du-Vu Doll"},{"floor":47,"key":"Vajra"},{"floor":49,"key":"Oddly Smooth Stone"}],"event_choices":[{"event_name":"Shining Light","player_choice":"Entered Light","floor":3.0,"damage_taken":0.0},{"event_name":"Golden Wing","player_choice":"Gained Gold","floor":8,"damage_taken":0},{"event_name":"Vampires","player_choice":"Ignored","floor":19,"damage_taken":0},{"event_name":"Nest","player_choice":"Stole From Cult","floor":28,"damage_taken":0},{"event_name":"MindBloom","player_choice":"Fight","floor":36,"damage_taken":0},{"event_name":"Falling","player_choice":"Removed Attack","floor":37,"damage_taken":0},{"event_name":"Purifier","player_choice":"One Purge","floor":44,"damage_taken":0}],"is_beta":false,"boss_relics":[{"not_picked":["Snecko Eye","HoveringKite"],"picked":"Calling Bell"},{"not_picked":["Velvet Choker","Orrery"],"picked":"Ring of the Serpent"}],"items_purged_floors":[20],"is_endless":false,"potions_floor_spawned":[2,4,14,21,33,42,45,48],"ascension_level":0}