{"gold_per_floor":[110,128,138,138,156,182,182,197,224,224,224,257,274,293,293,372,372,385,81,91,106,106],"floor_reached":22,"playtime":1218,"items_purged":["Strike_R"],"score":400,"play_id":"9ad4de74-d6e3-42d1-b0c6-43cfafade799","local_time":"20181230163030","is_ascension_mode":true,"campfire_choices":[{"data":"True Grit","floor":7.0,"key":"SMITH"},{"data":"Feel No Pain","floor":11.0,"key":"SMITH"},{"data":"Metallicize","floor":15.0,"key":"SMITH"}],"neow_cost":"NONE","seed_source_timestamp":1835617603971,"circlet_count":0,"master_deck":["AscendersBane","Strike_R","Defend_R","Defend_R","Defend_R","Defend_R","Bash","True Grit+1","Armaments+1","Clothesline","Shrug It Off","Feel No Pain+1","Metallicize+1","Carnage","Intimidate","Fiend Fire","Wild Strike+1","Power Through"],"special_seed":0,"relics":["Burning Blood","Shuriken","Vajra","Empty Cage","TheAbacus"],"potions_floor_usage":[18,20],"damage_taken":[{"damage":7.0,"enemies":"Cultist","floor":1.0,"turns":4.0},{"damage":0.0,"enemies":"2 Louse","floor":2.0,"turns":2.0},{"damage":1.0,"enemies":"Small Slimes","floor":3.0,"turns":4.0},{"damage":0.0,"enemies":"Gremlin Gang","floor":5.0,"turns":2.0},{"damage":48.0,"enemies":"3 Sentries","floor":6.0,"turns":13.0},{"damage":0.0,"enemies":"2 Fungi Beasts","floor":8.0,"turns":7.0},{"damage":30.0,"enemies":"Gremlin Nob","floor":12.0,"turns":4.0},{"damage":1.0,"enemies":"Red Slaver","floor":13.0,"turns":5.0},{"damage":19.0,"enemies":"Exordium Wildlife","floor":14.0,"turns":5.0},{"damage":10.0,"enemies":"The Guardian","floor":16.0,"turns":18.0},{"damage":22,"enemies":"2 Thieves","floor":18,"turns":5},{"damage":6,"enemies":"Chosen","floor":20,"turns":8},{"damage":19,"enemies":"Shelled Parasite and Fungi","floor":21,"turns":13},{"damage":57,"enemies":"Centurion and Healer","floor":22,"turns":13}],"seed_played":"-6156419905929510112","potions_obtained":[{"floor":1.0,"key":"Explosive Potion"},{"floor":3.0,"key":"GamblersBrew"},{"floor":5.0,"key":"FearPotion"},{"floor":12.0,"key":"FearPotion"},{"floor":16.0,"key":"Explosive Potion"},{"floor":18,"key":"Regen Potion"},{"floor":21,"key":"LiquidBronze"}],"is_trial":false,"path_per_floor":["M","M","M","?","M","E","R","M","T","?","R","E","M","M","R","B",null,"M","$","M","M","M"],"character_chosen":"IRONCLAD","items_purchased":["TheAbacus"],"campfire_rested":0,"item_purchase_floors":[19],"current_hp_per_floor":[74,80,82,82,82,40,40,46,46,46,46,22,27,14,14,10,64,48,48,63,50,0],"gold":106,"neow_bonus":"TEN_PERCENT_HP_BONUS","is_prod":false,"is_daily":false,"chose_seed":false,"campfire_upgraded":3,"win_rate":0,"timestamp":1546155030,"path_taken":["M","?","M","?","?","E","R","M","T","?","R","E","M","M","R","BOSS","M","$","M","?","M"],"build_version":"2018-12-20","purchased_purges":1,"victory":false,"max_hp_per_floor":[82,82,82,82,82,82,82,82,82,82,82,82,82,82,82,82,82,82,82,82,82,82],"card_choices":[{"not_picked":["Warcry","Sever Soul"],"picked":"True Grit","floor":1.0},{"not_picked":["Power Through","Iron Wave"],"picked":"Armaments","floor":2.0},{"not_picked":["Seeing Red","Headbutt"],"picked":"Clothesline","floor":3.0},{"not_picked":["Sentinel","Warcry","Cleave"],"picked":"SKIP","floor":5.0},{"not_picked":["Bloodletting","Heavy Blade"],"picked":"Shrug It Off","floor":6.0},{"not_picked":["Twin Strike","Cleave"],"picked":"Feel No Pain","floor":8.0},{"not_picked":["Burning Pact","Feel No Pain"],"picked":"Metallicize","floor":12.0},{"not_picked":["Sword Boomerang","Rampage"],"picked":"Carnage","floor":13.0},{"not_picked":["Clothesline","Sword Boomerang"],"picked":"Intimidate","floor":14.0},{"not_picked":["Exhume","Limit Break"],"picked":"Fiend Fire","floor":16.0},{"not_picked":["Shockwave","Sword Boomerang"],"picked":"Wild Strike+1","floor":18},{"not_picked":["Seeing Red","Headbutt","Thunderclap"],"picked":"SKIP","floor":20},{"not_picked":["Armaments","Shrug It Off"],"picked":"Power Through","floor":21}],"player_experience":885565,"relics_obtained":[{"floor":6.0,"key":"Shuriken"},{"floor":12.0,"key":"Vajra"}],"event_choices":[{"damage_healed":0.0,"max_hp_gain":0.0,"max_hp_loss":0.0,"gold_gain":0.0,"event_name":"Accursed Blacksmith","player_choice":"Forge","floor":4.0,"gold_loss":0.0,"damage_taken":0.0,"cards_upgraded":["Armaments"]},{"cards_removed":["Strike_R"],"damage_healed":0.0,"max_hp_gain":0.0,"max_hp_loss":0.0,"gold_gain":0.0,"event_name":"Wheel of Change","player_choice":"Card Removal","floor":10.0,"gold_loss":0.0,"damage_taken":0.0}],"is_beta":false,"boss_relics":[{"not_picked":["Philosopher\u0027s Stone","Snecko Eye"],"picked":"Empty Cage"}],"items_purged_floors":[19],"is_endless":false,"potions_floor_spawned":[1,3,5,12,16,18,21],"killed_by":"Centurion and Healer","ascension_level":20}