{"path_per_floor":["M","M","M","?","?","R","M","R","T","$","R","?","M","E","R","B",null,"M","?","?","?","M"],"character_chosen":"THE_SILENT","items_purchased":["PiercingWail","Accuracy","Vajra","Bouncing Flask"],"gold_per_floor":[117,130,143,318,318,318,333,333,333,4,4,4,19,51,51,149,179,198,113,113,113,124],"floor_reached":23,"campfire_rested":0,"playtime":12868,"current_hp_per_floor":[70,70,70,70,63,63,63,63,63,63,63,63,58,52,52,18,75,70,70,70,70,47],"items_purged":[],"gold":124,"score":198,"play_id":"5b66a3fa-e201-49cf-8028-4fc7ee2a6982","local_time":"20180322182234","is_prod":false,"is_daily":false,"is_ascension_mode":true,"campfire_upgraded":4,"timestamp":1521739354,"path_taken":["M","M","M","?","?","R","M","R","T","$","R","?","?","E","R","BOSS","M","?","?","?","M","E"],"build_version":"2018-03-15v3","purchased_purges":0,"victory":false,"master_deck":["Defend_G","Defend_G","Defend_G","Defend_G","Defend_G+1","Strike_G","Strike_G","Strike_G","Strike_G","Strike_G","Survivor","Neutralize+1","Poisoned Stab","Sucker Punch","Outmaneuver","Cloak And Dagger+1","PiercingWail+1","Accuracy+1","Bouncing Flask+1","Dagger Spray","Quick Slash","Venomology+1","Flying Knee","Slice+1","Dodge and Roll+1"],"max_hp_per_floor":[70,70,70,70,70,70,70,70,70,70,70,70,70,70,70,70,75,75,75,75,75,75],"relics":["Ring of the Snake","NeowsBlessing","Peace Pipe","Vajra","Toxic Egg 2","Tiny House","Toolbox"],"card_choices":[{"not_picked":["Outmaneuver","Backflip"],"picked":"Poisoned Stab"},{"not_picked":["Eviscerate","Cloak And Dagger"],"picked":"Sucker Punch"},{"not_picked":["Heel Hook","Flechettes"],"picked":"Outmaneuver"},{"not_picked":["Outmaneuver","Tactician"],"picked":"Cloak And Dagger"},{"not_picked":["Flying Knee","Underhanded Strike"],"picked":"Dagger Spray"},{"not_picked":["Backflip","Dodge and Roll"],"picked":"Quick Slash"},{"not_picked":["Glass Knife","Night Terror"],"picked":"Venomology"},{"not_picked":["Eviscerate","Riddle With Holes"],"picked":"Flying Knee"},{"not_picked":["Outmaneuver","Flying Knee"],"picked":"Slice"},{"not_picked":["Backflip","Caltrops"],"picked":"Dodge and Roll"}],"player_experience":270379,"potions_floor_usage":[16,16,18,22],"damage_taken":[{"damage":0,"enemies":"2 Louse","floor":1,"turns":1},{"damage":0,"enemies":"Jaw Worm","floor":2,"turns":1},{"damage":0,"enemies":"Small Slimes","floor":3,"turns":1},{"damage":0,"enemies":"Blue Slaver","floor":7,"turns":5},{"damage":5,"enemies":"Lots of Slimes","floor":13,"turns":4},{"damage":6,"enemies":"Gremlin Nob","floor":14,"turns":3},{"damage":34,"enemies":"Slime Boss","floor":16,"turns":11},{"damage":5,"enemies":"Spheric Guardian","floor":18,"turns":5},{"damage":23,"enemies":"2 Thieves","floor":22,"turns":4},{"damage":48,"enemies":"Gremlin Leader","floor":23,"turns":6}],"event_choices":[{"event_name":"Liars Game","player_choice":"agreed","floor":4,"damage_taken":0},{"event_name":"Golden Wing","player_choice":"Card Removal","floor":5,"damage_taken":0},{"event_name":"Living Wall","player_choice":"Grow","floor":12,"damage_taken":0},{"event_name":"Addict","player_choice":"Obtained Relic","floor":19,"damage_taken":0},{"event_name":"Vampires","player_choice":"Ignored","floor":20,"damage_taken":0},{"event_name":"Beggar","player_choice":"Ignored","floor":21,"damage_taken":0}],"boss_relics":[{"not_picked":["Ectoplasm","White Beast Statue"],"picked":"Tiny House"}],"potions_floor_spawned":[3,13,14],"seed_played":"5599230942345910069","killed_by":"Gremlin Leader","ascension_level":1,"is_trial":false}