{"gold_per_floor":[114,114,27,102,11,39,59,74,97,113,127,147,166,185,185,285,285,304,264,44,62,75,75,105,105,129,129,142,152,152],"floor_reached":30,"playtime":1685,"items_purged":[],"score":281,"play_id":"d34bc131-ab7b-4fc0-b54e-38ffbbfe0d1a","local_time":"20181208124055","is_ascension_mode":false,"campfire_choices":[{"floor":15,"key":"REST"},{"floor":23,"key":"REST"},{"floor":25,"key":"REST"}],"neow_cost":"NONE","seed_source_timestamp":62767638651797,"circlet_count":0,"master_deck":["Defend_G","Defend_G","Defend_G","Defend_G","Defend_G","Strike_G","Strike_G+1","Strike_G+1","Survivor","Neutralize","Choke","Panacea","Distraction","Bouncing Flask","Noxious Fumes","Dagger Spray","Deadly Poison","Predator","Blade Dance","Expertise","Terror","After Image","Prepared","Infinite Blades+1","A Thousand Cuts","Leg Sweep+1","Bouncing Flask+1","Acrobatics+1","Wraith Form v2"],"relics":["Ring of the Snake","NeowsBlessing","Whetstone","Centennial Puzzle","Empty Cage","Snake Skull","Bronze Scales","Art of War"],"potions_floor_usage":[10,14,16,16,18,21,21,21,24,24,24,29],"damage_taken":[{"damage":0,"enemies":"Small Slimes","floor":1,"turns":1},{"damage":0,"enemies":"Gremlin Nob","floor":6,"turns":1},{"damage":0,"enemies":"Jaw Worm","floor":7,"turns":1},{"damage":0,"enemies":"Cultist","floor":8,"turns":3},{"damage":13,"enemies":"Exordium Wildlife","floor":10,"turns":4},{"damage":1,"enemies":"Red Slaver","floor":11,"turns":4},{"damage":11,"enemies":"Lots of Slimes","floor":12,"turns":2},{"damage":0,"enemies":"Large Slime","floor":13,"turns":5},{"damage":4,"enemies":"3 Louse","floor":14,"turns":2},{"damage":26,"enemies":"Slime Boss","floor":16,"turns":10},{"damage":43,"enemies":"Chosen","floor":18,"turns":6},{"damage":0,"enemies":"Spheric Guardian","floor":21,"turns":3},{"damage":19,"enemies":"Centurion and Healer","floor":22,"turns":8},{"damage":43,"enemies":"Book of Stabbing","floor":24,"turns":7},{"damage":10,"enemies":"Snecko","floor":28,"turns":4},{"damage":15,"enemies":"Chosen and Byrds","floor":29,"turns":5},{"damage":22,"enemies":"Shelled Parasite and Fungi","floor":30,"turns":3}],"seed_played":"2546058024412689775","potions_obtained":[{"floor":6,"key":"Strength Potion"},{"floor":12,"key":"Fire Potion"},{"floor":13,"key":"Strength Potion"},{"floor":16,"key":"Regen Potion"},{"floor":19,"key":"PowerPotion"},{"floor":19,"key":"SkillPotion"},{"floor":19,"key":"Poison Potion"},{"floor":22,"key":"EntropicBrew"},{"floor":24,"key":"Poison Potion"},{"floor":29,"key":"SteroidPotion"}],"is_trial":false,"path_per_floor":["M","?","$","?","$","E","M","M","T","M","M","M","M","M","R","B",null,"M","?","$","M","M","R","E","R","T","?","M","M","M"],"character_chosen":"THE_SILENT","items_purchased":["Panacea","Distraction","AttackPotion","Snake Skull","Infinite Blades"],"campfire_rested":3,"item_purchase_floors":[3,5,5,20,20],"current_hp_per_floor":[70,75,75,64,64,64,64,64,64,51,50,39,39,35,57,31,75,42,42,42,42,23,45,17,39,39,39,29,14,0],"gold":152,"neow_bonus":"THREE_ENEMY_KILL","is_prod":false,"is_daily":false,"chose_seed":false,"campfire_upgraded":0,"win_rate":0.0,"timestamp":1544226055,"path_taken":["M","?","$","?","?","E","M","M","T","M","M","M","M","M","R","BOSS","M","?","$","?","M","R","E","R","T","?","M","M","?"],"build_version":"2018-12-06","purchased_purges":0,"victory":false,"max_hp_per_floor":[70,75,75,75,75,75,75,75,75,75,75,75,75,75,75,75,75,75,75,75,75,75,75,75,75,75,75,75,75,75],"card_choices":[{"not_picked":["Underhanded Strike","Dash"],"picked":"Choke","floor":1},{"not_picked":["Wraith Form v2","Slice"],"picked":"Bouncing Flask","floor":6},{"not_picked":["Crippling Poison","Tactician"],"picked":"Noxious Fumes","floor":7},{"not_picked":["Slice","Underhanded Strike"],"picked":"Dagger Spray","floor":8},{"not_picked":["Dagger Spray","Prepared"],"picked":"Deadly Poison","floor":10},{"not_picked":["Caltrops","Cloak And Dagger"],"picked":"Predator","floor":11},{"not_picked":["All Out Attack","Deflect"],"picked":"Blade Dance","floor":12},{"not_picked":["Dagger Throw","Well Laid Plans"],"picked":"Expertise","floor":13},{"not_picked":["Die Die Die","Eviscerate"],"picked":"Terror","floor":14},{"not_picked":["Venomology","Storm of Steel"],"picked":"After Image","floor":16},{"not_picked":["Slice","Deflect"],"picked":"Prepared","floor":18},{"not_picked":["Underhanded Strike","Flechettes"],"picked":"A Thousand Cuts","floor":21},{"not_picked":["Quick Slash","Dagger Spray"],"picked":"Leg Sweep+1","floor":22},{"not_picked":["Outmaneuver","Malaise"],"picked":"Bouncing Flask+1","floor":24},{"not_picked":["Deadly Poison","Bane"],"picked":"Acrobatics+1","floor":28},{"not_picked":["PiercingWail","Setup"],"picked":"Wraith Form v2","floor":29}],"player_experience":438516,"relics_obtained":[{"floor":6,"key":"Whetstone"},{"floor":9,"key":"Centennial Puzzle"},{"floor":24,"key":"Bronze Scales"},{"floor":26,"key":"Art of War"}],"event_choices":[{"damage_healed":0,"gold_gain":0,"player_choice":"Donut","damage_taken":0,"max_hp_gain":5,"max_hp_loss":0,"event_name":"Big Fish","floor":2,"gold_loss":0},{"damage_healed":0,"gold_gain":75,"player_choice":"Gather Gold","damage_taken":11,"max_hp_gain":0,"max_hp_loss":0,"event_name":"World of Goop","floor":4,"gold_loss":0},{"damage_healed":0,"gold_gain":0,"player_choice":"Bought 3 Potions","damage_taken":0,"max_hp_gain":0,"max_hp_loss":0,"event_name":"The Woman in Blue","floor":19,"gold_loss":0},{"damage_healed":0,"gold_gain":0,"player_choice":"Forge","damage_taken":0,"max_hp_gain":0,"max_hp_loss":0,"event_name":"Accursed Blacksmith","floor":27,"gold_loss":0,"cards_upgraded":["Infinite Blades"]}],"is_beta":false,"boss_relics":[{"not_picked":["Runic Dome","Runic Pyramid"],"picked":"Empty Cage"}],"items_purged_floors":[],"is_endless":false,"potions_floor_spawned":[6,12,13,16,22,24,29],"killed_by":"Shelled Parasite and Fungi","ascension_level":0}