{"path_per_floor":["M","?","$","?","M","E","?","R","T","E","R","E","?","?","R","B",null,"M","$","?","M","M","R","E","R","T","?","?","$","E","M","R"],"character_chosen":"IRONCLAD","items_purchased":["Shrug It Off","Mercury Hourglass","Vajra"],"gold_per_floor":[110,110,35,35,54,92,192,192,219,254,254,297,370,370,370,495,495,516,390,490,510,524,524,564,564,564,564,564,33,68,88,88],"floor_reached":33,"campfire_rested":1,"playtime":1111,"current_hp_per_floor":[80,80,80,80,80,80,80,80,80,64,64,52,52,27,51,42,80,80,80,80,80,80,80,80,80,80,64,64,64,72,80,80],"items_purged":["Strike_R","Strike_R","Injury"],"gold":88,"score":446,"play_id":"232537c4-31ee-4870-be1a-4f2e41bed811","local_time":"20180312235639","is_prod":false,"is_daily":false,"is_ascension_mode":true,"campfire_upgraded":5,"timestamp":1520895399,"path_taken":["M","?","$","?","?","E","?","R","T","E","R","E","?","?","R","BOSS","M","$","?","M","M","R","E","R","T","?","?","$","E","M","R","BOSS"],"build_version":"2018-03-09","purchased_purges":3,"victory":false,"master_deck":["Strike_R","Strike_R","Defend_R","Defend_R","Defend_R+1","Defend_R","Bash","Heavy Blade","Bludgeon+1","Shockwave+1","Pommel Strike+1","Spot Weakness+1","Uppercut","Impervious","Shrug It Off+1","Disarm+1"],"max_hp_per_floor":[80,80,80,80,80,80,80,80,80,80,80,80,80,80,80,80,80,80,80,80,80,80,80,80,80,80,80,80,80,80,80,80],"relics":["Burning Blood","NeowsBlessing","Golden Idol","Self Forming Clay","Pen Nib","Lantern","War Paint","Blood Vial","Anchor","Mark of Pain","Pantograph","Blue Candle","Nilry\u0027s Codex","Mercury Hourglass","Vajra","Bronze Scales"],"card_choices":[{"not_picked":["Clash","Thunderclap"],"picked":"Heavy Blade"},{"not_picked":["Fire Breathing","Cleave"],"picked":"Shockwave"},{"not_picked":["Perfected Strike","Thunderclap"],"picked":"Pommel Strike"},{"not_picked":["Anger","Entrench"],"picked":"Spot Weakness"},{"not_picked":["Dual Wield","Battle Trance"],"picked":"Uppercut"},{"not_picked":["Exhume","Double Tap"],"picked":"Impervious"},{"not_picked":["Battle Trance","Uppercut"],"picked":"Disarm"}],"player_experience":218977,"potions_floor_usage":[16,22,31],"damage_taken":[{"damage":0,"enemies":"2 Louse","floor":1,"turns":1},{"damage":0,"enemies":"Jaw Worm","floor":5,"turns":1},{"damage":0,"enemies":"Gremlin Nob","floor":6,"turns":1},{"damage":22,"enemies":"Lagavulin","floor":10,"turns":6},{"damage":18,"enemies":"3 Sentries","floor":12,"turns":5},{"damage":6,"enemies":"Gremlin Nob","floor":13,"turns":3},{"damage":17,"enemies":"The Guardian","floor":16,"turns":6},{"damage":0,"enemies":"Chosen","floor":18,"turns":4},{"damage":0,"enemies":"2 Thieves","floor":21,"turns":4},{"damage":0,"enemies":"Cultist and Chosen","floor":22,"turns":4},{"damage":6,"enemies":"Slavers","floor":24,"turns":5},{"damage":0,"enemies":"Gremlin Leader","floor":30,"turns":3},{"damage":0,"enemies":"Snake Plant","floor":31,"turns":3},{"damage":83,"enemies":"Automaton","floor":33,"turns":6}],"event_choices":[{"event_name":"Living Wall","player_choice":"Change","floor":2,"damage_taken":0},{"event_name":"Golden Idol","player_choice":"Take Wound","floor":4,"damage_taken":0},{"event_name":"Wheel of Change","player_choice":"Gold","floor":7,"damage_taken":0},{"event_name":"Dead Adventurer","player_choice":"Searched \u00271\u0027 times","floor":13,"damage_taken":0},{"event_name":"Scrap Ooze","player_choice":"success","floor":14,"damage_taken":25},{"event_name":"Golden Shrine","player_choice":"Pray","floor":20,"damage_taken":0},{"event_name":"Cursed Tome","player_choice":"Obtained Book","floor":27,"damage_taken":0},{"event_name":"The Lab","player_choice":"Got Potions","floor":28,"damage_taken":0}],"boss_relics":[{"not_picked":["Philosopher\u0027s Stone","Eternal Feather"],"picked":"Mark of Pain"}],"potions_floor_spawned":[6,10,13,18,24],"seed_played":"-2485341048253286582","killed_by":"Automaton","ascension_level":4,"is_trial":false}