{"gold_per_floor":[118,129,146,45,65,65,75,4,30,40,74,96,108],"floor_reached":13,"playtime":515,"items_purged":[],"score":156,"play_id":"05c01426-697c-43e4-8892-6e96abf41c47","local_time":"20190104203624","is_ascension_mode":true,"campfire_choices":[{"data":"Blood for Blood","floor":6,"key":"SMITH"}],"neow_cost":"PERCENT_DAMAGE","seed_source_timestamp":28315468449672,"circlet_count":0,"master_deck":["AscendersBane","Strike_R","Strike_R","Strike_R","Strike_R","Defend_R","Defend_R","Defend_R","Bash","Anger","Feel No Pain","Feel No Pain","Battle Trance","Blood for Blood+1","Burning Pact","Power Through","Armaments","Evolve"],"special_seed":0,"relics":["Burning Blood","MawBank"],"potions_floor_usage":[12],"damage_taken":[{"damage":6.0,"enemies":"Cultist","floor":1.0,"turns":4.0},{"damage":2.0,"enemies":"2 Louse","floor":2.0,"turns":3.0},{"damage":2.0,"enemies":"Jaw Worm","floor":3.0,"turns":3.0},{"damage":7,"enemies":"Looter","floor":5,"turns":4},{"damage":18,"enemies":"Lots of Slimes","floor":7,"turns":4},{"damage":26,"enemies":"Gremlin Gang","floor":10,"turns":7},{"damage":17,"enemies":"Gremlin Nob","floor":11,"turns":4},{"damage":12,"enemies":"Exordium Wildlife","floor":12,"turns":4},{"damage":0,"enemies":"Blue Slaver","floor":13,"turns":1}],"seed_played":"-285896014062274832","potions_obtained":[{"floor":5,"key":"LiquidBronze"},{"floor":10,"key":"SkillPotion"},{"floor":12,"key":"LiquidBronze"}],"is_trial":false,"path_per_floor":["M","M","M","$","M","R","M","$","T","M","E","M","M"],"character_chosen":"IRONCLAD","items_purchased":["Battle Trance","Blood for Blood","Power Through"],"campfire_rested":0,"item_purchase_floors":[4,4,8],"current_hp_per_floor":[50,54,58,58,57,57,45,45,45,25,14,8,8],"gold":108,"neow_bonus":"REMOVE_TWO","is_prod":false,"is_daily":false,"chose_seed":false,"campfire_upgraded":1,"win_rate":0,"timestamp":1546601784,"path_taken":["M","?","M","$","?","R","M","?","T","M","E","M","?"],"build_version":"2019-01-03v3","purchased_purges":0,"victory":false,"max_hp_per_floor":[75,75,75,75,75,75,75,75,75,75,75,75,75],"card_choices":[{"not_picked":["Heavy Blade","Shockwave"],"picked":"Anger","floor":1.0},{"not_picked":["Shrug It Off","Havoc"],"picked":"Feel No Pain","floor":2.0},{"not_picked":["Body Slam","Reckless Charge"],"picked":"Feel No Pain","floor":3},{"not_picked":["Pummel","Sword Boomerang","Intimidate"],"picked":"SKIP","floor":5},{"not_picked":["Sentinel","Infernal Blade"],"picked":"Burning Pact","floor":7},{"not_picked":["Headbutt","Dropkick","Sword Boomerang"],"picked":"SKIP","floor":10},{"not_picked":["Headbutt","Dropkick","Sword Boomerang"],"picked":"SKIP","floor":10},{"not_picked":["Combust","Corruption"],"picked":"Armaments","floor":11},{"not_picked":["Armaments","Shrug It Off"],"picked":"Evolve","floor":12}],"player_experience":913784,"relics_obtained":[{"floor":11,"key":"MawBank"}],"event_choices":[],"is_beta":false,"boss_relics":[],"items_purged_floors":[],"is_endless":false,"potions_floor_spawned":[5,10,11,12],"killed_by":"Blue Slaver","ascension_level":15}