{"gold_per_floor":[114,134,84,84,84,118,118,136,163,182,182,198,51,67,67,162,162,172,189,289,305,319,354,354,365,365,280,298,298,118,135,135,135],"floor_reached":33,"playtime":1482,"items_purged":["Strike_G","Strike_G"],"score":434,"play_id":"d6b735a4-f402-4cd8-a0b8-267560813870","local_time":"20180928100038","is_ascension_mode":true,"campfire_choices":[{"data":"Blade Dance","floor":7,"key":"SMITH"},{"floor":11,"key":"REST"},{"data":"Footwork","floor":15,"key":"SMITH"},{"floor":24,"key":"REST"},{"floor":29,"key":"REST"},{"floor":32,"key":"REST"}],"neow_cost":"NONE","seed_source_timestamp":122688735318545,"circlet_count":0,"master_deck":["Defend_G","Defend_G","Defend_G","Defend_G","Defend_G","Strike_G","Strike_G","Strike_G","Survivor","Neutralize+1","AscendersBane","Cloak And Dagger+1","Blade Dance+1","Dagger Spray","Backflip","Storm of Steel","Dodge and Roll","Flechettes","Footwork+1","Backstab+1","Infinite Blades","Deflect","Accuracy","Backflip+1","Terror","Footwork"],"relics":["Ring of the Snake","Vajra","Pen Nib","Black Star","Dodecahedron","Sundial","Pantograph","Bronze Scales"],"potions_floor_usage":[14,18,23,28,33],"damage_taken":[{"damage":1,"enemies":"Jaw Worm","floor":1,"turns":6},{"damage":5,"enemies":"2 Louse","floor":2,"turns":3},{"damage":30,"enemies":"Gremlin Nob","floor":6,"turns":5},{"damage":0,"enemies":"Cultist","floor":8,"turns":2},{"damage":0,"enemies":"2 Fungi Beasts","floor":10,"turns":3},{"damage":0,"enemies":"3 Louse","floor":12,"turns":1},{"damage":0,"enemies":"Exordium Thugs","floor":14,"turns":3},{"damage":24,"enemies":"The Guardian","floor":16,"turns":13},{"damage":0,"enemies":"Spheric Guardian","floor":18,"turns":3},{"damage":3,"enemies":"3 Byrds","floor":19,"turns":4},{"damage":9,"enemies":"Centurion and Healer","floor":21,"turns":7},{"damage":4,"enemies":"Chosen and Byrds","floor":22,"turns":8},{"damage":28,"enemies":"Book of Stabbing","floor":23,"turns":7},{"damage":7,"enemies":"Cultist and Chosen","floor":25,"turns":6},{"damage":3,"enemies":"Snake Plant","floor":28,"turns":4},{"damage":15,"enemies":"Sentry and Sphere","floor":31,"turns":4},{"damage":78,"enemies":"Collector","floor":33,"turns":8}],"seed_played":"8187572659114659231","potions_obtained":[{"floor":6,"key":"AttackPotion"},{"floor":10,"key":"FairyPotion"},{"floor":16,"key":"AttackPotion"},{"floor":21,"key":"SkillPotion"},{"floor":23,"key":"Energy Potion"},{"floor":31,"key":"SpeedPotion"}],"is_trial":false,"path_per_floor":["M","M","?","?","?","E","R","M","T","M","R","M","$","M","R","B",null,"M","M","?","M","M","E","R","M","T","?","M","R","$","M","R"],"character_chosen":"THE_SILENT","items_purchased":["Flechettes","Footwork"],"campfire_rested":4,"item_purchase_floors":[13,30],"current_hp_per_floor":[62,57,57,70,70,40,40,40,40,40,61,61,61,61,61,37,62,62,59,59,50,46,18,39,32,32,32,29,50,50,35,56,0],"gold":135,"neow_bonus":"UPGRADE_CARD","is_prod":false,"is_daily":false,"chose_seed":false,"campfire_upgraded":2,"win_rate":0,"timestamp":1538121638,"path_taken":["M","M","?","?","?","E","R","M","T","M","R","M","$","M","R","BOSS","M","?","?","?","M","E","R","M","T","?","M","R","$","M","R","BOSS"],"build_version":"2018-09-20","purchased_purges":2,"victory":false,"max_hp_per_floor":[70,70,70,70,70,70,70,70,70,70,70,70,70,70,70,70,70,70,70,70,70,70,70,70,70,70,70,70,70,70,70,70,70],"card_choices":[{"not_picked":["Distraction","Escape Plan"],"picked":"Cloak And Dagger","floor":1},{"not_picked":["Dash","Prepared"],"picked":"Blade Dance","floor":2},{"not_picked":["Deadly Poison","Bane"],"picked":"Dagger Spray","floor":6},{"not_picked":["Flying Knee","Underhanded Strike"],"picked":"Backflip","floor":8},{"not_picked":["Deflect","Slice"],"picked":"Storm of Steel","floor":10},{"not_picked":["Outmaneuver","Deadly Poison"],"picked":"Dodge and Roll","floor":12},{"not_picked":["Endless Agony","Blade Dance"],"picked":"Footwork","floor":14},{"not_picked":["All Out Attack","Dagger Throw"],"picked":"Backstab+1","floor":18},{"not_picked":["Backflip","Skewer"],"picked":"Infinite Blades","floor":19},{"not_picked":["Bane","Dagger Throw"],"picked":"Deflect","floor":21},{"not_picked":["Quick Slash","Deadly Poison"],"picked":"Accuracy","floor":22},{"not_picked":["Corpse Explosion","Deflect"],"picked":"Backflip+1","floor":23},{"not_picked":["Heel Hook","Well Laid Plans"],"picked":"Terror","floor":25},{"not_picked":["Deadly Poison","Endless Agony","Deflect+1"],"picked":"SKIP","floor":28},{"not_picked":["Backflip","Dagger Spray","Underhanded Strike"],"picked":"SKIP","floor":31}],"player_experience":722916,"relics_obtained":[{"floor":6,"key":"Vajra"},{"floor":9,"key":"Pen Nib"},{"floor":23,"key":"Dodecahedron"},{"floor":23,"key":"Sundial"},{"floor":26,"key":"Pantograph"}],"event_choices":[{"event_name":"World of Goop","player_choice":"Left","floor":3,"damage_taken":0},{"event_name":"Big Fish","player_choice":"Banana","floor":4,"damage_taken":0},{"event_name":"Living Wall","player_choice":"Grow","floor":5,"damage_taken":0},{"event_name":"Golden Shrine","player_choice":"Pray","floor":20,"damage_taken":0},{"event_name":"Addict","player_choice":"Obtained Relic","floor":27,"damage_taken":0}],"is_beta":false,"boss_relics":[{"not_picked":["Runic Pyramid","Fusion Hammer"],"picked":"Black Star"}],"items_purged_floors":[13,30],"is_endless":false,"potions_floor_spawned":[6,10,16,21,23,31],"killed_by":"Collector","ascension_level":12}