{"gold_per_floor":[210,210,27,40,40,40,78,96,96,22,22,46,77,91,91,184,184,205,219,237,237,262,262,300,38,84,84,84,108,8,8,8,98,98,116,116,129,129,147,147,171,171,194,218,218,178,199,15,15,15],"floor_reached":51,"playtime":2653,"items_purged":["Strike_B+1","Strike_B+1"],"score":1081,"play_id":"6488a28c-2ddc-4c4a-9825-abfe8108a4fa","local_time":"20190120011321","is_ascension_mode":true,"campfire_choices":[{"data":"Apotheosis","floor":6.0,"key":"SMITH"},{"floor":11.0,"key":"REST"},{"floor":15.0,"key":"REST"},{"floor":23.0,"key":"REST"},{"floor":27,"key":"REST"},{"floor":32,"key":"REST"},{"floor":40,"key":"REST"},{"floor":42,"key":"REST"},{"floor":45,"key":"DIG"},{"floor":49,"key":"REST"}],"neow_cost":"NONE","seed_source_timestamp":474198550927138,"circlet_count":0,"master_deck":["AscendersBane","Defend_B+1","Defend_B+1","Defend_B+1","Defend_B+1","Zap","Dualcast","Consume+1","Apotheosis+1","Beam Cell","Conserve Battery","Lockon","Coolheaded","Rebound","Leap","Leap","Static Discharge","Electrodynamics","Redo","Conserve Battery","Stack","Chill+1","Tempest+1","Self Repair","Hologram","Multi-Cast","Coolheaded+1","Go for the Eyes","Cold Snap+1","FTL","Skim+1","Ball Lightning","Rip and Tear"],"special_seed":0,"relics":["Cracked Core","Cables","Golden Idol","Pen Nib","Ornamental Fan","Question Card","Inserter","Juzu Bracelet","ClockworkSouvenir","Anchor","Lantern","Empty Cage","Shovel","Omamori","Strawberry"],"potions_floor_usage":[24,24,44,50,50],"damage_taken":[{"damage":5.0,"enemies":"Small Slimes","floor":1.0,"turns":3.0},{"damage":0.0,"enemies":"2 Louse","floor":4.0,"turns":2.0},{"damage":28.0,"enemies":"Gremlin Nob","floor":7.0,"turns":4.0},{"damage":2.0,"enemies":"Jaw Worm","floor":8.0,"turns":3.0},{"damage":5.0,"enemies":"Blue Slaver","floor":12.0,"turns":3.0},{"damage":16.0,"enemies":"Lagavulin","floor":13.0,"turns":4.0},{"damage":0.0,"enemies":"Looter","floor":14.0,"turns":3.0},{"damage":16.0,"enemies":"The Guardian","floor":16.0,"turns":7.0},{"damage":18.0,"enemies":"Spheric Guardian","floor":18.0,"turns":5.0},{"damage":13.0,"enemies":"3 Byrds","floor":19.0,"turns":3.0},{"damage":14.0,"enemies":"3 Cultists","floor":20.0,"turns":5.0},{"damage":0.0,"enemies":"Chosen and Byrds","floor":22.0,"turns":4.0},{"damage":13,"enemies":"Gremlin Leader","floor":24,"turns":6},{"damage":44,"enemies":"Automaton","floor":33,"turns":10},{"damage":15,"enemies":"3 Shapes","floor":35,"turns":3},{"damage":7,"enemies":"Orb Walker","floor":37,"turns":5},{"damage":34,"enemies":"Transient","floor":39,"turns":5},{"damage":27,"enemies":"Writhing Mass","floor":41,"turns":6},{"damage":9,"enemies":"4 Shapes","floor":44,"turns":8},{"damage":30,"enemies":"Maw","floor":47,"turns":10},{"damage":37,"enemies":"Time Eater","floor":50,"turns":13}],"seed_played":"204370999954733243","potions_obtained":[{"floor":12.0,"key":"Swift Potion"},{"floor":13.0,"key":"PowerPotion"},{"floor":18.0,"key":"EssenceOfSteel"},{"floor":19.0,"key":"PowerPotion"},{"floor":22.0,"key":"Weak Potion"},{"floor":37,"key":"SteroidPotion"},{"floor":39,"key":"FearPotion"},{"floor":41,"key":"PowerPotion"}],"is_trial":false,"path_per_floor":["M","?","$","M","?","R","E","M","T","$","R","M","E","M","R","B",null,"M","M","M","?","M","R","E","$","T","R","?","T","$","?","R","B",null,"M","T","M","$","M","R","M","R","T","M","R","?","M","$","R","B",null],"character_chosen":"DEFECT","items_purchased":["Apotheosis","Coolheaded","Rebound","ClockworkSouvenir","Self Repair","Hologram","SkillPotion","Rip and Tear"],"campfire_rested":8,"item_purchase_floors":[3,10,10,25,25,30,48,48],"current_hp_per_floor":[63,51,51,51,51,51,23,21,21,21,41,36,20,20,40,24,58,40,27,13,13,13,33,20,20,20,40,40,40,40,40,60,23,58,43,43,46,46,19,39,22,42,42,43,50,50,30,30,52,15],"gold":15,"neow_bonus":"HUNDRED_GOLD","is_prod":false,"is_daily":false,"chose_seed":false,"campfire_upgraded":1,"win_rate":0,"timestamp":1547943201,"path_taken":["M","?","$","M","?","R","E","M","T","$","R","M","E","M","R","BOSS","M","M","M","?","M","R","E","$","T","R","?","?","?","?","R","BOSS","M","?","M","$","M","R","M","R","T","M","R","?","M","$","R","BOSS"],"build_version":"2019-01-17v2","purchased_purges":2,"victory":true,"max_hp_per_floor":[75,75,75,75,69,69,69,69,69,69,69,69,69,69,69,69,69,69,69,69,69,69,69,69,69,69,69,69,69,69,69,69,69,69,69,69,69,69,69,69,69,69,69,69,76,76,76,76,76,76],"card_choices":[{"not_picked":["Compile Driver","Stack"],"picked":"Consume","floor":1.0},{"not_picked":["Compile Driver","Melter"],"picked":"Beam Cell","floor":4.0},{"not_picked":["Loop","Scrape"],"picked":"Conserve Battery","floor":7.0},{"not_picked":["White Noise","Stack"],"picked":"Lockon","floor":8.0},{"not_picked":["Rebound","Hologram"],"picked":"Leap","floor":12.0},{"not_picked":["Redo","Heatsinks"],"picked":"Leap","floor":13.0},{"not_picked":["Melter","Turbo","Sweeping Beam"],"picked":"Static Discharge","floor":14.0},{"not_picked":["Buffer","Hyperbeam","All For One"],"picked":"Electrodynamics","floor":16.0},{"not_picked":["Compile Driver","Scrape","Steam"],"picked":"Redo","floor":18.0},{"not_picked":["Compile Driver+1","Chaos","Streamline"],"picked":"Conserve Battery","floor":19.0},{"not_picked":["Compile Driver","Sweeping Beam","Storm"],"picked":"Stack","floor":20.0},{"not_picked":["Leap","Rebound","Loop"],"picked":"Chill","floor":22.0},{"not_picked":["Redo","Turbo","Recycle"],"picked":"Tempest+1","floor":24},{"not_picked":["Electrodynamics","Reboot","Core Surge"],"picked":"Multi-Cast","floor":33},{"not_picked":["Barrage","Go for the Eyes","Steam"],"picked":"Coolheaded+1","floor":35},{"not_picked":["Steam Power+1","Aggregate","Melter"],"picked":"Go for the Eyes","floor":37},{"not_picked":["Fusion","Rebound","Genetic Algorithm"],"picked":"Cold Snap+1","floor":39},{"not_picked":["Beam Cell","Heatsinks","Sweeping Beam+1"],"picked":"FTL","floor":41},{"not_picked":["Storm","Undo","Turbo"],"picked":"Skim+1","floor":44},{"not_picked":["Compile Driver","Turbo","Fission"],"picked":"Ball Lightning","floor":47}],"player_experience":1066026,"relics_obtained":[{"floor":7.0,"key":"Pen Nib"},{"floor":9.0,"key":"Ornamental Fan"},{"floor":13.0,"key":"Question Card"},{"floor":24,"key":"Juzu Bracelet"},{"floor":26,"key":"Anchor"},{"floor":29,"key":"Lantern"},{"floor":36,"key":"Shovel"},{"floor":43,"key":"Omamori"},{"floor":45,"key":"Strawberry"}],"event_choices":[{"damage_healed":0.0,"max_hp_gain":0.0,"max_hp_loss":0.0,"gold_gain":0.0,"event_name":"Scrap Ooze","player_choice":"Success","floor":2.0,"gold_loss":0.0,"damage_taken":12.0,"relics_obtained":["Cables"]},{"damage_healed":0.0,"max_hp_gain":0.0,"max_hp_loss":6.0,"gold_gain":0.0,"event_name":"Golden Idol","player_choice":"Lose Max HP","floor":5.0,"gold_loss":0.0,"damage_taken":0.0,"relics_obtained":["Golden Idol"]},{"damage_healed":0.0,"max_hp_gain":0.0,"max_hp_loss":0.0,"gold_gain":0.0,"event_name":"Back to Basics","player_choice":"Simplicity","floor":21.0,"gold_loss":0.0,"damage_taken":0.0,"cards_upgraded":["Strike_B","Strike_B","Strike_B","Strike_B","Defend_B","Defend_B","Defend_B","Defend_B"]},{"damage_healed":0,"gold_gain":0,"player_choice":"Ignored","damage_taken":0,"max_hp_gain":0,"max_hp_loss":0,"event_name":"Ghosts","floor":28,"gold_loss":0},{"damage_healed":0,"gold_gain":0,"player_choice":"Upgraded","damage_taken":0,"max_hp_gain":0,"max_hp_loss":0,"event_name":"Upgrade Shrine","floor":31,"gold_loss":0,"cards_upgraded":["Consume"]},{"damage_healed":0,"gold_gain":0,"player_choice":"Upgrade","damage_taken":0,"max_hp_gain":0,"max_hp_loss":0,"event_name":"Designer","floor":46,"gold_loss":40,"cards_upgraded":["Chill"]}],"is_beta":false,"boss_relics":[{"not_picked":["White Beast Statue","Runic Pyramid"],"picked":"Inserter"},{"not_picked":["Calling Bell","Coffee Dripper"],"picked":"Empty Cage"}],"items_purged_floors":[30,48],"is_endless":false,"potions_floor_spawned":[12,13,14,18,19,22,37,39,41],"ascension_level":13}