{"path_per_floor":["M","M","?","?","M","R","E","R","T","E","M","R","T","M","R","B",null,"M","?","?","?","$","R","E","R","T","M","?","R","M","M","R","B",null,"M","M","$","?","M","R","M","R","T","M","M","M","E","$","R","B"],"character_chosen":"IRONCLAD","items_purchased":["Entrench","Singing Bowl","Flash of Steel","Shrug It Off","Pantograph","Swift Potion"],"gold_per_floor":[116,133,233,233,253,253,282,282,282,315,335,335,407,420,420,521,521,539,539,539,539,216,216,241,241,241,259,159,159,172,185,185,287,287,302,313,14,14,33,33,52,52,52,68,88,98,131,8,8,8],"floor_reached":51,"campfire_rested":3,"playtime":3529,"current_hp_per_floor":[80,80,80,80,80,80,64,64,64,48,25,49,49,48,72,46,80,80,80,80,80,80,80,64,64,64,67,67,67,62,40,64,67,84,86,86,86,85,75,75,81,81,81,77,78,74,82,82,82,66],"items_purged":["Doubt"],"gold":8,"score":609,"play_id":"02b604f6-dd65-441a-978f-e95d9c8faa9a","local_time":"20180308172618","is_prod":false,"is_daily":false,"is_ascension_mode":true,"campfire_upgraded":7,"timestamp":1520526378,"path_taken":["M","M","?","?","M","R","E","R","T","E","?","R","?","?","R","BOSS","M","?","?","?","$","R","E","R","T","M","?","R","?","M","R","BOSS","M","M","$","?","M","R","M","R","T","M","M","M","E","$","R","BOSS"],"build_version":"2018-03-01-PROD1","purchased_purges":1,"victory":true,"master_deck":["Strike_R+1","Strike_R+1","Strike_R+1","Strike_R+1","Defend_R+1","Defend_R+1","Defend_R+1","Defend_R+1","Impervious+1","Body Slam+1","Intimidate","Warcry+1","Dual Wield","Flex","Impervious+1","Entrench+1","Flash of Steel+1","Armaments+1","Shrug It Off+1","J.A.X.","Body Slam+1","Shrug It Off+1","Entrench+1","Headbutt+1","Infernal Blade+1","Juggernaut"],"max_hp_per_floor":[80,80,80,80,80,80,80,80,80,80,80,80,80,80,80,80,80,80,80,80,80,80,80,80,80,80,80,80,80,80,82,82,84,84,86,88,88,85,85,85,85,85,85,85,87,87,89,89,89,89],"relics":["Burning Blood","Bottled Lightning","Torii","Pen Nib","Molten Egg 2","Cursed Key","Singing Bowl","Mercury Hourglass","Ginger","Runic Pyramid","Pantograph","Spirit Poop","Shovel","Dodecahedron","The Courier"],"card_choices":[{"not_picked":["Flex","Sword Boomerang"],"picked":"Body Slam"},{"not_picked":["Shockwave","Perfected Strike"],"picked":"Intimidate"},{"not_picked":["Searing Blow","Sword Boomerang"],"picked":"Warcry"},{"not_picked":["Disarm","Corruption"],"picked":"Dual Wield"},{"not_picked":["Burning Pact","Carnage"],"picked":"Flex"},{"not_picked":["Flex","Limit Break"],"picked":"Armaments"},{"not_picked":["Pummel","Clash"],"picked":"Shrug It Off"},{"not_picked":["Thunderclap","Rupture"],"picked":"Body Slam"},{"not_picked":["Sever Soul","Pommel Strike"],"picked":"Entrench"},{"not_picked":["Warcry","Intimidate"],"picked":"Headbutt"},{"not_picked":["Wild Strike","Rupture"],"picked":"Infernal Blade"},{"not_picked":["Blood for Blood","True Grit"],"picked":"Juggernaut"}],"player_experience":147995,"potions_floor_usage":[10,16,16,33,33,36,39,45,46,50,50,50],"damage_taken":[{"damage":6,"enemies":"Jaw Worm","floor":1,"turns":3},{"damage":0,"enemies":"Cultist","floor":2,"turns":3},{"damage":2,"enemies":"Small Slimes","floor":5,"turns":4},{"damage":22,"enemies":"3 Sentries","floor":7,"turns":8},{"damage":31,"enemies":"Lagavulin","floor":10,"turns":5},{"damage":29,"enemies":"Exordium Thugs","floor":11,"turns":8},{"damage":7,"enemies":"Exordium Wildlife","floor":14,"turns":4},{"damage":32,"enemies":"The Guardian","floor":16,"turns":11},{"damage":0,"enemies":"Chosen","floor":18,"turns":2},{"damage":22,"enemies":"Slavers","floor":24,"turns":8},{"damage":3,"enemies":"Shell Parasite","floor":27,"turns":6},{"damage":11,"enemies":"Snake Plant","floor":30,"turns":4},{"damage":30,"enemies":"Cultist and Chosen","floor":31,"turns":7},{"damage":5,"enemies":"Automaton","floor":33,"turns":5},{"damage":3,"enemies":"Orb Walker","floor":35,"turns":3},{"damage":8,"enemies":"3 Shapes","floor":36,"turns":3},{"damage":16,"enemies":"Maw","floor":39,"turns":8},{"damage":0,"enemies":"Sphere and 2 Shapes","floor":41,"turns":4},{"damage":10,"enemies":"3 Darklings","floor":44,"turns":4},{"damage":7,"enemies":"4 Shapes","floor":45,"turns":5},{"damage":10,"enemies":"Sphere and 2 Shapes","floor":46,"turns":5},{"damage":0,"enemies":"Nemesis","floor":47,"turns":3},{"damage":29,"enemies":"Awakened One","floor":50,"turns":11}],"event_choices":[{"event_name":"Golden Shrine","player_choice":"Pray","floor":3,"damage_taken":0},{"event_name":"Purifier","player_choice":"One Purge","floor":4,"damage_taken":0},{"event_name":"Duplicator","player_choice":"One dupe","floor":19,"damage_taken":0},{"event_name":"Back to Basics","player_choice":"Simplicity","floor":20,"damage_taken":0},{"event_name":"Purifier","player_choice":"One Purge","floor":21,"damage_taken":0},{"event_name":"Drug Dealer","player_choice":"Got JAXXED","floor":28,"damage_taken":0},{"event_name":"Bonfire Elementals","player_choice":"CURSE","floor":38,"damage_taken":0}],"boss_relics":[{"not_picked":["Pandora\u0027s Box","Mark of Pain"],"picked":"Cursed Key"},{"not_picked":["Question Card","Snecko Eye"],"picked":"Runic Pyramid"}],"potions_floor_spawned":[7,11,14,16,18,31,33,35,36,45,47],"seed_played":"-2439008571347732020","ascension_level":1,"is_trial":false}