{"gold_per_floor":[114,114,189,204,204,204,220,220,220,233,262,262,276,16,16,116,116,134,134,121,139,156,156,156,156,182,195,3,22,22,34,34,34],"floor_reached":33,"playtime":2174,"items_purged":["Strike_B","Strike_B"],"score":274,"play_id":"b683ad7f-7e46-401d-9a84-1c03774cc4af","local_time":"20181020180557","is_ascension_mode":false,"campfire_choices":[{"floor":6,"key":"REST"},{"data":"Buffer","floor":8,"key":"SMITH"},{"data":"Chill","floor":12,"key":"SMITH"},{"data":"Mayhem","floor":15,"key":"SMITH"},{"floor":23,"key":"REST"},{"data":"Creative AI","floor":25,"key":"SMITH"},{"floor":32,"key":"REST"}],"neow_cost":"NONE","seed_source_timestamp":777946563423454,"circlet_count":0,"master_deck":["Defend_B","Defend_B","Zap","Dualcast","Redo","Glacier","Chill+1","Buffer+1","Beam Cell+1","Beam Cell+1","Thunder Strike+1","Compile Driver+1","Mayhem+1","Creative AI+1","Self Repair","Tempest","Coolheaded","Melter+1","White Noise+1","Capacitor","Discovery","Tempest","Gash+1"],"relics":["Cracked Core","Molten Egg 2","Ancient Tea Set","Happy Flower","Empty Cage","Strawberry","MutagenicStrength"],"potions_floor_usage":[11,16,20],"damage_taken":[{"damage":6,"enemies":"Cultist","floor":1,"turns":3},{"damage":0,"enemies":"2 Louse","floor":4,"turns":3},{"damage":7,"enemies":"Jaw Worm","floor":7,"turns":5},{"damage":0,"enemies":"Looter","floor":10,"turns":4},{"damage":0,"enemies":"Lagavulin","floor":11,"turns":6},{"damage":2,"enemies":"Exordium Wildlife","floor":13,"turns":3},{"damage":20,"enemies":"The Guardian","floor":16,"turns":9},{"damage":0,"enemies":"Chosen","floor":18,"turns":5},{"damage":11,"enemies":"2 Thieves","floor":20,"turns":4},{"damage":20,"enemies":"Cultist and Chosen","floor":21,"turns":6},{"damage":26,"enemies":"Sentry and Sphere","floor":22,"turns":7},{"damage":17,"enemies":"Centurion and Healer","floor":27,"turns":5},{"damage":21,"enemies":"Cultist and Chosen","floor":29,"turns":6},{"damage":22,"enemies":"Snake Plant","floor":31,"turns":4},{"damage":40,"enemies":"Collector","floor":33,"turns":5}],"seed_played":"2552455219988144701","potions_obtained":[{"floor":4,"key":"AttackPotion"},{"floor":10,"key":"GamblersBrew"},{"floor":16,"key":"Strength Potion"},{"floor":18,"key":"Fire Potion"},{"floor":21,"key":"SpeedPotion"},{"floor":22,"key":"SteroidPotion"},{"floor":31,"key":"FocusPotion"}],"is_trial":false,"path_per_floor":["M","?","?","M","?","R","M","R","T","M","E","R","M","$","R","B",null,"M","?","M","M","M","R","?","R","T","M","$","M","?","M","R"],"character_chosen":"DEFECT","items_purchased":["Mayhem","Discovery"],"campfire_rested":3,"item_purchase_floors":[14,28],"current_hp_per_floor":[69,69,58,58,40,62,55,55,55,55,55,55,53,53,53,33,75,75,75,71,58,39,61,61,61,68,58,58,44,44,22,46,6],"gold":34,"neow_bonus":"THREE_CARDS","is_prod":false,"is_daily":false,"chose_seed":false,"campfire_upgraded":4,"win_rate":0.0,"timestamp":1540011957,"path_taken":["M","?","?","M","?","R","M","R","T","M","E","R","M","?","R","BOSS","M","?","M","?","M","R","?","R","T","M","?","?","?","M","R","BOSS"],"build_version":"2018-10-18","purchased_purges":2,"victory":false,"max_hp_per_floor":[75,75,75,75,75,75,75,75,75,75,75,75,75,75,75,75,75,75,75,75,75,75,75,75,75,82,82,82,82,82,82,82,82],"card_choices":[{"not_picked":["Stack","Sweeping Beam"],"picked":"Redo","floor":0},{"not_picked":["Go for the Eyes","Conserve Battery"],"picked":"Glacier","floor":1},{"not_picked":["Sweeping Beam","Conserve Battery"],"picked":"Buffer","floor":4},{"not_picked":["Steam","Cold Snap+1"],"picked":"Beam Cell+1","floor":7},{"not_picked":["Fusion","Double Energy"],"picked":"Beam Cell+1","floor":10},{"not_picked":["Aggregate","Blizzard+1"],"picked":"Thunder Strike+1","floor":11},{"not_picked":["Gash+1","Glacier"],"picked":"Compile Driver+1","floor":13},{"not_picked":["Meteor Strike+1","Biased Cognition"],"picked":"Creative AI","floor":16},{"not_picked":["Rebound+1","Coolheaded"],"picked":"Self Repair","floor":18},{"not_picked":["Conserve Battery","Force Field"],"picked":"Coolheaded","floor":20},{"not_picked":["Glacier","Darkness"],"picked":"Melter+1","floor":21},{"not_picked":["Turbo","Heatsinks"],"picked":"White Noise+1","floor":22},{"not_picked":["Ball Lightning+1","Scrape+1"],"picked":"Capacitor","floor":27},{"not_picked":["Reinforced Body","Cold Snap+1"],"picked":"Tempest","floor":29},{"not_picked":["Redo","Fusion"],"picked":"Gash+1","floor":31}],"player_experience":133669,"relics_obtained":[{"floor":9,"key":"Ancient Tea Set"},{"floor":11,"key":"Happy Flower"},{"floor":26,"key":"Strawberry"}],"event_choices":[{"damage_healed":0,"gold_gain":0,"cards_transformed":["Strike_B"],"player_choice":"Change","damage_taken":0,"max_hp_gain":0,"max_hp_loss":0,"event_name":"Living Wall","floor":2,"gold_loss":0,"cards_obtained":["Chill"]},{"damage_healed":0,"gold_gain":75,"player_choice":"Gather Gold","damage_taken":11,"max_hp_gain":0,"max_hp_loss":0,"event_name":"World of Goop","floor":3,"gold_loss":0},{"damage_healed":0,"gold_gain":0,"player_choice":"Success","damage_taken":18,"relics_obtained":["Molten Egg 2"],"max_hp_gain":0,"max_hp_loss":0,"event_name":"Scrap Ooze","floor":5,"gold_loss":0},{"damage_healed":0,"gold_gain":0,"player_choice":"Read","damage_taken":0,"max_hp_gain":0,"max_hp_loss":0,"event_name":"The Library","floor":19,"gold_loss":0,"cards_obtained":["Tempest"]},{"cards_removed":["Defend_B"],"damage_healed":0,"gold_gain":0,"player_choice":"Elegance","damage_taken":0,"max_hp_gain":0,"max_hp_loss":0,"event_name":"Back to Basics","floor":24,"gold_loss":0},{"damage_healed":0,"gold_gain":0,"player_choice":"Inject Mutagens","damage_taken":0,"relics_obtained":["MutagenicStrength"],"max_hp_gain":0,"max_hp_loss":0,"event_name":"Drug Dealer","floor":30,"gold_loss":0}],"is_beta":false,"boss_relics":[{"not_picked":["Nuclear Battery","Orrery"],"picked":"Empty Cage"}],"items_purged_floors":[14,28],"is_endless":false,"potions_floor_spawned":[4,10,16,18,21,22,31],"killed_by":"Collector","ascension_level":0}