{"path_per_floor":["M","M","M","?","M","R","E","M","T","R","M","E","M","M","R","B",null,"M","M","M","?","M","E","R","E","T","M","M","?","$","?","R","B",null,"M","?","?"],"character_chosen":"THE_SILENT","items_purchased":["Toolbox","Sadistic Nature","PiercingWail"],"gold_per_floor":[119,132,149,149,160,160,187,207,207,207,221,250,267,282,282,384,384,394,361,372,372,385,419,419,447,447,465,485,485,2,2,2,105,105,124,124,124],"floor_reached":38,"campfire_rested":1,"playtime":7937,"current_hp_per_floor":[70,68,68,68,60,60,52,52,52,52,29,28,28,28,28,38,70,67,63,60,80,58,42,42,30,30,24,24,9,9,9,41,26,59,14,14,7],"items_purged":[],"gold":124,"score":506,"play_id":"f48c2a8b-b152-419f-a03d-dc6aa3950404","local_time":"20180318195434","is_prod":false,"is_daily":false,"is_ascension_mode":false,"campfire_upgraded":4,"timestamp":1521399274,"path_taken":["M","M","M","?","M","R","E","M","T","R","M","E","?","M","R","BOSS","M","M","M","?","M","E","R","E","T","?","M","?","$","?","R","BOSS","M","?","?","M"],"build_version":"2018-03-15v3","purchased_purges":0,"victory":false,"master_deck":["Defend_G","Defend_G","Defend_G","Defend_G","Defend_G","Survivor","Neutralize","Backflip","Noxious Fumes+1","Bane+1","Distraction+1","Blur","Footwork+1","Bane+1","Deadly Poison","Burst+1","Catalyst+1","Catalyst","Leg Sweep+1","Heel Hook+1","Deadly Poison","Backflip","Crippling Poison","Outmaneuver","Predator","Sadistic Nature+1","PiercingWail","Bite","Bite","Bite","Bite","Adrenaline","Malaise+1","Madness","Madness"],"max_hp_per_floor":[70,70,70,70,70,70,70,70,70,70,70,70,70,70,70,70,70,70,70,70,80,80,80,80,80,80,80,80,85,85,59,59,59,59,59,59,59],"relics":["Ring of the Snake","Regal Pillow","Frozen Egg 2","Calipers","Ornamental Fan","Black Star","Prayer Wheel","Orichalcum","Blood Vial","Bag of Preparation","Ginger","Toolbox","The Specimen"],"card_choices":[{"not_picked":["Deadly Poison","Deflect"],"picked":"Backflip"},{"not_picked":["Predator","Bane"],"picked":"Noxious Fumes"},{"not_picked":["Dagger Spray","Blade Dance"],"picked":"Bane"},{"not_picked":["Dodge and Roll","Cloak And Dagger"],"picked":"Distraction"},{"not_picked":["Flying Knee","Cloak And Dagger"],"picked":"Blur"},{"not_picked":["Deflect","Accuracy"],"picked":"Footwork"},{"not_picked":["Acrobatics","Backflip"],"picked":"Bane"},{"not_picked":["Expertise","Backflip"],"picked":"Die Die Die"},{"not_picked":["Underhanded Strike","Reflex"],"picked":"Deadly Poison"},{"not_picked":["Tactician","Doppelganger"],"picked":"Burst"},{"not_picked":["Prepared","Heel Hook"],"picked":"Catalyst"},{"not_picked":["Flying Knee","Choke"],"picked":"Catalyst"},{"not_picked":["Dagger Throw","Dodge and Roll"],"picked":"Leg Sweep"},{"not_picked":["Dagger Throw","Infinite Blades"],"picked":"Heel Hook"},{"not_picked":["Sucker Punch","Backflip"],"picked":"Deadly Poison"},{"not_picked":["Slice","Acrobatics"],"picked":"Backflip"},{"not_picked":["Bane","PiercingWail"],"picked":"Crippling Poison"},{"not_picked":["Eviscerate","Cloak And Dagger"],"picked":"Outmaneuver"},{"not_picked":["Tactician","Terror"],"picked":"Predator"},{"not_picked":["Tools of the Trade","Die Die Die"],"picked":"Adrenaline"},{"not_picked":["Underhanded Strike","Outmaneuver"],"picked":"Malaise"}],"player_experience":161099,"potions_floor_usage":[7,16,16,19,33,33],"damage_taken":[{"damage":0,"enemies":"2 Louse","floor":1,"turns":3},{"damage":2,"enemies":"Jaw Worm","floor":2,"turns":5},{"damage":0,"enemies":"Cultist","floor":3,"turns":4},{"damage":8,"enemies":"3 Louse","floor":5,"turns":3},{"damage":8,"enemies":"Lagavulin","floor":7,"turns":6},{"damage":0,"enemies":"Red Slaver","floor":8,"turns":5},{"damage":23,"enemies":"Lots of Slimes","floor":11,"turns":5},{"damage":1,"enemies":"3 Sentries","floor":12,"turns":8},{"damage":0,"enemies":"2 Fungi Beasts","floor":13,"turns":4},{"damage":0,"enemies":"Looter","floor":14,"turns":3},{"damage":5,"enemies":"Hexaghost","floor":16,"turns":7},{"damage":3,"enemies":"Shell Parasite","floor":18,"turns":7},{"damage":4,"enemies":"2 Thieves","floor":19,"turns":5},{"damage":3,"enemies":"Cultist and Chosen","floor":20,"turns":8},{"damage":22,"enemies":"Sentry and Sphere","floor":22,"turns":6},{"damage":16,"enemies":"Book of Stabbing","floor":23,"turns":6},{"damage":12,"enemies":"Gremlin Leader","floor":25,"turns":8},{"damage":8,"enemies":"Snecko","floor":27,"turns":6},{"damage":2,"enemies":"Snake Plant","floor":28,"turns":9},{"damage":21,"enemies":"Champ","floor":33,"turns":10},{"damage":61,"enemies":"3 Darklings","floor":35,"turns":8},{"damage":30,"enemies":"3 Shapes","floor":38,"turns":4}],"event_choices":[{"event_name":"Living Wall","player_choice":"Grow","floor":4,"damage_taken":0},{"event_name":"Bonfire Elementals","player_choice":"RARE","floor":21,"damage_taken":0},{"event_name":"Forgotten Altar","player_choice":"Shed Blood","floor":29,"damage_taken":0},{"event_name":"Vampires","player_choice":"Became a vampire","floor":31,"damage_taken":0},{"event_name":"Winding Halls","player_choice":"Embrace Madness","floor":37,"damage_taken":0}],"boss_relics":[{"not_picked":["Pandora\u0027s Box","Astrolabe"],"picked":"Black Star"},{"not_picked":["Philosopher\u0027s Stone","Eternal Feather"],"picked":"The Specimen"}],"potions_floor_spawned":[3,11,12,13,14,16,18,23,27,28],"seed_played":"3932329388127497629","killed_by":"3 Shapes","ascension_level":0,"is_trial":false}