{"gold_per_floor":[18,30,30,45,63,39,39,66,66,66,86,86,97,108,108,205,205,216,230,230,8,23,23,51,69,146,146,146,146,146,146,146,146],"floor_reached":33,"playtime":1568,"items_purged":[],"score":439,"play_id":"f7f46e0c-c319-4347-95f0-3096823bcd07","local_time":"20181004150627","is_ascension_mode":true,"campfire_choices":[{"data":"Beam Cell","floor":7,"key":"SMITH"},{"data":"Defragment","floor":10,"key":"SMITH"},{"data":"Zap","floor":12,"key":"SMITH"},{"floor":15,"key":"REST"},{"data":"Coolheaded","floor":23,"key":"SMITH"},{"floor":27,"key":"REST"},{"data":"Chill","floor":30,"key":"SMITH"},{"data":"Streamline","floor":32,"key":"SMITH"}],"neow_cost":"NO_GOLD","seed_source_timestamp":16942279569402,"circlet_count":0,"master_deck":["Strike_B","Strike_B","Strike_B","Defend_B","Defend_B","Defend_B","Defend_B","Zap+1","Dualcast","AscendersBane","Defragment+1","Conserve Battery","Beam Cell+1","Gash","Streamline+1","Chill+1","Coolheaded+1","Steam","Gash","Echo Form","Sweeping Beam","Redo+1","Go for the Eyes","Leap","Barrage","Tempest","Clumsy"],"relics":["Cracked Core","Pear","Pantograph","Cursed Key","Oddly Smooth Stone","Matryoshka","Bag of Marbles","Bottled Tornado","MutagenicStrength"],"potions_floor_usage":[16,18,24,24,25,33,33],"damage_taken":[{"damage":1,"enemies":"2 Louse","floor":1,"turns":3},{"damage":8,"enemies":"Jaw Worm","floor":2,"turns":4},{"damage":1,"enemies":"Cultist","floor":4,"turns":3},{"damage":11,"enemies":"Blue Slaver","floor":5,"turns":4},{"damage":28,"enemies":"3 Sentries","floor":8,"turns":7},{"damage":2,"enemies":"Exordium Wildlife","floor":11,"turns":5},{"damage":3,"enemies":"Large Slime","floor":13,"turns":7},{"damage":3,"enemies":"Lots of Slimes","floor":14,"turns":6},{"damage":12,"enemies":"The Guardian","floor":16,"turns":10},{"damage":8,"enemies":"3 Byrds","floor":18,"turns":5},{"damage":17,"enemies":"Shell Parasite","floor":19,"turns":6},{"damage":8,"enemies":"Snecko","floor":22,"turns":6},{"damage":23,"enemies":"Gremlin Leader","floor":24,"turns":10},{"damage":14,"enemies":"3 Cultists","floor":25,"turns":6},{"damage":79,"enemies":"Collector","floor":33,"turns":9}],"seed_played":"-8663736907178943920","potions_obtained":[{"floor":1,"key":"Weak Potion"},{"floor":11,"key":"Poison Potion"},{"floor":14,"key":"Block Potion"},{"floor":16,"key":"Poison Potion"},{"floor":22,"key":"AttackPotion"},{"floor":24,"key":"Explosive Potion"},{"floor":25,"key":"Swift Potion"},{"floor":28,"key":"AttackPotion"}],"is_trial":false,"path_per_floor":["M","M","?","M","M","$","R","E","T","R","M","R","M","M","R","B",null,"M","M","?","$","M","R","E","M","T","R","?","?","R","?","R"],"character_chosen":"DEFECT","items_purchased":["Streamline","Oddly Smooth Stone","Go for the Eyes","Leap"],"campfire_rested":2,"item_purchase_floors":[6,21,21,21],"current_hp_per_floor":[81,73,73,72,61,61,61,43,43,43,41,41,38,35,64,77,94,86,69,69,69,61,61,38,24,24,53,53,53,53,53,53,0],"gold":146,"neow_bonus":"TWENTY_PERCENT_HP_BONUS","is_prod":false,"is_daily":false,"chose_seed":false,"campfire_upgraded":6,"win_rate":0,"timestamp":1538658387,"path_taken":["M","M","?","M","M","$","R","E","T","R","M","R","?","M","R","BOSS","M","M","?","$","?","R","E","M","T","R","?","?","R","?","R","BOSS"],"build_version":"2018-09-27","purchased_purges":0,"victory":false,"max_hp_per_floor":[89,89,89,89,89,89,89,99,99,99,99,99,99,99,99,99,99,99,99,99,99,99,99,99,99,99,99,99,99,99,99,99,99],"card_choices":[{"not_picked":["Barrage","Steam"],"picked":"Defragment","floor":1},{"not_picked":["Hologram","Gash"],"picked":"Conserve Battery","floor":2},{"not_picked":["Compile Driver","Melter"],"picked":"Beam Cell","floor":4},{"not_picked":["Double Energy","Machine Learning"],"picked":"Gash","floor":5},{"not_picked":["Tempest","Skim"],"picked":"Chill","floor":8},{"not_picked":["FTL","Lockon"],"picked":"Coolheaded","floor":11},{"not_picked":["Fusion","Beam Cell"],"picked":"Steam","floor":13},{"not_picked":["FTL","Turbo"],"picked":"Gash","floor":14},{"not_picked":["Multi-Cast","Reboot"],"picked":"Echo Form","floor":16},{"not_picked":["Leap","Steam"],"picked":"Sweeping Beam","floor":18},{"not_picked":["Capacitor+1","Gash"],"picked":"Redo+1","floor":19},{"not_picked":["Undo","Leap"],"picked":"Barrage","floor":22},{"not_picked":["Turbo+1","Conserve Battery+1"],"picked":"Tempest","floor":24},{"not_picked":["Reinforced Body+1","Redo","Fusion"],"picked":"SKIP","floor":25}],"player_experience":821374,"relics_obtained":[{"floor":8,"key":"Pear"},{"floor":9,"key":"Pantograph"},{"floor":24,"key":"Matryoshka"},{"floor":26,"key":"Bag of Marbles"},{"floor":26,"key":"Bottled Tornado"}],"event_choices":[{"event_name":"The Cleric","player_choice":"Leave","floor":3,"damage_taken":0},{"event_name":"Back to Basics","player_choice":"Elegance","floor":20,"damage_taken":0},{"event_name":"The Lab","player_choice":"Got Potions","floor":28,"damage_taken":0},{"event_name":"Drug Dealer","player_choice":"Inject Mutagens","floor":29,"damage_taken":0},{"event_name":"Transmorgrifier","player_choice":"Transform","floor":31,"damage_taken":0}],"is_beta":false,"boss_relics":[{"not_picked":["Lizard Tail","Inserter"],"picked":"Cursed Key"}],"items_purged_floors":[],"is_endless":false,"potions_floor_spawned":[1,11,13,14,16,22,24,25],"killed_by":"Collector","ascension_level":11}