{"gold_per_floor":[113,4,4,21,34,34,60,60,60,71,48,48,66,77,77,181,181,195,195,23,34,34,34,34],"floor_reached":24,"playtime":3769,"items_purged":["Strike_B","Strike_B"],"score":196,"play_id":"c5e2e349-9ca7-4450-8193-ec9aac6d2f7c","local_time":"20190130203642","is_ascension_mode":false,"campfire_choices":[{"data":"Streamline","floor":6,"key":"SMITH"},{"data":"Loop","floor":8,"key":"SMITH"},{"data":"Redo","floor":12,"key":"SMITH"},{"data":"Hello World","floor":15,"key":"SMITH"},{"data":"Self Repair","floor":23,"key":"SMITH"}],"neow_cost":"NONE","seed_source_timestamp":0,"circlet_count":0,"master_deck":["Strike_B","Defend_B","Defend_B","Defend_B","Zap","Dualcast","Madness","Self Repair+1","Hello World+1","Streamline+1","Loop+1","Sweeping Beam","Redo+1","Hologram","Multi-Cast","Coolheaded","Writhe","Capacitor","Fusion","Loop+1"],"special_seed":0,"relics":["Cracked Core","Ginger","Pantograph","Empty Cage","Boot"],"potions_floor_usage":[5,16,16,24],"damage_taken":[{"damage":5,"enemies":"Small Slimes","floor":1,"turns":4},{"damage":2,"enemies":"Cultist","floor":4,"turns":4},{"damage":6,"enemies":"Jaw Worm","floor":5,"turns":4},{"damage":22,"enemies":"Gremlin Nob","floor":7,"turns":5},{"damage":10,"enemies":"Looter","floor":10,"turns":3},{"damage":19,"enemies":"Gremlin Gang","floor":13,"turns":4},{"damage":18,"enemies":"Exordium Thugs","floor":14,"turns":4},{"damage":36,"enemies":"Slime Boss","floor":16,"turns":7},{"damage":49,"enemies":"2 Thieves","floor":18,"turns":4},{"damage":12,"enemies":"Chosen","floor":21,"turns":6},{"damage":22,"enemies":"Snake Plant","floor":24,"turns":4}],"seed_played":"-7675943650800235620","potions_obtained":[{"floor":1,"key":"Explosive Potion"},{"floor":4,"key":"PowerPotion"},{"floor":13,"key":"Regen Potion"},{"floor":14,"key":"Weak Potion"}],"is_trial":false,"path_per_floor":["M","$","?","M","M","R","E","R","T","M","$","R","M","M","R","B",null,"M","?","$","M","?","R","M"],"character_chosen":"DEFECT","items_purchased":["Hello World","Redo","Capacitor"],"campfire_rested":0,"item_purchase_floors":[2,11,20],"current_hp_per_floor":[70,70,70,75,75,75,60,60,60,50,50,50,38,20,20,31,75,33,33,33,21,21,21,0],"gold":34,"neow_bonus":"RANDOM_COLORLESS","is_prod":false,"is_daily":false,"chose_seed":false,"campfire_upgraded":5,"win_rate":0,"timestamp":1548880602,"path_taken":["M","$","?","M","M","R","E","R","T","M","?","R","M","M","R","BOSS","M","?","$","M","?","R","M"],"build_version":"2019-01-23","purchased_purges":2,"victory":false,"max_hp_per_floor":[75,75,75,75,75,75,75,75,75,75,75,75,75,75,75,75,75,75,75,75,75,75,75,75],"card_choices":[{"not_picked":["Rebound","Hologram"],"picked":"Self Repair","floor":1},{"not_picked":["Heatsinks","Darkness"],"picked":"Streamline","floor":4},{"not_picked":["Stack","Scrape","Conserve Battery"],"picked":"SKIP","floor":5},{"not_picked":["Skim","Barrage"],"picked":"Loop","floor":7},{"not_picked":["Chill","Gash"],"picked":"Sweeping Beam","floor":10},{"not_picked":["Coolheaded","Steam Power"],"picked":"Hologram","floor":13},{"not_picked":["Chill","Gash","Consume"],"picked":"SKIP","floor":14},{"not_picked":["Reboot","Hyperbeam"],"picked":"Multi-Cast","floor":16},{"not_picked":["Beam Cell","Rebound"],"picked":"Coolheaded","floor":18},{"not_picked":["Chaos","Conserve Battery"],"picked":"Fusion","floor":21}],"player_experience":260435,"relics_obtained":[{"floor":7,"key":"Ginger"},{"floor":9,"key":"Pantograph"}],"event_choices":[{"damage_healed":0,"gold_gain":0,"player_choice":"0 cards matched","damage_taken":0,"max_hp_gain":0,"max_hp_loss":0,"event_name":"Match and Keep!","floor":3,"gold_loss":0,"cards_obtained":[]},{"damage_healed":0,"gold_gain":0,"player_choice":"Opened","damage_taken":0,"relics_obtained":["Boot"],"max_hp_gain":0,"max_hp_loss":0,"event_name":"The Mausoleum","floor":19,"gold_loss":0,"cards_obtained":["Writhe"]},{"damage_healed":0,"gold_gain":0,"player_choice":"Copied","damage_taken":0,"max_hp_gain":0,"max_hp_loss":0,"event_name":"Duplicator","floor":22,"gold_loss":0,"cards_obtained":["Loop"]}],"is_beta":false,"boss_relics":[{"not_picked":["Runic Dome","Cursed Key"],"picked":"Empty Cage"}],"items_purged_floors":[2,20],"is_endless":false,"potions_floor_spawned":[1,4,13,14],"killed_by":"Snake Plant","ascension_level":0}