{"path_per_floor":["M","M","?","?","T","E","R","M","T","M","T","M","M","M","R","B",null,"M","?","?","?","M","E","M","R","T","$","?","M","?","M","R","B",null,"M","M","?","?","?","R","M","M","T","M","M","?"],"character_chosen":"DEFECT","items_purchased":["Capacitor","Bronze Scales"],"gold_per_floor":[116,135,135,135,135,170,170,181,258,275,275,286,300,316,316,418,418,428,428,428,458,470,498,511,511,593,345,345,360,360,378,378,476,476,496,512,512,512,512,512,531,544,568,581,599,599,599],"floor_reached":47,"campfire_rested":0,"playtime":2138,"current_hp_per_floor":[75,75,60,60,60,60,60,60,60,59,59,50,50,48,48,55,75,75,75,75,65,69,37,39,39,39,39,39,46,46,47,47,62,75,74,75,75,75,75,75,44,29,29,36,9,9,0],"items_purged":["Defend_B"],"gold":599,"score":501,"play_id":"ca41bec9-cbac-4390-a4aa-791c83fac146","local_time":"20180509154954","is_prod":false,"is_daily":false,"chose_seed":false,"is_ascension_mode":false,"campfire_upgraded":5,"timestamp":1525873794,"path_taken":["M","?","?","?","?","E","R","M","T","M","?","M","M","?","R","BOSS","M","?","?","?","M","E","?","R","T","$","?","M","?","?","R","BOSS","M","?","?","?","?","R","M","M","T","M","M","?","?"],"build_version":"2018-05-08","seed_source_timestamp":17865996680015,"purchased_purges":1,"victory":false,"master_deck":["Strike_B+1","Strike_B+1","Strike_B+1","Strike_B+1","Defend_B+1","Defend_B+1","Zap","Dualcast+1","Rip and Tear+1","Tempest+1","Double Energy+1","Self Repair","Amplify","Redo+1","Buffer+1","Doom and Gloom","Capacitor","Writhe","Defragment+1","Writhe","Reprogram+1","Undo+1"],"max_hp_per_floor":[75,75,75,75,75,75,75,75,75,75,75,75,75,75,75,75,75,75,75,75,75,75,75,75,75,75,75,75,75,75,75,75,75,75,75,75,75,75,75,75,75,75,75,75,75,75,75],"relics":["Cracked Core","NeowsBlessing","Mummified Hand","Bottled Lightning","Girya","Pantograph","Orichalcum","Sozu","Red Mask","Whetstone","Ornamental Fan","Bronze Scales","Question Card","Runic Dome","Bag of Preparation"],"card_choices":[{"not_picked":["Skim","Loop"],"picked":"Rip and Tear","floor":1.0},{"not_picked":["Go for the Eyes","Barrage"],"picked":"Tempest","floor":2.0},{"not_picked":["All For One","Glacier"],"picked":"Double Energy","floor":6.0},{"not_picked":["Cold Snap","Aggregate"],"picked":"Self Repair","floor":14.0},{"not_picked":["Multi-Cast","Reboot"],"picked":"Amplify","floor":16.0},{"not_picked":["Barrage","Turbo"],"picked":"Redo","floor":21.0},{"not_picked":["Go for the Eyes","Beam Cell"],"picked":"Buffer","floor":23.0},{"not_picked":["Coolheaded","Chill"],"picked":"Doom and Gloom","floor":24},{"not_picked":["Sweeping Beam","Heatsinks","Skim"],"picked":"Defragment","floor":31},{"not_picked":["Hologram","Axe Kick","Consume"],"picked":"Reprogram","floor":44},{"not_picked":["Ball Lightning","Go for the Eyes","White Noise"],"picked":"Undo","floor":45}],"player_experience":15030,"potions_floor_usage":[],"damage_taken":[{"damage":0.0,"enemies":"Cultist","floor":1.0,"turns":1.0},{"damage":0.0,"enemies":"Jaw Worm","floor":2.0,"turns":1.0},{"damage":0.0,"enemies":"Gremlin Nob","floor":6.0,"turns":1.0},{"damage":0.0,"enemies":"Small Slimes","floor":8.0,"turns":2.0},{"damage":1.0,"enemies":"Exordium Thugs","floor":10.0,"turns":3.0},{"damage":9.0,"enemies":"3 Louse","floor":12.0,"turns":3.0},{"damage":0.0,"enemies":"Blue Slaver","floor":13.0,"turns":2.0},{"damage":2.0,"enemies":"Looter","floor":14.0,"turns":3.0},{"damage":25.0,"enemies":"Slime Boss","floor":16.0,"turns":9.0},{"damage":10.0,"enemies":"Shell Parasite","floor":18.0,"turns":5.0},{"damage":24.0,"enemies":"Masked Bandits","floor":21.0,"turns":5.0},{"damage":10.0,"enemies":"2 Thieves","floor":22.0,"turns":3.0},{"damage":46.0,"enemies":"Slavers","floor":23.0,"turns":5.0},{"damage":12,"enemies":"Centurion and Healer","floor":24,"turns":8},{"damage":0,"enemies":"Snecko","floor":29,"turns":5},{"damage":13,"enemies":"Slaver and Parasite","floor":31,"turns":4},{"damage":17,"enemies":"Champ","floor":33,"turns":8},{"damage":1,"enemies":"3 Darklings","floor":35,"turns":3},{"damage":6,"enemies":"Flame Bruiser 1 Orb","floor":36,"turns":7},{"damage":38,"enemies":"Spire Growth","floor":41,"turns":4},{"damage":22,"enemies":"Sphere and 2 Shapes","floor":42,"turns":4},{"damage":0,"enemies":"Flame Bruiser 2 Orb","floor":44,"turns":6},{"damage":34,"enemies":"3 Darklings","floor":45,"turns":4},{"damage":13,"enemies":"4 Shapes","floor":47,"turns":1}],"event_choices":[{"event_name":"Shining Light","player_choice":"Entered Light","floor":3.0,"damage_taken":0.0},{"event_name":"Accursed Blacksmith","player_choice":"Rummage","floor":4.0,"damage_taken":0.0},{"event_name":"Back to Basics","player_choice":"Simplicity","floor":19.0,"damage_taken":0.0},{"event_name":"Ghosts","player_choice":"Ignored","floor":20.0,"damage_taken":0.0},{"event_name":"Masked Bandits","player_choice":"Fought over 428 gold","floor":21.0,"damage_taken":0.0},{"event_name":"Cursed Tome","player_choice":"Ignored","floor":28,"damage_taken":0},{"event_name":"The Mausoleum","player_choice":"Yes","floor":30,"damage_taken":0},{"event_name":"SensoryStone","player_choice":"Memory 1","floor":38,"damage_taken":0},{"event_name":"Winding Halls","player_choice":"Writhe","floor":39,"damage_taken":0},{"event_name":"Transmorgrifier","player_choice":"Skipped","floor":46,"damage_taken":0}],"boss_relics":[{"not_picked":["Snecko Eye","White Beast Statue"],"picked":"Runic Dome"}],"potions_floor_spawned":[1,8,10,13,14,16,21,22,24,33,35,42,45],"seed_played":"-7935833329500716811","killed_by":"4 Shapes","ascension_level":0,"is_trial":false}