{"gold_per_floor":[113,113,130,147,147,147,163,163,163,163,183,198,198,373,373,501,501,524,28,46,0,25,25,63,63,90,90,125,125],"floor_reached":29,"playtime":1599,"items_purged":["Defend_B"],"score":253,"play_id":"14dec58d-faf9-4be6-b61f-09e38236340c","local_time":"20181020163539","is_ascension_mode":false,"campfire_choices":[{"data":"Dualcast","floor":6,"key":"SMITH"},{"data":"Storm","floor":8,"key":"SMITH"},{"data":"Ball Lightning","floor":10,"key":"SMITH"},{"data":"Blizzard","floor":13,"key":"SMITH"},{"data":"Zap","floor":15,"key":"SMITH"},{"floor":23,"key":"REST"},{"floor":25,"key":"REST"},{"floor":27,"key":"REST"}],"neow_cost":"NONE","seed_source_timestamp":773103829805835,"circlet_count":0,"master_deck":["Strike_B","Defend_B","Defend_B","Defend_B","Zap+1","Dualcast+1","Ball Lightning+1","Genetic Algorithm","Blizzard+1","Storm+1","Cold Snap+1","Sweeping Beam+1","Doubt","Core Surge+1","Coolheaded+1","Heatsinks","Melter+1","Conserve Battery","Coolheaded+1","Compile Driver+1","Loop","Creative AI"],"relics":["Cracked Core","Potion Belt","Golden Idol","Molten Egg 2","Empty Cage","Bottled Flame","Kunai","PreservedInsect","Boot"],"potions_floor_usage":[7,24,24,29],"damage_taken":[{"damage":2,"enemies":"Small Slimes","floor":1,"turns":3},{"damage":1,"enemies":"Jaw Worm","floor":3,"turns":3},{"damage":0,"enemies":"2 Louse","floor":4,"turns":2},{"damage":10,"enemies":"Exordium Thugs","floor":7,"turns":3},{"damage":1,"enemies":"Large Slime","floor":11,"turns":3},{"damage":9,"enemies":"3 Louse","floor":12,"turns":3},{"damage":17,"enemies":"Slime Boss","floor":16,"turns":9},{"damage":8,"enemies":"Chosen","floor":18,"turns":4},{"damage":11,"enemies":"Shell Parasite","floor":20,"turns":5},{"damage":24,"enemies":"Centurion and Healer","floor":22,"turns":5},{"damage":44,"enemies":"Slavers","floor":24,"turns":6},{"damage":31,"enemies":"Gremlin Leader","floor":28,"turns":5},{"damage":9,"enemies":"Cultist and Chosen","floor":29,"turns":4}],"seed_played":"7339198217814074093","potions_obtained":[{"floor":1,"key":"FearPotion"},{"floor":11,"key":"SpeedPotion"},{"floor":20,"key":"Swift Potion"},{"floor":22,"key":"LiquidBronze"},{"floor":28,"key":"Swift Potion"}],"is_trial":false,"path_per_floor":["M","?","M","M","?","R","M","R","T","R","M","M","R","?","R","B",null,"M","$","M","?","M","R","E","R","T","R","E"],"character_chosen":"DEFECT","items_purchased":["Bottled Flame","Heatsinks","Melter+1","Conserve Battery"],"campfire_rested":3,"item_purchase_floors":[19,19,19,19],"current_hp_per_floor":[73,66,65,65,65,65,55,55,55,55,54,45,45,45,45,28,69,61,61,50,50,26,46,2,22,22,42,11,2],"gold":125,"neow_bonus":"RANDOM_COMMON_RELIC","is_prod":false,"is_daily":false,"chose_seed":false,"campfire_upgraded":5,"win_rate":0.0,"timestamp":1540006539,"path_taken":["M","?","M","M","?","R","M","R","T","R","M","?","R","?","R","BOSS","M","$","M","?","M","R","E","R","T","R","E","M"],"build_version":"2018-10-18","purchased_purges":1,"victory":false,"max_hp_per_floor":[75,75,75,75,69,69,69,69,69,69,69,69,69,69,69,69,69,69,69,69,69,69,69,69,69,69,69,69,69],"card_choices":[{"not_picked":["Heatsinks","Streamline"],"picked":"Ball Lightning","floor":1},{"not_picked":["Compile Driver","Ball Lightning"],"picked":"Genetic Algorithm","floor":3},{"not_picked":["Sweeping Beam","Multi-Cast"],"picked":"Blizzard","floor":4},{"not_picked":["Barrage","Conserve Battery"],"picked":"Storm","floor":7},{"not_picked":["Redo","Coolheaded"],"picked":"Cold Snap+1","floor":11},{"not_picked":["Coolheaded","Barrage+1"],"picked":"Sweeping Beam+1","floor":12},{"not_picked":["All For One+1","Meteor Strike+1"],"picked":"Core Surge+1","floor":16},{"not_picked":["Streamline+1","Undo+1"],"picked":"Coolheaded+1","floor":18},{"not_picked":["Double Energy","Storm"],"picked":"Coolheaded+1","floor":20},{"not_picked":["Hologram","Leap"],"picked":"Compile Driver+1","floor":22},{"not_picked":["Ball Lightning+1","Conserve Battery"],"picked":"Loop","floor":24},{"not_picked":["Rebound+1","Coolheaded"],"picked":"Creative AI","floor":28}],"player_experience":128873,"relics_obtained":[{"floor":9,"key":"Molten Egg 2"},{"floor":24,"key":"Kunai"},{"floor":26,"key":"PreservedInsect"},{"floor":28,"key":"Boot"}],"event_choices":[{"cards_removed":["Strike_B"],"damage_healed":0,"gold_gain":0,"player_choice":"Card Removal","damage_taken":7,"max_hp_gain":0,"max_hp_loss":0,"event_name":"Golden Wing","floor":2,"gold_loss":0},{"damage_healed":0,"gold_gain":0,"player_choice":"Lose Max HP","damage_taken":0,"relics_obtained":["Golden Idol"],"max_hp_gain":0,"max_hp_loss":6,"event_name":"Golden Idol","floor":5,"gold_loss":0},{"damage_healed":0,"gold_gain":175,"player_choice":"AGREE","damage_taken":0,"max_hp_gain":0,"max_hp_loss":0,"event_name":"Liars Game","floor":14,"gold_loss":0,"cards_obtained":["Doubt"]},{"damage_healed":0,"gold_gain":0,"player_choice":"Paid Fearfully","damage_taken":0,"max_hp_gain":0,"max_hp_loss":0,"event_name":"Masked Bandits","floor":21,"gold_loss":46}],"is_beta":false,"boss_relics":[{"not_picked":["Runic Pyramid","Sozu"],"picked":"Empty Cage"}],"items_purged_floors":[19],"is_endless":false,"potions_floor_spawned":[1,11,20,22,28],"killed_by":"Cultist and Chosen","ascension_level":0}