{"gold_per_floor":[119,131,131,142,152,152,152,51,78,109,10,10,20,39,39,135,135,135,135,90,90,90,90,90,90,90,90,90,90,5,0,0,0,0,0,0,0,0,0,0,0,0,0,0,0,0,0,0,0,0],"floor_reached":51,"playtime":2811,"items_purged":["Strike_G"],"score":916,"play_id":"11879936-e1ff-466c-b511-74671b432745","local_time":"20180923194448","is_ascension_mode":true,"campfire_choices":[{"data":"Noxious Fumes","floor":6.0,"key":"SMITH"},{"floor":12.0,"key":"REST"},{"data":"Bane","floor":15.0,"key":"SMITH"},{"data":"Footwork","floor":23.0,"key":"SMITH"},{"data":"Bouncing Flask","floor":27.0,"key":"SMITH"},{"floor":32.0,"key":"REST"},{"floor":40,"key":"REST"},{"data":"Burst","floor":42,"key":"SMITH"},{"floor":46,"key":"REST"},{"data":"Mayhem","floor":49,"key":"SMITH"}],"neow_cost":"NONE","seed_source_timestamp":0,"circlet_count":0,"master_deck":["Defend_G+1","Defend_G+1","Defend_G+1","Defend_G+1","Defend_G+1","Strike_G+1","Strike_G+1","Strike_G+1","Survivor+1","Neutralize+1","Noxious Fumes+1","Catalyst+1","Dodge and Roll+1","Footwork+1","Backflip+1","Cloak And Dagger+1","Bane+1","Backstab+1","Leg Sweep+1","Footwork+1","Corpse Explosion+1","Escape Plan+1","Burst+1","Flechettes+1","Crippling Poison+1","Deflect+1","Distraction+1","Bouncing Flask+1","Blur+1","Deadly Poison+1","Mayhem+1"],"special_seed":0,"relics":["Ring of the Serpent","Dream Catcher","Whetstone","Happy Flower","Ectoplasm","Potion Belt","Pear","Red Mask","Blue Candle","Shuriken","Mark of the Bloom"],"potions_floor_usage":[41,50,50],"damage_taken":[{"damage":6.0,"enemies":"Jaw Worm","floor":1.0,"turns":8.0},{"damage":1.0,"enemies":"2 Louse","floor":2.0,"turns":3.0},{"damage":4.0,"enemies":"Small Slimes","floor":4.0,"turns":4.0},{"damage":0.0,"enemies":"Red Slaver","floor":5.0,"turns":5.0},{"damage":2.0,"enemies":"Lagavulin","floor":10.0,"turns":6.0},{"damage":0.0,"enemies":"Large Slime","floor":13.0,"turns":6.0},{"damage":0.0,"enemies":"Exordium Thugs","floor":14.0,"turns":6.0},{"damage":34.0,"enemies":"Slime Boss","floor":16.0,"turns":11.0},{"damage":0.0,"enemies":"Chosen","floor":18.0,"turns":5.0},{"damage":9.0,"enemies":"2 Thieves","floor":20.0,"turns":5.0},{"damage":2.0,"enemies":"Centurion and Healer","floor":21.0,"turns":5.0},{"damage":0.0,"enemies":"Cultist and Chosen","floor":22.0,"turns":3.0},{"damage":0.0,"enemies":"Shelled Parasite and Fungi","floor":24.0,"turns":4.0},{"damage":3.0,"enemies":"Snake Plant","floor":25.0,"turns":3.0},{"damage":5.0,"enemies":"Cultist and Chosen","floor":28.0,"turns":4.0},{"damage":13.0,"enemies":"Snecko","floor":29.0,"turns":5.0},{"damage":15.0,"enemies":"Champ","floor":33.0,"turns":7.0},{"damage":1.0,"enemies":"Orb Walker","floor":35.0,"turns":4.0},{"damage":12.0,"enemies":"3 Darklings","floor":37.0,"turns":6.0},{"damage":10.0,"enemies":"Maw","floor":38.0,"turns":7.0},{"damage":2,"enemies":"Maw","floor":39,"turns":7},{"damage":11,"enemies":"Nemesis","floor":41,"turns":7},{"damage":0,"enemies":"Transient","floor":44,"turns":5},{"damage":0,"enemies":"3 Darklings","floor":47,"turns":4},{"damage":36,"enemies":"Awakened One","floor":50,"turns":13}],"seed_played":"5229896536892494057","potions_obtained":[{"floor":4.0,"key":"Swift Potion"},{"floor":13.0,"key":"SteroidPotion"},{"floor":14.0,"key":"Swift Potion"},{"floor":16.0,"key":"Fire Potion"},{"floor":22.0,"key":"Poison Potion"},{"floor":24.0,"key":"Fire Potion"},{"floor":29.0,"key":"Dexterity Potion"},{"floor":35.0,"key":"EssenceOfSteel"},{"floor":41,"key":"EssenceOfSteel"}],"is_trial":false,"path_per_floor":["M","M","?","M","M","R","?","$","T","E","$","R","M","M","R","B",null,"M","?","M","M","M","R","M","M","T","R","M","M","?","?","R","B",null,"M","?","M","$","M","R","E","R","T","M","?","R","M","?","R","B"],"character_chosen":"THE_SILENT","items_purchased":["Footwork","Backflip","Bane"],"campfire_rested":4,"item_purchase_floors":[8,8,11],"current_hp_per_floor":[57,56,38,34,34,34,34,34,34,32,32,53,53,53,53,19,57,57,57,48,46,46,46,46,43,43,43,38,25,35,35,59,44,71,70,70,58,48,46,70,59,59,59,59,59,59,59,59,59,23],"gold":0,"neow_bonus":"REMOVE_CARD","is_prod":false,"is_daily":false,"chose_seed":false,"campfire_upgraded":6,"win_rate":0,"timestamp":1537724688,"path_taken":["M","M","?","?","M","R","?","$","T","E","$","R","?","M","R","BOSS","M","?","M","M","M","R","M","M","T","R","M","?","?","?","R","BOSS","M","?","M","?","M","R","E","R","T","M","?","R","M","?","R","BOSS"],"build_version":"2018-09-20","purchased_purges":1,"victory":true,"max_hp_per_floor":[70,70,70,70,70,70,70,70,70,70,70,70,70,70,70,70,70,70,70,70,70,70,70,70,70,70,70,70,70,80,80,80,80,80,80,80,80,80,80,80,80,80,80,80,80,80,80,80,80,80],"card_choices":[{"not_picked":["Prepared","Sucker Punch"],"picked":"Noxious Fumes","floor":1.0},{"not_picked":["Deflect","Finisher"],"picked":"Catalyst","floor":2.0},{"not_picked":["Choke","Cloak And Dagger"],"picked":"Dodge and Roll","floor":4.0},{"not_picked":["Prepared","Dagger Spray","Concentrate"],"picked":"SKIP","floor":5.0},{"not_picked":["All Out Attack","Backflip"],"picked":"Cloak And Dagger","floor":10.0},{"not_picked":["Acrobatics","Outmaneuver"],"picked":"Backstab","floor":12.0},{"not_picked":["Concentrate","A Thousand Cuts"],"picked":"Leg Sweep","floor":13.0},{"not_picked":["Sucker Punch","Leg Sweep"],"picked":"Footwork","floor":14.0},{"not_picked":["Envenom","Night Terror"],"picked":"Corpse Explosion","floor":16.0},{"not_picked":["Dagger Spray","Dodge and Roll"],"picked":"Escape Plan","floor":18.0},{"not_picked":["Backflip","Outmaneuver+1"],"picked":"Crippling Poison+1","floor":20.0},{"not_picked":["Reflex","Bane+1"],"picked":"Deflect","floor":21.0},{"not_picked":["Flying Knee+1","Setup+1"],"picked":"Distraction+1","floor":22.0},{"not_picked":["Flying Knee+1","Bane"],"picked":"Bouncing Flask","floor":24.0},{"not_picked":["Prepared+1","Sucker Punch","Poisoned Stab"],"picked":"SKIP","floor":25.0},{"not_picked":["Doppelganger","Flying Knee","Blade Dance+1"],"picked":"SKIP","floor":28.0},{"not_picked":["Dagger Spray","Cloak And Dagger","Riddle With Holes+1"],"picked":"SKIP","floor":29.0},{"not_picked":["Distraction+1","Crippling Poison","Choke+1"],"picked":"SKIP","floor":35.0},{"not_picked":["Underhanded Strike","Cloak And Dagger","Quick Slash"],"picked":"SKIP","floor":37.0},{"not_picked":["Outmaneuver","Poisoned Stab"],"picked":"Blur","floor":39},{"not_picked":["Skewer+1","Riddle With Holes+1","Dagger Throw+1"],"picked":"SKIP","floor":41},{"not_picked":["Choke+1","Predator","Outmaneuver"],"picked":"SKIP","floor":44},{"not_picked":["Backflip+1","Quick Slash+1"],"picked":"Deadly Poison+1","floor":46},{"not_picked":["All Out Attack+1","Setup","Expertise+1"],"picked":"SKIP","floor":47},{"not_picked":["Deep Breath","Impatience"],"picked":"Mayhem","floor":48}],"player_experience":636765,"relics_obtained":[{"floor":9.0,"key":"Whetstone"},{"floor":10.0,"key":"Happy Flower"},{"floor":26.0,"key":"Potion Belt"},{"floor":41,"key":"Blue Candle"},{"floor":43,"key":"Shuriken"}],"event_choices":[{"event_name":"Scrap Ooze","player_choice":"success","floor":3.0,"damage_taken":18.0},{"event_name":"Accursed Blacksmith","player_choice":"Forge","floor":7.0,"damage_taken":0.0},{"event_name":"Match and Keep!","player_choice":"2 cards matched","floor":19.0,"damage_taken":0.0},{"event_name":"Addict","player_choice":"Obtained Relic","floor":30.0,"damage_taken":0.0},{"event_name":"Masked Bandits","player_choice":"Paid Fearfully","floor":31.0,"damage_taken":0.0},{"event_name":"Tomb of Lord Red Mask","player_choice":"Paid","floor":36.0,"damage_taken":0.0},{"event_name":"MindBloom","player_choice":"Upgrade","floor":45,"damage_taken":0},{"event_name":"SensoryStone","player_choice":"Memory 1","floor":48,"damage_taken":0}],"is_beta":false,"boss_relics":[{"not_picked":["Runic Pyramid","White Beast Statue"],"picked":"Ectoplasm"},{"not_picked":["Runic Dome","Black Star"],"picked":"Ring of the Serpent"}],"items_purged_floors":[11],"is_endless":false,"potions_floor_spawned":[4,13,14,16,22,24,29,35,41],"ascension_level":7}