{"path_per_floor":["M","?","M","M","?","R","E","R","T","M","R","E","M","M","R","B",null,"M","?","M","M","?","R","M","R","T","$","M","$","?","M","R","B",null,"M","$","M","?","?","R","M","R","T","M","R","$","M","M","R"],"character_chosen":"IRONCLAD","items_purchased":["Thread and Needle","Shrug It Off"],"gold_per_floor":[117,117,127,139,139,139,171,171,171,186,186,218,232,246,246,346,346,364,364,383,400,325,325,337,337,360,47,65,19,19,29,29,129,129,146,71,89,89,0,0,11,11,11,26,26,26,42,58,58],"floor_reached":50,"campfire_rested":5,"playtime":2671,"current_hp_per_floor":[80,80,80,80,80,80,49,49,49,54,54,63,72,75,75,48,80,80,64,62,35,35,59,60,60,60,60,41,41,41,46,70,53,80,80,80,80,80,80,80,41,65,65,33,57,57,49,42,66],"items_purged":["Strike_R"],"gold":58,"score":474,"play_id":"df286027-3cad-477d-9121-c82fc953a9db","local_time":"20180309215843","is_prod":false,"is_daily":false,"is_ascension_mode":true,"campfire_upgraded":6,"timestamp":1520629123,"path_taken":["M","?","?","M","?","R","E","R","T","M","R","E","M","M","R","BOSS","M","?","M","M","?","R","M","R","T","$","M","$","?","?","R","BOSS","M","$","?","?","?","R","M","R","T","M","R","$","M","M","R","BOSS"],"build_version":"2018-03-01-PROD1","purchased_purges":1,"victory":false,"master_deck":["Strike_R","Strike_R","Defend_R","Defend_R","Defend_R","Defend_R","Bash","Anger+1","Infernal Blade+1","Twin Strike","Shrug It Off+1","Perfected Strike+1","Iron Wave+1","Flex+1","Twin Strike","Offering","Headbutt+1","Disarm+1","Shrug It Off+1","Flex","Immolate","Battle Trance","Shrug It Off+1"],"max_hp_per_floor":[80,80,80,80,80,80,80,80,80,80,80,80,80,80,80,80,80,80,80,80,80,80,80,80,80,80,80,80,80,80,80,80,80,80,80,80,80,80,80,80,80,80,80,80,80,80,80,80,80],"relics":["Burning Blood","Lantern","Bottled Lightning","Magic Flower","Mercury Hourglass","Lizard Tail","Nilry\u0027s Codex","Oddly Smooth Stone","Thread and Needle","Mark of Pain","Red Mask","Sundial"],"card_choices":[{"not_picked":["Cleave","Reckless Charge"],"picked":"Anger"},{"not_picked":["Warcry","Armaments"],"picked":"Infernal Blade"},{"not_picked":["Whirlwind","Shockwave"],"picked":"Twin Strike"},{"not_picked":["Feel No Pain","Shockwave"],"picked":"Shrug It Off"},{"not_picked":["Wild Strike","Clash"],"picked":"Perfected Strike"},{"not_picked":["Uppercut","Body Slam"],"picked":"Iron Wave"},{"not_picked":["Feed","Heavy Blade"],"picked":"Flex"},{"not_picked":["Cleave","Second Wind"],"picked":"Twin Strike"},{"not_picked":["Juggernaut","Demon Form"],"picked":"Offering"},{"not_picked":["Power Through","Armaments"],"picked":"Headbutt"},{"not_picked":["Body Slam","Pommel Strike"],"picked":"Disarm"},{"not_picked":["Clothesline","Corruption"],"picked":"Flex"},{"not_picked":["Havoc","Thunderclap"],"picked":"Battle Trance"},{"not_picked":["Iron Wave","Wild Strike"],"picked":"Shrug It Off"}],"player_experience":175934,"potions_floor_usage":[35,44,48,50,50],"damage_taken":[{"damage":2.0,"enemies":"Small Slimes","floor":1.0,"turns":4.0},{"damage":0.0,"enemies":"Cultist","floor":3.0,"turns":2.0},{"damage":2.0,"enemies":"Jaw Worm","floor":4.0,"turns":3.0},{"damage":37.0,"enemies":"Lagavulin","floor":7.0,"turns":6.0},{"damage":4.0,"enemies":"Red Slaver","floor":10.0,"turns":3.0},{"damage":0.0,"enemies":"Gremlin Nob","floor":12.0,"turns":2.0},{"damage":0.0,"enemies":"2 Fungi Beasts","floor":13.0,"turns":2.0},{"damage":6.0,"enemies":"Looter","floor":14.0,"turns":2.0},{"damage":36.0,"enemies":"Hexaghost","floor":16.0,"turns":8.0},{"damage":4.0,"enemies":"Shell Parasite","floor":18.0,"turns":2.0},{"damage":11.0,"enemies":"Chosen","floor":20.0,"turns":3.0},{"damage":36.0,"enemies":"Centurion and Healer","floor":21.0,"turns":5.0},{"damage":8.0,"enemies":"3 Cultists","floor":24.0,"turns":3.0},{"damage":28.0,"enemies":"Snecko","floor":28.0,"turns":4.0},{"damage":4.0,"enemies":"Centurion and Healer","floor":31.0,"turns":4.0},{"damage":101.0,"enemies":"Champ","floor":33.0,"turns":22.0},{"damage":7,"enemies":"3 Darklings","floor":35,"turns":7},{"damage":6,"enemies":"Orb Walker","floor":37,"turns":4},{"damage":48,"enemies":"4 Shapes","floor":41,"turns":8},{"damage":41,"enemies":"Sphere and 2 Shapes","floor":44,"turns":6},{"damage":17,"enemies":"Maw","floor":47,"turns":9},{"damage":16,"enemies":"3 Darklings","floor":48,"turns":5},{"damage":73,"enemies":"Time Eater","floor":50,"turns":8}],"event_choices":[{"event_name":"Upgrade Shrine","player_choice":"Upgraded","floor":2.0,"damage_taken":0.0},{"event_name":"Liars Game","player_choice":"disagreed","floor":5.0,"damage_taken":0.0},{"event_name":"Cursed Tome","player_choice":"Obtained Book","floor":19.0,"damage_taken":0.0},{"event_name":"Beggar","player_choice":"Gave Gold","floor":22.0,"damage_taken":0.0},{"event_name":"The Lab","player_choice":"Got Potions","floor":30.0,"damage_taken":0.0},{"event_name":"Transmorgrifier","player_choice":"Transform","floor":38,"damage_taken":0},{"event_name":"Tomb of Lord Red Mask","player_choice":"Paid","floor":39,"damage_taken":0}],"boss_relics":[{"not_picked":["Pandora\u0027s Box","Tiny House"],"picked":"Mark of Pain"}],"potions_floor_spawned":[4,12,14,16,21,33,44,47],"seed_played":"-4596841470286120010","killed_by":"Time Eater","ascension_level":2,"is_trial":false}