{"gold_per_floor":[109,109,284,314,331,331,331,355,355,355,378,378,397,438,438,564,564,587,587,25,25,38,38,69,39,39,39,52,77,77],"floor_reached":30,"playtime":1209,"items_purged":["Strike_R"],"score":250,"play_id":"36bf4826-2681-4419-b8af-9a3a9e6d8c88","local_time":"20181020223126","is_ascension_mode":false,"campfire_choices":[{"data":"Carnage","floor":6,"key":"SMITH"},{"data":"Twin Strike","floor":10,"key":"SMITH"},{"data":"Flex","floor":12,"key":"SMITH"},{"data":"Clothesline","floor":15,"key":"SMITH"},{"floor":23,"key":"REST"},{"data":"Chrysalis","floor":27,"key":"SMITH"}],"neow_cost":"NONE","seed_source_timestamp":794840929624660,"circlet_count":0,"master_deck":["Strike_R","Strike_R","Strike_R","Strike_R","Defend_R","Defend_R","Defend_R","Bash","Clothesline","Doubt","Carnage+1","Twin Strike+1","Flex+1","Clothesline+1","Immolate","Demon Form","Thunderclap","Havoc","Bash","Thunderclap+1","Chrysalis+1","Clash+1","Sword Boomerang+1","Armaments","Fire Breathing+1"],"relics":["Burning Blood","NeowsBlessing","Tiny Chest","Golden Idol","Gremlin Horn","Oddly Smooth Stone","Eternal Feather","Molten Egg 2","Ornamental Fan","Matryoshka"],"potions_floor_usage":[14,16,28,28,28],"damage_taken":[{"damage":0,"enemies":"Small Slimes","floor":1,"turns":1},{"damage":0,"enemies":"Jaw Worm","floor":2,"turns":1},{"damage":0,"enemies":"Cultist","floor":5,"turns":1},{"damage":16,"enemies":"Large Slime","floor":8,"turns":4},{"damage":15,"enemies":"2 Fungi Beasts","floor":11,"turns":3},{"damage":0,"enemies":"Exordium Wildlife","floor":13,"turns":1},{"damage":14,"enemies":"Lagavulin","floor":14,"turns":5},{"damage":52,"enemies":"Slime Boss","floor":16,"turns":9},{"damage":14,"enemies":"2 Thieves","floor":18,"turns":2},{"damage":24,"enemies":"Shell Parasite","floor":22,"turns":5},{"damage":47,"enemies":"Gremlin Leader","floor":24,"turns":5},{"damage":6,"enemies":"Cultist and Chosen","floor":28,"turns":3},{"damage":32,"enemies":"Centurion and Healer","floor":29,"turns":7},{"damage":21,"enemies":"Snake Plant","floor":30,"turns":3}],"seed_played":"-3611276585681254800","potions_obtained":[{"floor":1,"key":"Swift Potion"},{"floor":11,"key":"Block Potion"},{"floor":24,"key":"Regen Potion"},{"floor":25,"key":"Fire Potion"},{"floor":25,"key":"SneckoOil"},{"floor":29,"key":"Energy Potion"}],"is_trial":false,"path_per_floor":["M","M","?","T","M","R","?","M","T","R","M","R","M","E","R","B",null,"M","?","$","?","M","R","E","?","T","R","M","M"],"character_chosen":"IRONCLAD","items_purchased":["Molten Egg 2","Thunderclap+1","Chrysalis"],"campfire_rested":1,"item_purchase_floors":[20,20,20],"current_hp_per_floor":[80,80,80,80,80,80,74,64,64,64,55,55,61,53,53,7,74,66,66,66,66,48,74,33,33,33,45,54,28,7],"gold":77,"neow_bonus":"THREE_ENEMY_KILL","is_prod":false,"is_daily":false,"chose_seed":false,"campfire_upgraded":5,"win_rate":0.0,"timestamp":1540027886,"path_taken":["M","M","?","?","?","R","?","M","T","R","M","R","M","E","R","BOSS","M","?","$","?","M","R","E","?","T","R","?","?","M"],"build_version":"2018-10-18","purchased_purges":1,"victory":false,"max_hp_per_floor":[80,80,80,80,80,80,74,74,74,74,74,74,74,74,74,74,74,74,74,74,74,74,74,74,74,74,74,74,74,74],"card_choices":[{"not_picked":["Intimidate","Carnage"],"picked":"Clothesline","floor":1},{"not_picked":["Havoc","Searing Blow","Sword Boomerang"],"picked":"SKIP","floor":2},{"not_picked":["Body Slam","True Grit"],"picked":"Carnage","floor":5},{"not_picked":["Corruption","Uppercut"],"picked":"Twin Strike","floor":8},{"not_picked":["Disarm","Searing Blow"],"picked":"Flex","floor":11},{"not_picked":["Wild Strike","Shrug It Off"],"picked":"Clothesline","floor":13},{"not_picked":["Warcry","Headbutt"],"picked":"Immolate","floor":14},{"not_picked":["Brutality","Juggernaut"],"picked":"Demon Form","floor":16},{"not_picked":["True Grit","Dual Wield"],"picked":"Thunderclap","floor":18},{"not_picked":["Warcry","Hemokinesis+1"],"picked":"Clash+1","floor":22},{"not_picked":["Perfected Strike+1","Shockwave"],"picked":"Sword Boomerang+1","floor":24},{"not_picked":["Iron Wave+1","Pummel+1"],"picked":"Armaments","floor":28},{"not_picked":["Feel No Pain","Flex"],"picked":"Fire Breathing+1","floor":29}],"player_experience":141753,"relics_obtained":[{"floor":4,"key":"Tiny Chest"},{"floor":9,"key":"Gremlin Horn"},{"floor":14,"key":"Oddly Smooth Stone"},{"floor":24,"key":"Ornamental Fan"},{"floor":26,"key":"Matryoshka"}],"event_choices":[{"damage_healed":0,"gold_gain":175,"player_choice":"AGREE","damage_taken":0,"max_hp_gain":0,"max_hp_loss":0,"event_name":"Liars Game","floor":3,"gold_loss":0,"cards_obtained":["Doubt"]},{"damage_healed":0,"gold_gain":0,"player_choice":"Lose Max HP","damage_taken":0,"relics_obtained":["Golden Idol"],"max_hp_gain":0,"max_hp_loss":6,"event_name":"Golden Idol","floor":7,"gold_loss":0},{"damage_healed":0,"gold_gain":0,"player_choice":"2 cards matched","damage_taken":0,"max_hp_gain":0,"max_hp_loss":0,"event_name":"Match and Keep!","floor":19,"gold_loss":0,"cards_obtained":["Havoc","Bash"]},{"cards_removed":["Defend_R"],"damage_healed":0,"gold_gain":0,"player_choice":"Elegance","damage_taken":0,"max_hp_gain":0,"max_hp_loss":0,"event_name":"Back to Basics","floor":21,"gold_loss":0},{"damage_healed":0,"gold_gain":0,"player_choice":"Bought 2 Potions","damage_taken":0,"max_hp_gain":0,"max_hp_loss":0,"event_name":"The Woman in Blue","floor":25,"gold_loss":0}],"is_beta":false,"boss_relics":[{"not_picked":["Runic Cube","Astrolabe"],"picked":"Eternal Feather"}],"items_purged_floors":[20],"is_endless":false,"potions_floor_spawned":[1,2,11,24,29],"killed_by":"Snake Plant","ascension_level":0}