{"gold_per_floor":[114,129,129,129,144,174,174,204,254,281,293,335,362,404,416,528,540,567,579,606,268,368,398,398,428,478,508,508,538,538,568,568,668,668,683,683,683,723,738,768,783,813,838,868,868,883,913,928,928,928],"floor_reached":51,"playtime":4698,"items_purged":[],"score":1389,"play_id":"f5e85553-250f-4398-ac4b-1f536933e525","local_time":"20181014153414","daily_mods":["Draft","Green Cards","Elite Swarm"],"is_ascension_mode":false,"campfire_choices":[{"data":"Sunder","floor":7.0,"key":"SMITH"},{"data":"A Thousand Cuts","floor":11.0,"key":"SMITH"},{"data":"Adrenaline","floor":15.0,"key":"SMITH"},{"data":"Wraith Form v2","floor":24.0,"key":"SMITH"},{"data":"Noxious Fumes","floor":30.0,"key":"SMITH"},{"data":"Seek","floor":32.0,"key":"SMITH"},{"data":"Writhe","floor":49,"key":"PURGE"}],"neow_cost":"","seed_source_timestamp":0,"circlet_count":0,"master_deck":["Slice","Sunder+1","Rebound","Loop","PiercingWail","Cold Snap","Steam","Ball Lightning","Blade Dance+1","White Noise","Ball Lightning","Self Repair","Endless Agony","Genetic Algorithm","Footwork","Capacitor","Adrenaline+1","A Thousand Cuts+1","Echo Form","Leap+1","Electrodynamics","Noxious Fumes+1","Wraith Form v2+1","Creative AI","Beam Cell+1","Chill","Malaise","Die Die Die","Normality","Seek+1","Glass Knife","Biased Cognition","Decay","Pain","Shame","Hologram+1","Master of Strategy","Mind Blast","Panacea","Defragment+1","Machine Learning","Chaos+1","Rainbow","Writhe","Tools of the Trade+1","Core Surge"],"special_seed":17818,"relics":["Cracked Core","Ancient Tea Set","Singing Bowl","Regal Pillow","MawBank","DataDisk","Bottled Lightning","Cursed Key","Pen Nib","War Paint","Blood Vial","Peace Pipe","Blue Candle","Question Card","Matryoshka","Dodecahedron","Boot","The Courier","Mummified Hand","Sundial","Calling Bell","Strawberry","Symbiotic Virus","Mango","Du-Vu Doll","Kunai","Meat on the Bone","Frozen Egg 2","PreservedInsect","Emotion Chip","Bag of Preparation"],"potions_floor_usage":[47,50,50,50],"damage_taken":[{"damage":0.0,"enemies":"2 Louse","floor":1.0,"turns":2.0},{"damage":1.0,"enemies":"Jaw Worm","floor":2.0,"turns":3.0},{"damage":0.0,"enemies":"Small Slimes","floor":5.0,"turns":2.0},{"damage":8.0,"enemies":"3 Sentries","floor":6.0,"turns":4.0},{"damage":3.0,"enemies":"Lagavulin","floor":8.0,"turns":5.0},{"damage":0.0,"enemies":"2 Fungi Beasts","floor":10.0,"turns":2.0},{"damage":3.0,"enemies":"3 Sentries","floor":12.0,"turns":2.0},{"damage":4.0,"enemies":"Looter","floor":13.0,"turns":2.0},{"damage":0.0,"enemies":"Lagavulin","floor":14.0,"turns":4.0},{"damage":0.0,"enemies":"Slime Boss","floor":16.0,"turns":4.0},{"damage":5.0,"enemies":"3 Byrds","floor":18.0,"turns":2.0},{"damage":0.0,"enemies":"Chosen","floor":20.0,"turns":3.0},{"damage":0.0,"enemies":"Colosseum Slavers","floor":22.0,"turns":3.0},{"damage":0.0,"enemies":"Colosseum Nobs","floor":22.0,"turns":5.0},{"damage":6.0,"enemies":"Book of Stabbing","floor":23.0,"turns":6.0},{"damage":4.0,"enemies":"Gremlin Leader","floor":25.0,"turns":6.0},{"damage":15.0,"enemies":"Book of Stabbing","floor":27.0,"turns":6.0},{"damage":28.0,"enemies":"Slavers","floor":29.0,"turns":3.0},{"damage":1.0,"enemies":"Book of Stabbing","floor":31.0,"turns":3.0},{"damage":0.0,"enemies":"Collector","floor":33.0,"turns":8.0},{"damage":7.0,"enemies":"3 Shapes","floor":35.0,"turns":4.0},{"damage":11.0,"enemies":"Mysterious Sphere","floor":38.0,"turns":4.0},{"damage":15.0,"enemies":"Orb Walker","floor":39.0,"turns":2.0},{"damage":0.0,"enemies":"2 Orb Walkers","floor":40.0,"turns":3.0},{"damage":1.0,"enemies":"3 Darklings","floor":41.0,"turns":3.0},{"damage":13.0,"enemies":"Giant Head","floor":42.0,"turns":5.0},{"damage":15.0,"enemies":"2 Orb Walkers","floor":44.0,"turns":2.0},{"damage":0,"enemies":"Reptomancer","floor":46,"turns":5},{"damage":17,"enemies":"Giant Head","floor":47,"turns":4},{"damage":0,"enemies":"Maw","floor":48,"turns":5},{"damage":2,"enemies":"Donu and Deca","floor":50,"turns":5}],"seed_played":"8003308014887678719","potions_obtained":[{"floor":2.0,"key":"Explosive Potion"},{"floor":6.0,"key":"Strength Potion"},{"floor":12.0,"key":"Strength Potion"},{"floor":13.0,"key":"Weak Potion"},{"floor":16.0,"key":"Weak Potion"},{"floor":22.0,"key":"SpeedPotion"},{"floor":23.0,"key":"GamblersBrew"},{"floor":25.0,"key":"Block Potion"},{"floor":27.0,"key":"Ancient Potion"},{"floor":31.0,"key":"Energy Potion"},{"floor":35.0,"key":"Weak Potion"},{"floor":41.0,"key":"FearPotion"},{"floor":47,"key":"FocusPotion"}],"is_trial":false,"path_per_floor":["M","M","?","?","M","E","R","E","T","M","R","E","M","E","R","B",null,"M","?","M","$","?","E","R","E","T","E","?","E","R","E","R","B",null,"M","?","?","?","M","E","M","E","T","E","?","M","E","M","R","B"],"character_chosen":"DEFECT","items_purchased":["War Paint","Blood Vial","Explosive Potion"],"campfire_rested":0,"item_purchase_floors":[21,21,21],"current_hp_per_floor":[75,75,63,68,75,74,74,78,78,80,80,80,80,80,80,80,80,75,75,75,75,82,82,82,82,82,74,58,39,39,49,49,58,110,103,93,110,99,88,90,98,101,101,88,88,99,91,95,95,102],"gold":928,"neow_bonus":"","is_prod":false,"is_daily":true,"chose_seed":false,"campfire_upgraded":6,"win_rate":0,"timestamp":1539524054,"path_taken":["M","M","?","?","M","E","R","E","T","M","R","E","?","E","R","BOSS","M","?","?","$","?","E","R","E","T","E","?","E","R","E","R","BOSS","M","?","?","?","?","E","M","E","T","E","?","M","E","M","R","BOSS"],"build_version":"2018-10-11","purchased_purges":0,"victory":true,"max_hp_per_floor":[75,75,75,80,80,80,80,80,80,80,80,80,80,80,80,80,80,80,80,80,80,82,82,82,82,82,82,87,87,87,89,89,89,110,110,110,110,110,112,112,112,112,112,112,112,114,114,116,116,116],"card_choices":[{"not_picked":["Dagger Throw","Scrape"],"picked":"Slice","floor":0.0},{"not_picked":["Quick Slash","White Noise"],"picked":"Sunder","floor":0.0},{"not_picked":["Blizzard","Caltrops"],"picked":"Rebound","floor":0.0},{"not_picked":["Outmaneuver","Blade Dance"],"picked":"Loop","floor":0.0},{"not_picked":["Redo","Reprogram"],"picked":"PiercingWail","floor":0.0},{"not_picked":["Compile Driver","Quick Slash"],"picked":"Cold Snap","floor":0.0},{"not_picked":["Slice","Barrage"],"picked":"Steam","floor":0.0},{"not_picked":["Blur","PiercingWail"],"picked":"Ball Lightning","floor":0.0},{"not_picked":["Bane","Heatsinks"],"picked":"Blade Dance","floor":0.0},{"not_picked":["Concentrate","Compile Driver"],"picked":"White Noise","floor":0.0},{"not_picked":["Aggregate","Outmaneuver"],"picked":"Ball Lightning","floor":0.0},{"not_picked":["Fusion","Streamline"],"picked":"Self Repair","floor":0.0},{"not_picked":["Coolheaded","Turbo"],"picked":"Endless Agony","floor":0.0},{"not_picked":["Leap","Flying Knee"],"picked":"Backstab","floor":0.0},{"not_picked":["Bane","Quick Slash"],"picked":"Genetic Algorithm","floor":0.0},{"not_picked":["Streamline","Outmaneuver"],"picked":"Footwork","floor":1.0},{"not_picked":["Dodge and Roll","Fusion"],"picked":"Capacitor","floor":2.0},{"not_picked":["Slice","Poisoned Stab"],"picked":"Adrenaline","floor":5.0},{"not_picked":["Storm of Steel","Tools of the Trade"],"picked":"A Thousand Cuts","floor":6.0},{"not_picked":["Biased Cognition","Bullet Time"],"picked":"Echo Form","floor":8.0},{"not_picked":["Turbo","Bane"],"picked":"Leap","floor":10.0},{"not_picked":["Amplify","Burst"],"picked":"Electrodynamics","floor":12.0},{"not_picked":["Reprogram","Slice"],"picked":"Noxious Fumes","floor":13.0},{"not_picked":["Adrenaline","Glass Knife"],"picked":"Wraith Form v2","floor":14.0},{"not_picked":["Meteor Strike","Amplify"],"picked":"Creative AI","floor":16.0},{"not_picked":["Streamline","Flying Knee"],"picked":"Beam Cell+1","floor":18.0},{"not_picked":["Outmaneuver+1","Caltrops"],"picked":"Chill","floor":20.0},{"not_picked":["PiercingWail+1","BootSequence","Flying Knee"],"picked":"Singing Bowl","floor":22.0},{"not_picked":["Venomology","Corpse Explosion"],"picked":"Malaise","floor":23.0},{"not_picked":["Burst","Glass Knife","Storm of Steel"],"picked":"Die Die Die","floor":25.0},{"not_picked":["Corpse Explosion","Thunder Strike","Malaise"],"picked":"Seek","floor":27.0},{"not_picked":["Malaise","Phantasmal Killer","Storm of Steel"],"picked":"Glass Knife","floor":29.0},{"not_picked":["Glass Knife","Bullet Time","Multi-Cast","Malaise"],"picked":"Singing Bowl","floor":31.0},{"not_picked":["Multi-Cast","Burst","Amplify"],"picked":"Biased Cognition","floor":33.0},{"not_picked":["Outmaneuver+1","Hello World","Infinite Blades"],"picked":"Hologram+1","floor":35.0},{"not_picked":["Dark Shackles","Swift Strike","Good Instincts"],"picked":"Master of Strategy","floor":36.0},{"not_picked":["Deep Breath","The Bomb","Mayhem"],"picked":"Mind Blast","floor":36.0},{"not_picked":["Sadistic Nature","Secret Technique","Forethought"],"picked":"Panacea","floor":36.0},{"not_picked":["Quick Slash","Backstab","Sweeping Beam"],"picked":"Defragment+1","floor":38.0},{"not_picked":["Steam","Bane","Beam Cell","Concentrate+1"],"picked":"Singing Bowl","floor":39.0},{"not_picked":["Seek","Malaise","Venomology"],"picked":"Machine Learning","floor":40.0},{"not_picked":["Cold Snap+1","Accuracy+1","Conserve Battery"],"picked":"Chaos+1","floor":41.0},{"not_picked":["Biased Cognition","Doppelganger","Envenom"],"picked":"Rainbow","floor":42.0},{"not_picked":["Thunder Strike","Phantasmal Killer","Hyperbeam"],"picked":"Tools of the Trade+1","floor":44.0},{"not_picked":["Cloak And Dagger","Noxious Fumes+1","PiercingWail+1","Capacitor+1"],"picked":"Singing Bowl","floor":46},{"not_picked":["Storm of Steel","Biased Cognition+1","Tools of the Trade+1"],"picked":"Core Surge","floor":47},{"not_picked":["Finisher+1","Sunder","Rebound+1","Deadly Poison+1"],"picked":"Singing Bowl","floor":48}],"player_experience":1436510,"relics_obtained":[{"floor":6.0,"key":"Singing Bowl"},{"floor":8.0,"key":"Regal Pillow"},{"floor":9.0,"key":"MawBank"},{"floor":12.0,"key":"DataDisk"},{"floor":14.0,"key":"Bottled Lightning"},{"floor":22.0,"key":"Peace Pipe"},{"floor":22.0,"key":"Blue Candle"},{"floor":23.0,"key":"Question Card"},{"floor":25.0,"key":"Matryoshka"},{"floor":26.0,"key":"Dodecahedron"},{"floor":26.0,"key":"Boot"},{"floor":27.0,"key":"The Courier"},{"floor":29.0,"key":"Mummified Hand"},{"floor":31.0,"key":"Sundial"},{"floor":34.0,"key":"Strawberry"},{"floor":34.0,"key":"Symbiotic Virus"},{"floor":34.0,"key":"Mango"},{"floor":38.0,"key":"Du-Vu Doll"},{"floor":40.0,"key":"Kunai"},{"floor":42.0,"key":"Meat on the Bone"},{"floor":43.0,"key":"Frozen Egg 2"},{"floor":43.0,"key":"PreservedInsect"},{"floor":44.0,"key":"Emotion Chip"},{"floor":47,"key":"Bag of Preparation"}],"event_choices":[{"event_name":"Scrap Ooze","player_choice":"success","floor":3.0,"damage_taken":12.0},{"event_name":"Big Fish","player_choice":"Donut","floor":4.0,"damage_taken":0.0},{"event_name":"The Mausoleum","player_choice":"Yes","floor":19.0,"damage_taken":0.0},{"event_name":"Colosseum","player_choice":"Fight","floor":22.0,"damage_taken":0.0},{"event_name":"Colosseum","player_choice":"Fought Nobs","floor":22.0,"damage_taken":0.0},{"event_name":"Forgotten Altar","player_choice":"Shed Blood","floor":28.0,"damage_taken":0.0},{"event_name":"SensoryStone","player_choice":"Memory 3","floor":36.0,"damage_taken":0.0},{"event_name":"Winding Halls","player_choice":"Writhe","floor":37.0,"damage_taken":0.0},{"event_name":"Mysterious Sphere","player_choice":"Fight","floor":38.0,"damage_taken":0.0},{"event_name":"Falling","player_choice":"Removed Attack","floor":45.0,"damage_taken":0.0}],"is_beta":false,"boss_relics":[{"not_picked":["Eternal Feather","Fusion Hammer"],"picked":"Cursed Key"},{"not_picked":["White Beast Statue","Lizard Tail"],"picked":"Calling Bell"}],"items_purged_floors":[],"is_endless":false,"potions_floor_spawned":[2,6,12,13,16,22,23,25,27,31,35,41,46,47],"ascension_level":0}