{"gold_per_floor":[214,164,177,177,193,226,226,256,310,327,342,123,123,133,133,238,238,258,136,136,150,150,150,150,176,176,176,176,294,326,343,97,97,675,675,687,713,725,725,247,272,272,306,306,306,426,426,426,442,442,537,537,548,563,150,150,198,198,226,236,236,236,253,233,81,99,99,200,200,212,311,327,327,347,380,398,398,398,398,432,120,132,194,219,231,836,848,879,891,526,540,550,582,582,582,606,606,606,606],"floor_reached":99,"playtime":4757,"items_purged":["Strike_R","Strike_R","Strike_R+1","Strike_R+1","Blood for Blood"],"score":3548,"play_id":"db388435-fe2c-4dea-a768-2816e7a830cb","local_time":"20181012153335","is_ascension_mode":true,"campfire_choices":[{"data":"Inflame","floor":7.0,"key":"SMITH"},{"data":"Whirlwind","floor":13.0,"key":"SMITH"},{"floor":15.0,"key":"REST"},{"data":"Sword Boomerang","floor":24.0,"key":"SMITH"},{"data":"Sword Boomerang","floor":26.0,"key":"SMITH"},{"data":"infinitespire:OneForAll","floor":28.0,"key":"SMITH"},{"data":"True Grit","floor":33.0,"key":"SMITH"},{"data":"Whirlwind+1","floor":42.0,"key":"SMITH"},{"data":"Inflame+1","floor":45.0,"key":"SMITH"},{"data":"Whirlwind+2","floor":47.0,"key":"SMITH"},{"data":"Whirlwind+3","floor":50.0,"key":"SMITH"},{"data":"Inflame+2","floor":58.0,"key":"SMITH"},{"data":"Disarm+1","floor":62.0,"key":"SMITH"},{"data":"Metallicize","floor":67.0,"key":"SMITH"},{"floor":77.0,"key":"REST"},{"floor":82.0,"key":"REST"},{"data":"Whirlwind+4","floor":85.0,"key":"SMITH"},{"floor":95,"key":"REST"},{"data":"infinitespire:Execution","floor":98,"key":"SMITH"}],"neow_cost":"NONE","seed_source_timestamp":0,"circlet_count":0,"master_deck":["Defend_R+1","Defend_R","Defend_R","Defend_R","Bash+1","Clothesline+1","Inflame+3","infinitespire:OneForAll+1","Dropkick","Sword Boomerang+1","Whirlwind+5","Disarm+2","Reaper","Shrug It Off","Shrug It Off","Rage+1","Sword Boomerang+1","ReplayTheSpireMod:Limb From Limb","Uppercut","True Grit+1","Shockwave+1","Demonic Infusion","Twin Strike+1","Life Link","Flex+1","Dark Shackles","True Grit+1","Offering","Metallicize+1","Ghostly Armor","Flame Barrier+1","infinitespire:Execution+1","Exhume+1","hubris:StunningStrike+1","hubris:StunningStrike+1","Fiend Fire+1","Blind+1","Double Tap+1","Shrug It Off+1"],"special_seed":0,"relics":["Burning Blood","NeowsBlessing","Mirror","Omamori","Bag of Preparation","Pet Ghost","Ooze Armor","Orichalcum","Paper Frog","Bandana","Self Forming Clay","InfiniteJournal","Dream Catcher","hubris:Stopwatch","infinitespire:Beetle Shell","Vajra","Simple Rune","hubris:CrystalStatue","Blood Vial","Molten Egg 2","ReplayTheSpireMod:DimensionalGlitch","Membership Card","infinitespire:Broken Mirror","infinitespire:Burning Sword","Tiny Chest","Golden Egg","Huge Egg","Sling","ReplayTheSpireMod:Bottled Flurry","infinitespire:Lychee Nut","infinitespire:FocusingShard","Blue Doll","ClockworkSouvenir","Bag of Marbles","MawBank","hubris:ChampionShield","infinitespire:HealingShard","Potion Belt","Gremlin Food","infinitespire:Lucky Rock","Thread and Needle","Juzu Bracelet"],"potions_floor_usage":[92,93,93,93,93],"damage_taken":[{"damage":0.0,"enemies":"2 Louse","floor":1.0,"turns":1.0},{"damage":0.0,"enemies":"Jaw Worm","floor":3.0,"turns":1.0},{"damage":0.0,"enemies":"Small Slimes","floor":5.0,"turns":1.0},{"damage":12.0,"enemies":"Gremlin Nob","floor":6.0,"turns":3.0},{"damage":23.0,"enemies":"Erikyupuro","floor":8.0,"turns":9.0},{"damage":3.0,"enemies":"Looter","floor":10.0,"turns":2.0},{"damage":17.0,"enemies":"3 Louse","floor":11.0,"turns":4.0},{"damage":16.0,"enemies":"Lots of Slimes","floor":14.0,"turns":2.0},{"damage":8.0,"enemies":"Slime Boss","floor":16.0,"turns":5.0},{"damage":4.0,"enemies":"Chosen","floor":18.0,"turns":3.0},{"damage":11.0,"enemies":"Shell Parasite","floor":21.0,"turns":5.0},{"damage":12.0,"enemies":"Book of Stabbing","floor":25.0,"turns":5.0},{"damage":1.0,"enemies":"Snake Plant","floor":29.0,"turns":4.0},{"damage":25.0,"enemies":"Snake Plant","floor":30.0,"turns":6.0},{"damage":12.0,"enemies":"Sentry and Sphere","floor":31.0,"turns":4.0},{"damage":6.0,"enemies":"Pondfish","floor":34.0,"turns":8.0},{"damage":7.0,"enemies":"Orb Walker","floor":36.0,"turns":3.0},{"damage":30.0,"enemies":"3 Shapes","floor":38.0,"turns":8.0},{"damage":26.0,"enemies":"R_Hoarder","floor":41.0,"turns":5.0},{"damage":0.0,"enemies":"Nemesis","floor":43.0,"turns":5.0},{"damage":5.0,"enemies":"Maw","floor":46.0,"turns":6.0},{"damage":0.0,"enemies":"3 Darklings","floor":49.0,"turns":2.0},{"damage":82.0,"enemies":"Awakened One","floor":51.0,"turns":14.0},{"damage":0.0,"enemies":"2 Louse","floor":53.0,"turns":1.0},{"damage":0.0,"enemies":"Small Slimes","floor":54.0,"turns":1.0},{"damage":0.0,"enemies":"Cultist","floor":57.0,"turns":2.0},{"damage":8.0,"enemies":"Lagavulin","floor":59.0,"turns":3.0},{"damage":0.0,"enemies":"Looter","floor":60.0,"turns":3.0},{"damage":3.0,"enemies":"Gremlin Gang","floor":63.0,"turns":2.0},{"damage":11.0,"enemies":"3 Louse","floor":66.0,"turns":2.0},{"damage":51.0,"enemies":"Hexaghost","floor":68.0,"turns":4.0},{"damage":9.0,"enemies":"Spheric Guardian","floor":70.0,"turns":3.0},{"damage":48.0,"enemies":"2 Thieves","floor":72.0,"turns":3.0},{"damage":31.0,"enemies":"Snake Plant","floor":74.0,"turns":5.0},{"damage":60.0,"enemies":"Slavers","floor":75.0,"turns":2.0},{"damage":50.0,"enemies":"3 Cultists","floor":76.0,"turns":5.0},{"damage":15.0,"enemies":"Book of Stabbing","floor":80.0,"turns":5.0},{"damage":0.0,"enemies":"Cultist and Chosen","floor":84.0,"turns":2.0},{"damage":57.0,"enemies":"Pondfish","floor":86.0,"turns":8.0},{"damage":34,"enemies":"3 Shapes","floor":88,"turns":2},{"damage":8,"enemies":"Orb Walker","floor":91,"turns":2},{"damage":32,"enemies":"Spire Growth","floor":92,"turns":5},{"damage":34,"enemies":"Nemesis","floor":93,"turns":6},{"damage":41,"enemies":"Mind Bloom Boss Battle","floor":94,"turns":5},{"damage":71,"enemies":"Reptomancer","floor":99,"turns":2}],"seed_played":"195343531593646336","potions_obtained":[{"floor":3.0,"key":"FairyPotion"},{"floor":5.0,"key":"Toxic Potion"},{"floor":6.0,"key":"Energy Potion"},{"floor":21.0,"key":"FairyPotion"},{"floor":25.0,"key":"Strength Potion"},{"floor":38.0,"key":"GamblersBrew"},{"floor":41.0,"key":"Strength Potion"},{"floor":51.0,"key":"SpeedPotion"},{"floor":60.0,"key":"SteroidPotion"},{"floor":64.0,"key":"SteroidPotion"},{"floor":74.0,"key":"GamblersBrew"},{"floor":76.0,"key":"SteroidPotion"},{"floor":86.0,"key":"Ancient Potion"},{"floor":93,"key":"Reflective Coating"}],"is_trial":false,"path_per_floor":["M","?","M","?","M","E","R","E","T","M","M","$","R","M","R","B",null,"M","$","?","M","PTL","?","R","E","R","T","R","M","NM","M","$","R","B",null,"M","T","M","?","$","E","R","E","T","R","M","R","?","M","R","B",null,"M","M","$","?","M","R","E","M","T","R","M","?","$","M","R","B",null,"M","?","M","?","M","E","M","R","T","PTL","E","$","R","T","M","R","B",null,"M","?","$","M","M","E","?","R","T","?","R"],"character_chosen":"IRONCLAD","items_purchased":["Pet Ghost","Disarm","Shrug It Off","True Grit","Shockwave","Dream Catcher","Vajra","Life Link","Simple Rune","Membership Card","infinitespire:Broken Mirror","Ghostly Armor","Flame Barrier","Sling","ReplayTheSpireMod:Bottled Flurry","ClockworkSouvenir","Bag of Marbles","hubris:StunningStrike+1","MawBank","infinitespire:HealingShard","Potion Belt","Blind","Dexterity Potion","EntropicBrew","BloodPotion"],"campfire_rested":4,"item_purchase_floors":[12,12,19,32,32,32,40,40,40,55,55,55,65,65,65,81,81,81,81,90,90,90,90,90,90],"current_hp_per_floor":[78,78,80,64,70,64,64,47,47,50,39,39,39,29,53,51,73,80,80,80,78,78,78,78,80,80,80,80,80,71,65,65,65,80,80,79,79,62,80,80,60,60,66,66,66,69,69,69,77,77,22,66,74,80,80,80,80,80,78,80,80,80,80,80,80,75,75,53,73,72,72,32,58,35,34,17,35,35,35,34,34,52,52,60,60,10,48,46,46,46,50,39,60,27,45,45,45,45,0],"gold":606,"neow_bonus":"THREE_ENEMY_KILL","is_prod":false,"is_daily":false,"chose_seed":false,"campfire_upgraded":15,"win_rate":0,"timestamp":1539351215,"path_taken":["M","?","M","?","?","E","R","E","T","M","M","$","R","M","R","BOSS","M","$","?","?","PTL","?","R","E","R","T","R","M","NM","?","?","R","BOSS","M","?","M","?","$","E","R","E","T","R","?","R","?","?","R","BOSS","M","M","$","?","M","R","E","M","T","R","?","?","$","?","R","BOSS","M","?","M","?","M","E","?","R","T","PTL","E","$","R","?","M","R","BOSS","M","?","$","M","M","E","?","R","T","?","R","M"],"build_version":"2018-10-04v2","purchased_purges":5,"victory":false,"max_hp_per_floor":[80,80,80,80,80,80,80,80,80,80,80,80,80,80,80,80,80,80,80,80,80,80,80,80,80,80,80,80,80,80,80,80,80,80,80,80,80,80,80,80,80,80,80,80,80,80,80,80,80,80,80,80,80,80,80,80,80,80,80,80,80,80,80,80,80,80,80,80,80,80,80,80,80,80,60,60,60,60,60,60,60,60,60,60,60,60,60,60,60,60,60,60,60,60,60,60,60,60,60],"card_choices":[{"not_picked":["Twin Strike","Iron Wave"],"picked":"Clothesline","floor":1.0},{"not_picked":["Sword Boomerang","Clothesline"],"picked":"Inflame","floor":3.0},{"not_picked":["Dark Embrace","Burning Pact","Feel No Pain"],"picked":"SKIP","floor":5.0},{"not_picked":["Reckless Charge","Intimidate"],"picked":"infinitespire:OneForAll","floor":6.0},{"not_picked":["ReplayTheSpireMod:Strike From Hell","Armaments"],"picked":"Dropkick","floor":8.0},{"not_picked":["Clash","Havoc"],"picked":"Sword Boomerang","floor":10.0},{"not_picked":["Run Through","Corruption"],"picked":"Whirlwind","floor":11.0},{"not_picked":["Iron Wave","Fiend Fire"],"picked":"hubris:ReadiedAction","floor":14.0},{"not_picked":["Fiend Fire","Demon Form"],"picked":"Reaper","floor":16.0},{"not_picked":["Hemokinesis","True Grit"],"picked":"Shrug It Off","floor":18.0},{"not_picked":["Shrug It Off","Wild Strike+1"],"picked":"Rage+1","floor":21.0},{"not_picked":["True Grit","Blood for Blood"],"picked":"Sword Boomerang","floor":25.0},{"not_picked":["Warcry","Pummel"],"picked":"Blood for Blood","floor":29.0},{"not_picked":["Feed","Reckless Charge"],"picked":"ReplayTheSpireMod:Limb From Limb","floor":30.0},{"not_picked":["Seeing Red","Headbutt"],"picked":"Uppercut","floor":31.0},{"not_picked":["Exhume","Double Tap"],"picked":"Demonic Infusion","floor":34.0},{"not_picked":["Defy Death","Clothesline+1","Thunderclap+1"],"picked":"SKIP","floor":36.0},{"not_picked":["Havoc","Disarm"],"picked":"Twin Strike+1","floor":38.0},{"not_picked":["Barricade","Cleave","Demonic Infusion"],"picked":"SKIP","floor":41.0},{"not_picked":["Dropkick+1","Wild Strike","Bludgeon"],"picked":"SKIP","floor":43.0},{"not_picked":["Body Slam+1","Bloodletting"],"picked":"Flex+1","floor":46.0},{"not_picked":["Enlightenment","Discovery"],"picked":"Dark Shackles","floor":48.0},{"not_picked":["Feel No Pain+1","Havoc"],"picked":"True Grit+1","floor":49.0},{"not_picked":["Eclipse","Juggernaut"],"picked":"Offering","floor":51.0},{"not_picked":["Clash+1","Clothesline+1"],"picked":"Metallicize","floor":53.0},{"not_picked":["Disarm","ReplayTheSpireMod:Limb From Limb+1","ReplayTheSpireMod:Strike From Hell+1"],"picked":"SKIP","floor":54.0},{"not_picked":["Combust","hubris:ReadiedAction","Shockwave"],"picked":"SKIP","floor":57.0},{"not_picked":["Rage","Body Slam+1","Thunderclap+1"],"picked":"SKIP","floor":59.0},{"not_picked":["Dropkick+1","ReplayTheSpireMod:Strike From Hell+1","Headbutt+1"],"picked":"SKIP","floor":60.0},{"not_picked":["Sword Boomerang+1","Thunderclap+1","Entrench"],"picked":"SKIP","floor":63.0},{"not_picked":["Carnage+1","Run Through+1","Sever Soul+1"],"picked":"SKIP","floor":66.0},{"not_picked":["infinitespire:ReplayTheSpireMod:Echoes of Time","infinitespire:TheBestDefense"],"picked":"infinitespire:Execution","floor":68.0},{"not_picked":["Double Tap","Barricade"],"picked":"Exhume","floor":68.0},{"not_picked":["Iron Wave+1","Headbutt+1","hubris:ReadiedAction"],"picked":"SKIP","floor":70.0},{"not_picked":["Run Through+1","Pommel Strike+1","hubris:ReadiedAction"],"picked":"SKIP","floor":72.0},{"not_picked":["Warcry","Clash+1","Hemokinesis+1"],"picked":"SKIP","floor":74.0},{"not_picked":["Pommel Strike+1","Wild Strike+1","Uppercut+1"],"picked":"SKIP","floor":75.0},{"not_picked":["Shockwave","Run Through+1","Armaments"],"picked":"SKIP","floor":76.0},{"not_picked":["Defy Death","Combust","Immolate+1"],"picked":"SKIP","floor":80.0},{"not_picked":["Run Through+1","Carnage+1","Perfected Strike+1"],"picked":"SKIP","floor":84.0},{"not_picked":["Juggernaut","Immolate+1"],"picked":"Fiend Fire+1","floor":86.0},{"not_picked":["Flex+1","Sentinel+1","hubris:ReadiedAction+1"],"picked":"SKIP","floor":88},{"not_picked":["Thunderclap+1","Clothesline+1"],"picked":"Double Tap","floor":91},{"not_picked":["Uppercut+1","Whirlwind+1","Life Link"],"picked":"SKIP","floor":92},{"not_picked":["Headbutt+1","Metallicize"],"picked":"Shrug It Off+1","floor":93}],"player_experience":980874,"relics_obtained":[{"floor":6.0,"key":"Mirror"},{"floor":8.0,"key":"Omamori"},{"floor":9.0,"key":"Bag of Preparation"},{"floor":25.0,"key":"Bandana"},{"floor":27.0,"key":"Self Forming Clay"},{"floor":30.0,"key":"InfiniteJournal"},{"floor":37.0,"key":"infinitespire:Beetle Shell"},{"floor":41.0,"key":"hubris:CrystalStatue"},{"floor":43.0,"key":"Blood Vial"},{"floor":44.0,"key":"Molten Egg 2"},{"floor":59.0,"key":"Golden Egg"},{"floor":61.0,"key":"Huge Egg"},{"floor":75.0,"key":"infinitespire:Lychee Nut"},{"floor":78.0,"key":"infinitespire:FocusingShard"},{"floor":80.0,"key":"Blue Doll"},{"floor":83.0,"key":"hubris:ChampionShield"},{"floor":93,"key":"infinitespire:Lucky Rock"},{"floor":94,"key":"Thread and Needle"},{"floor":96,"key":"Juzu Bracelet"}],"event_choices":[{"event_name":"The Cleric","player_choice":"Card Removal","floor":2.0,"damage_taken":0.0},{"event_name":"Shining Light","player_choice":"Entered Light","floor":4.0,"damage_taken":0.0},{"event_name":"Upgrade Shrine","player_choice":"Upgraded","floor":20.0,"damage_taken":0.0},{"event_name":"The Mausoleum","player_choice":"Yes","floor":23.0,"damage_taken":0.0},{"event_name":"Winding Halls","player_choice":"Writhe","floor":39.0,"damage_taken":0.0},{"event_name":"SensoryStone","player_choice":"Memory 1","floor":48.0,"damage_taken":0.0},{"event_name":"The Woman in Blue","player_choice":"Bought 1 Potion","floor":64.0,"damage_taken":0.0},{"event_name":"Nest","player_choice":"Stole From Cult","floor":71.0,"damage_taken":0.0},{"event_name":"The Library","player_choice":"Heal","floor":73.0,"damage_taken":0.0},{"event_name":"Falling","player_choice":"Removed Skill","floor":89,"damage_taken":0},{"event_name":"MindBloom","player_choice":"Fight","floor":94,"damage_taken":0},{"event_name":"Tomb of Lord Red Mask","player_choice":"Ignored","floor":97,"damage_taken":0}],"is_beta":false,"boss_relics":[{"not_picked":["Lizard Tail","Philosopher\u0027s Stone"],"picked":"Ooze Armor"},{"not_picked":["ChewingGum","Pandora\u0027s Box"],"picked":"hubris:Stopwatch"},{"not_picked":["Coffee Dripper","Eternal Feather"],"picked":"ReplayTheSpireMod:DimensionalGlitch"},{"not_picked":["Scatterbrain"],"picked":"GraspOfShadows"},{"not_picked":["TwistingMind"],"picked":"VoidEssence"}],"items_purged_floors":[19,40,55,65,90],"is_endless":true,"potions_floor_spawned":[3,5,6,21,25,31,38,41,46,51,54,59,60,66,74,76,86,93,94],"killed_by":"Reptomancer","ascension_level":9}