{"gold_per_floor":[118,118,118,136,150,150,175,189,214,214,214,214,229,74,74,149,149,169,188,188,203,203],"floor_reached":22,"playtime":620,"items_purged":["Parasite"],"score":397,"play_id":"a4927038-ee45-4e03-b535-56c7e6d6922e","local_time":"20181228201133","is_ascension_mode":true,"campfire_choices":[{"data":"Streamline","floor":6,"key":"SMITH"},{"floor":10,"key":"REST"},{"data":"Zap","floor":12,"key":"SMITH"},{"data":"Defragment","floor":15,"key":"SMITH"}],"neow_cost":"NONE","seed_source_timestamp":35891352999059,"circlet_count":0,"master_deck":["AscendersBane","Defend_B","Defend_B","Defend_B","Defend_B","Zap+1","Dualcast","Thunder Strike","Ball Lightning","Skim","Streamline+1","FTL","Auto Shields","Leap","Defragment+1","Electrodynamics","Go for the Eyes","Steam","Bite","Bite","Bite","Bite","Bite","Capacitor"],"special_seed":0,"relics":["Cracked Core","Ancient Tea Set","Art of War","Sozu"],"potions_floor_usage":[7],"damage_taken":[{"damage":9.0,"enemies":"Jaw Worm","floor":1.0,"turns":3.0},{"damage":5,"enemies":"2 Louse","floor":4,"turns":2},{"damage":1,"enemies":"Cultist","floor":5,"turns":3},{"damage":30,"enemies":"3 Sentries","floor":7,"turns":6},{"damage":11,"enemies":"Exordium Wildlife","floor":8,"turns":4},{"damage":9,"enemies":"Red Slaver","floor":13,"turns":3},{"damage":12,"enemies":"The Guardian","floor":16,"turns":10},{"damage":14,"enemies":"2 Thieves","floor":18,"turns":3},{"damage":18,"enemies":"Shell Parasite","floor":19,"turns":4},{"damage":18,"enemies":"Snecko","floor":21,"turns":5},{"damage":23,"enemies":"Centurion and Healer","floor":22,"turns":1}],"seed_played":"847783151951180222","potions_obtained":[{"floor":1.0,"key":"PowerPotion"},{"floor":7,"key":"SpeedPotion"},{"floor":13,"key":"GamblersBrew"}],"is_trial":false,"path_per_floor":["M","?","?","M","M","R","E","M","T","R","?","R","M","$","R","B",null,"M","M","?","M","M"],"character_chosen":"DEFECT","items_purchased":["Defragment"],"campfire_rested":1,"item_purchase_floors":[14],"current_hp_per_floor":[55,48,48,43,42,42,12,1,1,22,39,39,30,30,30,18,56,42,24,24,16,0],"gold":203,"neow_bonus":"ONE_RANDOM_RARE_CARD","is_prod":false,"is_daily":false,"chose_seed":false,"campfire_upgraded":3,"win_rate":0,"timestamp":1545995493,"path_taken":["M","?","?","M","M","R","E","M","T","R","?","R","M","$","R","BOSS","M","M","?","M","M"],"build_version":"2018-12-20","purchased_purges":1,"victory":false,"max_hp_per_floor":[71,71,71,71,71,71,71,71,71,71,71,71,71,68,68,68,68,68,68,47,47,47],"card_choices":[{"not_picked":["Static Discharge","Glacier"],"picked":"Ball Lightning","floor":1.0},{"not_picked":["Consume","Conserve Battery"],"picked":"Skim","floor":4},{"not_picked":["Scrape","Sweeping Beam"],"picked":"Streamline","floor":5},{"not_picked":["Redo","Loop"],"picked":"FTL","floor":7},{"not_picked":["Force Field","Conserve Battery"],"picked":"Auto Shields","floor":8},{"not_picked":["Barrage","Stack"],"picked":"Leap","floor":13},{"not_picked":["All For One","Rainbow"],"picked":"Electrodynamics","floor":16},{"not_picked":["Go for the Eyes","Beam Cell","Rip and Tear"],"picked":"SKIP","floor":18},{"not_picked":["Beam Cell","Rip and Tear"],"picked":"Go for the Eyes","floor":18},{"not_picked":["Ball Lightning+1","Blizzard"],"picked":"Steam","floor":19},{"not_picked":["Ball Lightning","Thunder Strike"],"picked":"Capacitor","floor":21}],"player_experience":877792,"relics_obtained":[{"floor":7,"key":"Ancient Tea Set"},{"floor":9,"key":"Art of War"}],"event_choices":[{"cards_removed":["Strike_B"],"damage_healed":0.0,"max_hp_gain":0.0,"max_hp_loss":0.0,"gold_gain":0.0,"event_name":"Golden Wing","player_choice":"Card Removal","floor":2.0,"gold_loss":0.0,"damage_taken":7.0},{"damage_healed":0,"gold_gain":0,"player_choice":"Ignored","damage_taken":0,"max_hp_gain":0,"max_hp_loss":0,"event_name":"Shining Light","floor":3,"gold_loss":0},{"damage_healed":17,"gold_gain":0,"player_choice":"Healed and dodged fight","damage_taken":0,"max_hp_gain":0,"max_hp_loss":0,"event_name":"Mushrooms","floor":11,"gold_loss":0,"cards_obtained":["Parasite"]},{"damage_healed":0,"gold_gain":0,"player_choice":"Became a vampire","damage_taken":0,"max_hp_gain":0,"max_hp_loss":21,"event_name":"Vampires","floor":20,"gold_loss":0,"cards_obtained":["Bite","Bite","Bite","Bite","Bite"]}],"is_beta":false,"boss_relics":[{"not_picked":["Eternal Feather","Nuclear Battery"],"picked":"Sozu"}],"items_purged_floors":[14],"is_endless":false,"potions_floor_spawned":[1,7,13,18,21],"killed_by":"Centurion and Healer","ascension_level":20}