{"gold_per_floor":[110,19,38,50,70,70,102,102,148,181,192,225,225,225,225,297,297,317,341,361,7,21,21,21,21,48,63,63,63,63],"floor_reached":30,"playtime":27396,"items_purged":[],"score":536,"play_id":"a777408a-8640-4cfc-bbd0-e346194fb89b","local_time":"20181020114252","is_ascension_mode":true,"campfire_choices":[{"data":"Noxious Fumes","floor":6.0,"key":"SMITH"},{"floor":8.0,"key":"REST"},{"floor":13.0,"key":"REST"},{"floor":15.0,"key":"REST"},{"floor":23.0,"key":"REST"},{"data":"A Thousand Cuts","floor":25.0,"key":"SMITH"}],"neow_cost":"","seed_source_timestamp":0,"circlet_count":0,"master_deck":["Defend_G","Defend_G","Defend_G","Defend_G+1","Defend_G","Strike_G","Strike_G","Strike_G","Strike_G","Strike_G","Survivor","Neutralize","AscendersBane","Slice","Noxious Fumes+1","Bane","Noxious Fumes","Slice+1","Cloak And Dagger","Well Laid Plans","Dagger Throw+1","Footwork","Blur","A Thousand Cuts+1","Catalyst","Sucker Punch+1"],"special_seed":0,"relics":["Ring of the Snake","Molten Egg 2","Omamori","Strawberry","Sundial","Sozu","Ancient Tea Set","Incense Burner","Juzu Bracelet","GremlinMask"],"potions_floor_usage":[],"damage_taken":[{"damage":1.0,"enemies":"Cultist","floor":1.0,"turns":5.0},{"damage":0.0,"enemies":"2 Louse","floor":3.0,"turns":3.0},{"damage":4.0,"enemies":"Jaw Worm","floor":4.0,"turns":5.0},{"damage":14.0,"enemies":"Blue Slaver","floor":5.0,"turns":4.0},{"damage":26.0,"enemies":"Gremlin Nob","floor":7.0,"turns":4.0},{"damage":2.0,"enemies":"Lagavulin","floor":10.0,"turns":7.0},{"damage":5.0,"enemies":"Red Slaver","floor":11.0,"turns":4.0},{"damage":15.0,"enemies":"3 Sentries","floor":12.0,"turns":7.0},{"damage":13.0,"enemies":"The Guardian","floor":16.0,"turns":11.0},{"damage":22.0,"enemies":"Spheric Guardian","floor":18.0,"turns":6.0},{"damage":4.0,"enemies":"Chosen","floor":20.0,"turns":5.0},{"damage":16.0,"enemies":"Snake Plant","floor":22.0,"turns":4.0},{"damage":0.0,"enemies":"Slavers","floor":24.0,"turns":1.0},{"damage":33.0,"enemies":"Sentry and Sphere","floor":27.0,"turns":6.0},{"damage":12,"enemies":"Centurion and Healer","floor":30,"turns":4}],"seed_played":"5658180031742827703","potions_obtained":[{"floor":3.0,"key":"AttackPotion"},{"floor":4.0,"key":"Energy Potion"},{"floor":5.0,"key":"Dexterity Potion"},{"floor":10.0,"key":"Fire Potion"},{"floor":12.0,"key":"SmokeBomb"}],"is_trial":false,"path_per_floor":["M","$","M","M","M","R","E","R","T","E","M","E","R","?","R","B",null,"M","T","M","$","M","R","E","R","T","M","?","?"],"character_chosen":"THE_SILENT","items_purchased":["Noxious Fumes","Bane","Incense Burner"],"campfire_rested":4,"item_purchase_floors":[2,2,21],"current_hp_per_floor":[58,58,58,54,40,40,14,33,33,38,33,18,39,17,38,25,61,39,39,35,35,19,40,40,40,40,7,7,7,0],"gold":63,"neow_bonus":"","is_prod":false,"is_daily":false,"chose_seed":false,"campfire_upgraded":2,"win_rate":0,"timestamp":1540028572,"path_taken":["M","$","M","M","M","R","E","R","T","E","?","E","R","?","R","BOSS","M","?","M","$","M","R","E","R","T","M","?","?","M"],"build_version":"2018-10-18","purchased_purges":0,"victory":false,"max_hp_per_floor":[66,66,66,66,66,66,66,66,66,73,73,73,73,73,73,73,73,73,73,73,73,73,73,73,73,73,73,73,73,73],"card_choices":[{"not_picked":["Deflect","Catalyst"],"picked":"Slice","floor":1.0},{"not_picked":["Endless Agony","Terror"],"picked":"Noxious Fumes","floor":3.0},{"not_picked":["Dodge and Roll","Quick Slash"],"picked":"Slice","floor":4.0},{"not_picked":["Quick Slash","Accuracy"],"picked":"Cloak And Dagger","floor":5.0},{"not_picked":["Distraction","Bullet Time"],"picked":"Well Laid Plans","floor":7.0},{"not_picked":["Outmaneuver","PiercingWail"],"picked":"Dagger Throw+1","floor":10.0},{"not_picked":["Doppelganger","Poisoned Stab+1"],"picked":"Footwork","floor":11.0},{"not_picked":["Expertise","Dagger Throw+1"],"picked":"Blur","floor":12.0},{"not_picked":["Venomology","Burst"],"picked":"A Thousand Cuts","floor":16.0},{"not_picked":["Choke+1","Prepared"],"picked":"Catalyst","floor":18.0},{"not_picked":["Escape Plan","Prepared"],"picked":"Sucker Punch+1","floor":20.0},{"not_picked":["Dagger Throw+1","Accuracy","Caltrops"],"picked":"SKIP","floor":22.0},{"not_picked":["Endless Agony+1","Deadly Poison","Underhanded Strike+1"],"picked":"SKIP","floor":27.0}],"player_experience":1534759,"relics_obtained":[{"floor":7.0,"key":"Molten Egg 2"},{"floor":9.0,"key":"Omamori"},{"floor":10.0,"key":"Strawberry"},{"floor":12.0,"key":"Sundial"},{"floor":19.0,"key":"Ancient Tea Set"},{"floor":26.0,"key":"Juzu Bracelet"}],"event_choices":[{"event_name":"Shining Light","player_choice":"Entered Light","floor":14.0,"damage_taken":0.0},{"event_name":"FaceTrader","player_choice":"Trade","floor":28.0,"damage_taken":0.0},{"event_name":"Forgotten Altar","player_choice":"Smashed Altar","floor":29.0,"damage_taken":0.0}],"is_beta":false,"boss_relics":[{"not_picked":["Tiny House","Coffee Dripper"],"picked":"Sozu"}],"items_purged_floors":[],"is_endless":false,"potions_floor_spawned":[3,4,5,10,12,24],"killed_by":"Centurion and Healer","ascension_level":20}