{"gold_per_floor":[112,112,112,212,232,232,276,292,292,308,341,341,341,365,365,496,496,519,36,36,36,51,51,74,99,99,99,112,112],"floor_reached":29,"playtime":2604,"items_purged":[],"score":260,"play_id":"3d72eea6-f506-4013-a188-08b0c32f46a0","local_time":"20181209010044","is_ascension_mode":false,"campfire_choices":[{"data":"Bouncing Flask","floor":6,"key":"SMITH"},{"floor":13,"key":"REST"},{"floor":15,"key":"REST"},{"floor":23,"key":"REST"},{"data":"Venomology","floor":27,"key":"SMITH"}],"neow_cost":"NONE","seed_source_timestamp":24048528689800,"circlet_count":0,"master_deck":["Defend_G","Defend_G+1","Defend_G","Defend_G","Defend_G","Strike_G","Strike_G","Strike_G+1","Strike_G","Strike_G","Survivor","Neutralize","Slice","Injury","Bouncing Flask+1","Outmaneuver","Infinite Blades+1","All Out Attack","Choke","Poisoned Stab","Venomology+1","Blade Dance+1","Crippling Poison","All Out Attack+1","Flying Knee+1","Infinite Blades+1"],"relics":["Ring of the Snake","NeowsBlessing","Golden Idol","Singing Bowl","Incense Burner","Regal Pillow","Bag of Preparation","Eternal Feather","Sundial","Molten Egg 2","Shuriken"],"potions_floor_usage":[10,16,18,24,24,25,28,29,29,29],"damage_taken":[{"damage":0,"enemies":"Small Slimes","floor":1,"turns":1},{"damage":0,"enemies":"2 Louse","floor":5,"turns":1},{"damage":0,"enemies":"Gremlin Nob","floor":7,"turns":1},{"damage":0,"enemies":"Cultist","floor":8,"turns":3},{"damage":0,"enemies":"Large Slime","floor":10,"turns":5},{"damage":28,"enemies":"3 Sentries","floor":11,"turns":8},{"damage":13,"enemies":"2 Fungi Beasts","floor":14,"turns":3},{"damage":52,"enemies":"The Guardian","floor":16,"turns":8},{"damage":38,"enemies":"2 Thieves","floor":18,"turns":4},{"damage":18,"enemies":"Spheric Guardian","floor":22,"turns":5},{"damage":28,"enemies":"Snecko","floor":24,"turns":6},{"damage":24,"enemies":"Centurion and Healer","floor":25,"turns":7},{"damage":32,"enemies":"Cultist and Chosen","floor":28,"turns":5},{"damage":15,"enemies":"Snake Plant","floor":29,"turns":4}],"seed_played":"-550017825707257425","potions_obtained":[{"floor":1,"key":"SkillPotion"},{"floor":10,"key":"Dexterity Potion"},{"floor":11,"key":"LiquidBronze"},{"floor":16,"key":"Explosive Potion"},{"floor":18,"key":"Fire Potion"},{"floor":22,"key":"Regen Potion"},{"floor":28,"key":"Weak Potion"}],"is_trial":false,"path_per_floor":["M","?","?","?","M","R","E","M","T","M","E","?","R","M","R","B",null,"M","$","?","?","M","R","M","M","T","R","M","M"],"character_chosen":"THE_SILENT","items_purchased":["Sundial","Molten Egg 2"],"campfire_rested":3,"item_purchase_floors":[19,19],"current_hp_per_floor":[70,70,56,56,56,56,56,56,56,56,28,16,52,39,70,18,70,32,32,32,32,14,62,58,34,34,49,17,2],"gold":112,"neow_bonus":"THREE_ENEMY_KILL","is_prod":false,"is_daily":false,"chose_seed":false,"campfire_upgraded":2,"win_rate":0.0,"timestamp":1544270444,"path_taken":["M","?","?","?","?","R","E","M","T","M","E","?","R","M","R","BOSS","M","$","?","?","M","R","M","M","T","R","?","M"],"build_version":"2018-12-06","purchased_purges":0,"victory":false,"max_hp_per_floor":[70,70,70,70,70,70,70,70,70,70,70,70,70,70,70,70,70,70,70,70,70,70,70,70,70,70,70,70,70],"card_choices":[{"not_picked":["Accuracy","Dagger Throw"],"picked":"Slice","floor":1},{"not_picked":["Riddle With Holes","Flying Knee"],"picked":"Bouncing Flask","floor":5},{"not_picked":["Heel Hook","Prepared"],"picked":"Outmaneuver","floor":7},{"not_picked":["Flying Knee","Setup"],"picked":"Infinite Blades","floor":8},{"not_picked":["Backflip","Slice"],"picked":"All Out Attack","floor":10},{"not_picked":["Deadly Poison","Bane"],"picked":"Choke","floor":11},{"not_picked":["Sucker Punch","Dagger Spray"],"picked":"Poisoned Stab","floor":14},{"not_picked":["Wraith Form v2","Grand Finale"],"picked":"Venomology","floor":16},{"not_picked":["Caltrops","Cloak And Dagger"],"picked":"Blade Dance+1","floor":18},{"not_picked":["Quick Slash+1","Deadly Poison"],"picked":"Crippling Poison","floor":22},{"not_picked":["Flechettes+1","Quick Slash+1"],"picked":"All Out Attack+1","floor":24},{"not_picked":["Bane+1","Dagger Spray+1"],"picked":"Flying Knee+1","floor":25},{"not_picked":["Distraction","Dodge and Roll+1"],"picked":"Infinite Blades+1","floor":28}],"player_experience":453676,"relics_obtained":[{"floor":7,"key":"Singing Bowl"},{"floor":9,"key":"Incense Burner"},{"floor":11,"key":"Regal Pillow"},{"floor":26,"key":"Shuriken"}],"event_choices":[{"damage_healed":0,"gold_gain":0,"player_choice":"Take Wound","damage_taken":0,"relics_obtained":["Golden Idol"],"max_hp_gain":0,"max_hp_loss":0,"event_name":"Golden Idol","floor":2,"gold_loss":0,"cards_obtained":["Injury"]},{"damage_healed":0,"gold_gain":0,"player_choice":"Entered Light","damage_taken":14,"max_hp_gain":0,"max_hp_loss":0,"event_name":"Shining Light","floor":3,"gold_loss":0,"cards_upgraded":["Strike_G","Defend_G"]},{"damage_healed":0,"gold_gain":100,"player_choice":"Gold","damage_taken":0,"max_hp_gain":0,"max_hp_loss":0,"event_name":"Wheel of Change","floor":4,"gold_loss":0},{"damage_healed":0,"gold_gain":0,"player_choice":"Success","damage_taken":12,"relics_obtained":["Bag of Preparation"],"max_hp_gain":0,"max_hp_loss":0,"event_name":"Scrap Ooze","floor":12,"gold_loss":0},{"damage_healed":0,"gold_gain":0,"player_choice":"Ignored","damage_taken":0,"max_hp_gain":0,"max_hp_loss":0,"event_name":"Vampires","floor":20,"gold_loss":0},{"damage_healed":0,"gold_gain":0,"player_choice":"Upgraded","damage_taken":0,"max_hp_gain":0,"max_hp_loss":0,"event_name":"Upgrade Shrine","floor":21,"gold_loss":0,"cards_upgraded":["Infinite Blades"]}],"is_beta":false,"boss_relics":[{"not_picked":["Tiny House","Orrery"],"picked":"Eternal Feather"}],"items_purged_floors":[],"is_endless":false,"potions_floor_spawned":[1,10,11,16,18,22,28],"killed_by":"Snake Plant","ascension_level":0}