{"path_per_floor":["M","$","M","?","?","E","R","M","T","$","E","M","R","M","R","B",null,"M","?","M","?","M","R","E","R","T","M","M","?","$","M","R","B",null,"M","M","$","M","M","R","?","M","T","M","R","M","?"],"character_chosen":"IRONCLAD","items_purchased":["Deep Breath","Vajra","Twin Strike","Inflame","Fire Breathing","Shrug It Off","Heavy Blade"],"gold_per_floor":[209,114,129,129,129,160,160,174,174,2,42,67,67,91,91,219,219,240,155,168,168,186,186,219,219,219,239,253,253,98,117,117,248,248,262,278,33,58,77,77,77,93,93,111,111,130,130],"floor_reached":48,"campfire_rested":6,"playtime":3371,"current_hp_per_floor":[80,80,80,80,74,48,70,74,74,74,63,67,67,73,73,57,74,74,74,74,74,47,69,45,67,67,66,57,57,57,51,73,9,74,70,48,48,22,18,40,59,40,40,16,38,10,10],"items_purged":["Strike_R","Strike_R"],"gold":130,"score":437,"play_id":"3932dec8-08b4-4a0c-9979-ef98e1b70f1a","local_time":"20180308092419","is_prod":false,"is_daily":false,"is_ascension_mode":true,"campfire_upgraded":2,"timestamp":1520497459,"path_taken":["M","$","?","?","?","E","R","M","T","$","E","?","R","M","R","BOSS","M","?","M","?","M","R","E","R","T","M","?","?","$","M","R","BOSS","M","M","$","M","M","R","?","M","T","M","R","M","?","M"],"build_version":"2018-03-01-PROD1","purchased_purges":2,"victory":false,"master_deck":["Strike_R","Strike_R","Defend_R","Defend_R","Defend_R","Defend_R","Bash","Battle Trance","Deep Breath","Infernal Blade+1","Anger","Anger","Twin Strike","Twin Strike","Shrug It Off","Flex+1","Rampage","Anger+1","Flex","Inflame","Pommel Strike","Thunderclap+1","Fire Breathing","Shrug It Off","Heavy Blade","Ghostly Armor+1","Ghostly Armor+1","Writhe","Shrug It Off","Pummel+1"],"max_hp_per_floor":[80,80,80,80,74,74,74,74,74,74,74,74,74,74,74,74,74,74,74,74,74,74,74,74,74,74,74,74,74,74,74,74,74,74,74,74,74,74,74,74,74,74,74,74,74,74,74],"relics":["Burning Blood","Golden Idol","Kunai","Champion Belt","Vajra","Lantern","Runic Cube","Anchor","Self Forming Clay","Ice Cream","Mark of Pain","Calipers"],"card_choices":[{"not_picked":["Thunderclap","Body Slam"],"picked":"Battle Trance"},{"not_picked":["Cleave","Uppercut"],"picked":"Infernal Blade"},{"not_picked":["Feel No Pain","Impervious"],"picked":"Anger"},{"not_picked":["Sword Boomerang","Uppercut"],"picked":"Twin Strike"},{"not_picked":["Perfected Strike","Body Slam"],"picked":"Shrug It Off"},{"not_picked":["Body Slam","Searing Blow"],"picked":"Flex"},{"not_picked":["Blood for Blood","Dropkick"],"picked":"Rampage"},{"not_picked":["True Grit","Warcry"],"picked":"Anger"},{"not_picked":["Sword Boomerang","Clash"],"picked":"Flex"},{"not_picked":["Warcry","Feel No Pain"],"picked":"Pommel Strike"},{"not_picked":["Shockwave","Dual Wield"],"picked":"Thunderclap"},{"not_picked":["Dropkick","Iron Wave"],"picked":"Ghostly Armor"},{"not_picked":["Anger","Warcry"],"picked":"Ghostly Armor"},{"not_picked":["Sword Boomerang","Thunderclap"],"picked":"Shrug It Off"},{"not_picked":["Infernal Blade","Perfected Strike"],"picked":"Pummel"}],"player_experience":133780,"potions_floor_usage":[14,16,16,33,33,33,42,46,46,48],"damage_taken":[{"damage":1,"enemies":"Cultist","floor":1,"turns":4},{"damage":0,"enemies":"2 Louse","floor":3,"turns":3},{"damage":32,"enemies":"Gremlin Nob","floor":6,"turns":4},{"damage":1,"enemies":"Jaw Worm","floor":8,"turns":3},{"damage":17,"enemies":"Lagavulin","floor":11,"turns":5},{"damage":2,"enemies":"Lots of Slimes","floor":12,"turns":3},{"damage":0,"enemies":"Red Slaver","floor":14,"turns":1},{"damage":22,"enemies":"Slime Boss","floor":16,"turns":8},{"damage":3,"enemies":"Chosen","floor":18,"turns":4},{"damage":3,"enemies":"2 Thieves","floor":20,"turns":4},{"damage":33,"enemies":"Cultist and Chosen","floor":22,"turns":7},{"damage":30,"enemies":"Slavers","floor":24,"turns":6},{"damage":7,"enemies":"Slaver and Parasite","floor":27,"turns":5},{"damage":15,"enemies":"Snake Plant","floor":28,"turns":4},{"damage":12,"enemies":"Centurion and Healer","floor":31,"turns":4},{"damage":70,"enemies":"Automaton","floor":33,"turns":7},{"damage":10,"enemies":"Orb Walker","floor":35,"turns":3},{"damage":28,"enemies":"3 Darklings","floor":36,"turns":5},{"damage":32,"enemies":"Sphere and 2 Shapes","floor":38,"turns":5},{"damage":10,"enemies":"4 Shapes","floor":39,"turns":3},{"damage":25,"enemies":"Maw","floor":42,"turns":7},{"damage":30,"enemies":"3 Darklings","floor":44,"turns":4},{"damage":34,"enemies":"Sphere and 2 Shapes","floor":46,"turns":4},{"damage":11,"enemies":"Maw","floor":48,"turns":4}],"event_choices":[{"event_name":"Match and Keep!","player_choice":"1 cards matched","floor":4,"damage_taken":0},{"event_name":"Golden Idol","player_choice":"Lose Max HP","floor":5,"damage_taken":0},{"event_name":"Addict","player_choice":"Obtained Relic","floor":19,"damage_taken":0},{"event_name":"Cursed Tome","player_choice":"Ignored","floor":21,"damage_taken":0},{"event_name":"Vampires","player_choice":"Ignored","floor":29,"damage_taken":0},{"event_name":"Winding Halls","player_choice":"Writhe","floor":41,"damage_taken":0},{"event_name":"Purifier","player_choice":"One Purge","floor":47,"damage_taken":0}],"boss_relics":[{"not_picked":["Eternal Feather","Pandora\u0027s Box"],"picked":"Runic Cube"},{"not_picked":["Calling Bell","Question Card"],"picked":"Mark of Pain"}],"potions_floor_spawned":[3,6,12,18,28,31,33,36,38,44],"seed_played":"-3429329882748674683","killed_by":"Maw","ascension_level":1,"is_trial":false}