{"gold_per_floor":[137,137,175,140,178,178,216,291,291,16,54,26,26,64,64,314,314,307,345,345,345,383,383,421,421,446,484,23,23,23,61,61,61],"floor_reached":33,"playtime":2112,"items_purged":["Strike_G"],"score":249,"play_id":"08459b5d-845f-43c4-b5db-e63ab12493f7","local_time":"20181030210217","daily_mods":["Heirloom","Diverse","MonsterHunter"],"is_ascension_mode":false,"campfire_choices":[{"data":"Noxious Fumes","floor":6.0,"key":"SMITH"},{"floor":13.0,"key":"REST"},{"floor":15.0,"key":"REST"},{"floor":23.0,"key":"REST"},{"floor":25.0,"key":"REST"},{"floor":32.0,"key":"REST"}],"neow_cost":"","seed_source_timestamp":0,"circlet_count":0,"master_deck":["Defend_G","Defend_G","Defend_G","Defend_G","Defend_G","Strike_G","Strike_G","Strike_G","Strike_G","Survivor","Neutralize","Noxious Fumes+1","Dodge and Roll","Beam Cell","Cloak And Dagger","Whirlwind","Poisoned Stab","Endless Agony","Echo Form","RitualDagger","Deadly Poison+1","Recycle","Battle Trance","Core Surge","Writhe"],"special_seed":17833,"relics":["Ring of the Snake","Peace Pipe","Bottled Tornado","Centennial Puzzle","Kunai","Toolbox","Velvet Choker","Anchor","Happy Flower","Art of War","Blood Vial"],"potions_floor_usage":[],"damage_taken":[{"damage":18.0,"enemies":"Cultist","floor":1.0,"turns":6.0},{"damage":5.0,"enemies":"Small Slimes","floor":3.0,"turns":5.0},{"damage":1.0,"enemies":"2 Louse","floor":5.0,"turns":4.0},{"damage":8.0,"enemies":"Lots of Slimes","floor":7.0,"turns":4.0},{"damage":52.0,"enemies":"Gremlin Nob","floor":8.0,"turns":7.0},{"damage":1.0,"enemies":"Blue Slaver","floor":11.0,"turns":5.0},{"damage":5.0,"enemies":"Looter","floor":14.0,"turns":4.0},{"damage":32.0,"enemies":"Slime Boss","floor":16.0,"turns":11.0},{"damage":13.0,"enemies":"2 Thieves","floor":18.0,"turns":5.0},{"damage":7.0,"enemies":"Chosen","floor":19.0,"turns":6.0},{"damage":14.0,"enemies":"Colosseum Slavers","floor":21.0,"turns":7.0},{"damage":24.0,"enemies":"Shelled Parasite and Fungi","floor":22.0,"turns":9.0},{"damage":16.0,"enemies":"Snake Plant","floor":24.0,"turns":7.0},{"damage":11.0,"enemies":"Cultist and Chosen","floor":27.0,"turns":6.0},{"damage":0.0,"enemies":"Shelled Parasite and Fungi","floor":31.0,"turns":5.0},{"damage":0,"enemies":"Champ","floor":33,"turns":1}],"seed_played":"-1143866258771799124","potions_obtained":[{"floor":5.0,"key":"Dexterity Potion"},{"floor":7.0,"key":"Energy Potion"},{"floor":8.0,"key":"Weak Potion"},{"floor":11.0,"key":"LiquidBronze"},{"floor":18.0,"key":"EssenceOfSteel"},{"floor":22.0,"key":"Dexterity Potion"},{"floor":27.0,"key":"EssenceOfSteel"}],"is_trial":false,"path_per_floor":["M","T","M","?","M","R","M","E","T","$","M","?","R","M","R","B",null,"M","M","?","?","M","R","M","R","T","M","$","?","$","M","R"],"character_chosen":"THE_SILENT","items_purchased":["Toolbox","Happy Flower","Core Surge","Art of War"],"campfire_rested":5,"item_purchase_floors":[10,28,28,28],"current_hp_per_floor":[52,52,47,64,63,63,55,3,3,3,2,2,23,18,39,7,70,57,50,44,30,6,27,11,32,32,21,21,21,21,23,44,46],"gold":61,"neow_bonus":"","is_prod":false,"is_daily":true,"chose_seed":false,"campfire_upgraded":1,"win_rate":0,"timestamp":1540929737,"path_taken":["M","?","M","?","M","R","M","E","T","$","M","?","R","?","R","BOSS","M","M","?","?","M","R","M","R","T","M","?","?","?","M","R","BOSS"],"build_version":"2018-10-25v2","purchased_purges":1,"victory":false,"max_hp_per_floor":[70,70,70,70,70,70,70,70,70,70,70,70,70,70,70,70,70,70,70,70,70,70,70,70,70,70,70,70,70,70,70,70,70],"card_choices":[{"not_picked":["Clash","Compile Driver"],"picked":"Noxious Fumes","floor":1.0},{"not_picked":["Sentinel","Rebound"],"picked":"Dodge and Roll","floor":3.0},{"not_picked":["Warcry","Sword Boomerang"],"picked":"Beam Cell","floor":5.0},{"not_picked":["Underhanded Strike","Capacitor"],"picked":"Cloak And Dagger","floor":7.0},{"not_picked":["Clash","Eviscerate"],"picked":"Whirlwind","floor":8.0},{"not_picked":["Bane","Warcry"],"picked":"Poisoned Stab","floor":11.0},{"not_picked":["Clash","Clothesline"],"picked":"Endless Agony","floor":14.0},{"not_picked":["Fission","Seek"],"picked":"Echo Form","floor":16.0},{"not_picked":["Sucker Punch","Barrage+1","Tactician"],"picked":"SKIP","floor":18.0},{"not_picked":["Acrobatics","Aggregate","Rebound"],"picked":"SKIP","floor":19.0},{"not_picked":["Infernal Blade","Sweeping Beam"],"picked":"Deadly Poison+1","floor":22.0},{"not_picked":["Outmaneuver","Steam"],"picked":"Recycle","floor":24.0},{"not_picked":["Underhanded Strike","Tactician+1"],"picked":"Battle Trance","floor":27.0},{"not_picked":["Perfected Strike","Limit Break","Dagger Spray"],"picked":"SKIP","floor":31.0}],"player_experience":1611444,"relics_obtained":[{"floor":2.0,"key":"Bottled Tornado"},{"floor":8.0,"key":"Centennial Puzzle"},{"floor":9.0,"key":"Kunai"},{"floor":26.0,"key":"Anchor"}],"event_choices":[{"damage_healed":17.0,"max_hp_gain":0.0,"max_hp_loss":0.0,"gold_gain":0.0,"event_name":"The Cleric","player_choice":"Healed","floor":4.0,"gold_loss":35.0,"damage_taken":0.0},{"damage_healed":0.0,"max_hp_gain":0.0,"max_hp_loss":0.0,"gold_gain":0.0,"event_name":"World of Goop","player_choice":"Left Gold","floor":12.0,"gold_loss":28.0,"damage_taken":0.0},{"damage_healed":0.0,"max_hp_gain":0.0,"max_hp_loss":0.0,"gold_gain":0.0,"event_name":"Nest","player_choice":"Joined the Cult","floor":20.0,"gold_loss":0.0,"damage_taken":6.0,"cards_obtained":["RitualDagger"]},{"damage_healed":0.0,"max_hp_gain":0.0,"max_hp_loss":0.0,"gold_gain":0.0,"event_name":"Colosseum","player_choice":"Fight","floor":21.0,"gold_loss":0.0,"damage_taken":0.0},{"damage_healed":0.0,"max_hp_gain":0.0,"max_hp_loss":0.0,"gold_gain":0.0,"event_name":"Colosseum","player_choice":"Fled From Nobs","floor":21.0,"gold_loss":0.0,"damage_taken":0.0},{"damage_healed":0.0,"max_hp_gain":0.0,"max_hp_loss":0.0,"gold_gain":0.0,"event_name":"The Mausoleum","player_choice":"Opened","floor":29.0,"gold_loss":0.0,"damage_taken":0.0,"relics_obtained":["Blood Vial"],"cards_obtained":["Writhe"]}],"is_beta":false,"boss_relics":[{"not_picked":["HoveringKite","Lizard Tail"],"picked":"Velvet Choker"}],"items_purged_floors":[10],"is_endless":false,"potions_floor_spawned":[5,7,8,11,18,22,27],"killed_by":"Champ","ascension_level":0}