{"gold_per_floor":[109,123,123,123,137,137,137,162,162,180,194,76,96,112,112,214,214,230,240,165,165,183,183,183,202,226,254,254,269,184,196,208,321,333,361,298,312,135,151,151,151,151,151,166,179,179,198,215,215,215],"floor_reached":50,"playtime":7439,"items_purged":["Strike_B","Rip and Tear"],"score":468,"play_id":"4e1b8130-3d11-40ad-b9ca-34081454640a","local_time":"20190107022535","is_ascension_mode":false,"campfire_choices":[{"data":"Loop","floor":7,"key":"SMITH"},{"floor":15,"key":"REST"},{"floor":23,"key":"REST"},{"floor":28,"key":"REST"},{"data":"Defragment","floor":32,"key":"SMITH"},{"floor":40,"key":"REST"},{"data":"Writhe","floor":42,"key":"PURGE"},{"floor":49,"key":"REST"}],"neow_cost":"NONE","seed_source_timestamp":1561420735721916,"circlet_count":0,"master_deck":["Zap","Dualcast","Force Field","Loop+1","BootSequence","Genetic Algorithm","Ball Lightning","Cold Snap","Streamline","Defragment+1","White Noise","Seek","Thunder Strike","Creative AI+1","Gash+1","Auto Shields+1","Compile Driver+1","Tempest+1","Redo","RitualDagger","Capacitor+1","Lockon","Barrage","Auto Shields","Electrodynamics+1","Static Discharge+1","Buffer+1","Auto Shields+1","Storm+1"],"relics":["Cracked Core","Pantograph","Peace Pipe","Orichalcum","Astrolabe","Ancient Tea Set","Centennial Puzzle","Frozen Egg 2","MawBank","Happy Flower"],"potions_floor_usage":[11,13,16,16,27,27,39,48,48],"damage_taken":[{"damage":3,"enemies":"2 Louse","floor":1,"turns":4},{"damage":1,"enemies":"Jaw Worm","floor":2,"turns":4},{"damage":0,"enemies":"Small Slimes","floor":5,"turns":2},{"damage":27,"enemies":"3 Sentries","floor":8,"turns":8},{"damage":3,"enemies":"Red Slaver","floor":10,"turns":4},{"damage":15,"enemies":"Lots of Slimes","floor":11,"turns":4},{"damage":0,"enemies":"Large Slime","floor":13,"turns":4},{"damage":2,"enemies":"Red Slaver","floor":14,"turns":3},{"damage":6,"enemies":"Slime Boss","floor":16,"turns":6},{"damage":15,"enemies":"3 Byrds","floor":18,"turns":5},{"damage":5,"enemies":"Shell Parasite","floor":19,"turns":6},{"damage":16,"enemies":"Snake Plant","floor":22,"turns":4},{"damage":0,"enemies":"Cultist and Chosen","floor":25,"turns":3},{"damage":28,"enemies":"Slavers","floor":27,"turns":6},{"damage":3,"enemies":"Centurion and Healer","floor":29,"turns":7},{"damage":46,"enemies":"Automaton","floor":33,"turns":9},{"damage":17,"enemies":"Orb Walker","floor":35,"turns":4},{"damage":20,"enemies":"3 Darklings","floor":37,"turns":2},{"damage":14,"enemies":"Jaw Worm Horde","floor":39,"turns":6},{"damage":0,"enemies":"Transient","floor":44,"turns":5},{"damage":16,"enemies":"Spire Growth","floor":45,"turns":5},{"damage":2,"enemies":"Maw","floor":47,"turns":8},{"damage":21,"enemies":"Sphere and 2 Shapes","floor":48,"turns":4},{"damage":73,"enemies":"Awakened One","floor":50,"turns":5}],"seed_played":"8150471846574487109","potions_obtained":[{"floor":1,"key":"FearPotion"},{"floor":10,"key":"EssenceOfSteel"},{"floor":11,"key":"Regen Potion"},{"floor":14,"key":"AttackPotion"},{"floor":16,"key":"EssenceOfSteel"},{"floor":19,"key":"AttackPotion"},{"floor":22,"key":"Energy Potion"},{"floor":33,"key":"Poison Potion"},{"floor":44,"key":"Energy Potion"},{"floor":45,"key":"Strength Potion"}],"is_trial":false,"path_per_floor":["M","M","?","?","M","?","R","E","T","M","M","$","M","M","R","B",null,"M","M","?","?","M","R","?","M","T","E","R","M","?","?","R","B",null,"M","$","M","$","M","R","?","R","T","M","M","?","M","M","R","B"],"character_chosen":"DEFECT","items_purchased":["Streamline","Defragment","Buffer+1"],"campfire_rested":5,"item_purchase_floors":[12,12,38],"current_hp_per_floor":[72,71,59,75,75,68,68,41,41,38,23,23,35,33,55,69,75,60,55,55,55,39,61,55,55,55,27,49,46,46,46,46,25,75,58,58,38,38,24,46,65,65,65,65,49,49,47,26,48,0],"gold":215,"neow_bonus":"TRANSFORM_CARD","is_prod":false,"is_daily":false,"chose_seed":false,"campfire_upgraded":2,"win_rate":0.0,"timestamp":1546827935,"path_taken":["M","M","?","?","M","?","R","E","T","?","M","$","M","M","R","BOSS","M","?","?","?","?","R","?","M","T","E","R","M","?","?","R","BOSS","M","$","M","$","M","R","?","R","T","M","M","?","M","M","R","BOSS"],"build_version":"2019-01-03v4","purchased_purges":2,"victory":false,"max_hp_per_floor":[75,75,75,75,75,75,75,75,75,75,75,75,75,75,75,75,75,75,75,75,75,75,75,75,75,75,75,75,75,75,75,75,75,75,75,75,75,75,75,75,75,75,75,75,75,75,75,75,75,75],"card_choices":[{"not_picked":["Coolheaded","Chill"],"picked":"Loop","floor":1},{"not_picked":["Hello World","Hologram"],"picked":"BootSequence","floor":2},{"not_picked":["Conserve Battery","Double Energy"],"picked":"Genetic Algorithm","floor":5},{"not_picked":["Melter","Stack"],"picked":"Rip and Tear","floor":8},{"not_picked":["Compile Driver","Scrape"],"picked":"Ball Lightning","floor":10},{"not_picked":["Reprogram","Chill"],"picked":"Cold Snap","floor":11},{"not_picked":["Beam Cell","Undo"],"picked":"White Noise","floor":13},{"not_picked":["Compile Driver","Blizzard"],"picked":"Seek","floor":14},{"not_picked":["Multi-Cast","Rainbow"],"picked":"Thunder Strike","floor":16},{"not_picked":["Reprogram","Heatsinks"],"picked":"Compile Driver+1","floor":18},{"not_picked":["Sweeping Beam","Rebound"],"picked":"Tempest+1","floor":19},{"not_picked":["Sweeping Beam","Glacier+1"],"picked":"Redo","floor":22},{"not_picked":["Go for the Eyes","Rebound","Hologram"],"picked":"SKIP","floor":25},{"not_picked":["Heatsinks+1","Skim"],"picked":"Capacitor","floor":27},{"not_picked":["Fusion","Hologram"],"picked":"Lockon","floor":29},{"not_picked":["Multi-Cast","Thunder Strike"],"picked":"Electrodynamics+1","floor":33},{"not_picked":["Blizzard","Beam Cell+1"],"picked":"Static Discharge+1","floor":35},{"not_picked":["Loop+1","Skim","Undo"],"picked":"SKIP","floor":37},{"not_picked":["Go for the Eyes","Coolheaded"],"picked":"Auto Shields+1","floor":39},{"not_picked":["Ball Lightning","Barrage","Steam Power"],"picked":"SKIP","floor":44},{"not_picked":["Conserve Battery+1","Cold Snap","Sweeping Beam"],"picked":"SKIP","floor":45},{"not_picked":["Ball Lightning+1","Beam Cell"],"picked":"Storm+1","floor":47},{"not_picked":["Auto Shields+1","Doom and Gloom","Static Discharge+1"],"picked":"SKIP","floor":48}],"player_experience":6416,"relics_obtained":[{"floor":8,"key":"Peace Pipe"},{"floor":9,"key":"Orichalcum"},{"floor":26,"key":"Centennial Puzzle"},{"floor":27,"key":"Frozen Egg 2"},{"floor":43,"key":"Happy Flower"}],"event_choices":[{"damage_healed":0,"gold_gain":0,"player_choice":"Success","damage_taken":12,"relics_obtained":["Pantograph"],"max_hp_gain":0,"max_hp_loss":0,"event_name":"Scrap Ooze","floor":3,"gold_loss":0},{"damage_healed":25,"gold_gain":0,"player_choice":"Banana","damage_taken":0,"max_hp_gain":0,"max_hp_loss":0,"event_name":"Big Fish","floor":4,"gold_loss":0},{"damage_healed":0,"gold_gain":0,"player_choice":"Damaged","damage_taken":7,"max_hp_gain":0,"max_hp_loss":0,"event_name":"Wheel of Change","floor":6,"gold_loss":0},{"cards_removed":["Defend_B"],"damage_healed":0,"gold_gain":0,"player_choice":"Gave Gold","damage_taken":0,"max_hp_gain":0,"max_hp_loss":0,"event_name":"Beggar","floor":20,"gold_loss":75},{"damage_healed":0,"gold_gain":0,"player_choice":"Gave Potion","damage_taken":0,"relics_obtained":["Ancient Tea Set"],"max_hp_gain":0,"max_hp_loss":0,"event_name":"WeMeetAgain","floor":21,"gold_loss":0},{"damage_healed":0,"gold_gain":0,"player_choice":"Joined the Cult","damage_taken":6,"max_hp_gain":0,"max_hp_loss":0,"event_name":"Nest","floor":24,"gold_loss":0,"cards_obtained":["RitualDagger"]},{"damage_healed":0,"gold_gain":0,"player_choice":"Obtained Relic","damage_taken":0,"relics_obtained":["MawBank"],"max_hp_gain":0,"max_hp_loss":0,"event_name":"Addict","floor":30,"gold_loss":85},{"damage_healed":0,"gold_gain":0,"cards_transformed":["Defend_B","Defend_B"],"player_choice":"Became Test Subject","damage_taken":0,"max_hp_gain":0,"max_hp_loss":0,"event_name":"Drug Dealer","floor":31,"gold_loss":0,"cards_obtained":["Barrage","Auto Shields"]},{"damage_healed":19,"gold_gain":0,"player_choice":"Writhe","damage_taken":0,"max_hp_gain":0,"max_hp_loss":0,"event_name":"Winding Halls","floor":41,"gold_loss":0,"cards_obtained":["Writhe"]},{"damage_healed":0,"gold_gain":0,"player_choice":"Ignored","damage_taken":0,"max_hp_gain":0,"max_hp_loss":0,"event_name":"Tomb of Lord Red Mask","floor":46,"gold_loss":0}],"is_beta":false,"boss_relics":[{"not_picked":["Lizard Tail","Orrery"],"picked":"Astrolabe"},{"not_picked":["Runic Dome","Coffee Dripper","Snecko Eye"]}],"items_purged_floors":[36,38],"is_endless":false,"potions_floor_spawned":[1,10,11,14,16,19,22,33,44,45],"killed_by":"Awakened One","ascension_level":0}