{"gold_per_floor":[118,130,149,1,1,1,28,28,82,82,111,111,36,51,51,148,148,158,158,75,88,9,39,68,80,167,32,32,32,47,79,79,174,174,185,197,243,10,81,81,81],"floor_reached":41,"playtime":1799,"items_purged":["Strike_R"],"score":587,"play_id":"ef4ee601-285d-4923-8bee-9cb9c1b7bd7f","local_time":"20181023232822","is_ascension_mode":true,"campfire_choices":[{"data":"Flame Barrier","floor":6.0,"key":"SMITH"},{"data":"True Grit","floor":10.0,"key":"SMITH"},{"data":"Clothesline","floor":12.0,"key":"SMITH"},{"data":"Pummel","floor":15.0,"key":"SMITH"},{"floor":25.0,"key":"REST"},{"floor":29.0,"key":"REST"},{"data":"Whirlwind","floor":32.0,"key":"SMITH"},{"data":"Disarm","floor":40,"key":"SMITH"}],"neow_cost":"NONE","seed_source_timestamp":52814504382176,"circlet_count":0,"master_deck":["Strike_R","Strike_R","Strike_R","Strike_R","Defend_R","Defend_R","Defend_R","Defend_R","Bash+1","Exhume","True Grit+1","Flame Barrier+1","Twin Strike","Pummel+1","Clothesline+1","Reaper","Disarm+1","Shrug It Off","Shockwave","Whirlwind+1","Spot Weakness","Uppercut+1","Shrug It Off","Offering","True Grit+1","Shrug It Off+1","Barricade+1"],"special_seed":0,"relics":["Burning Blood","Pen Nib","Art of War","Bag of Marbles","Nunchaku","Orrery","Enchiridion","Lantern","MawBank","Self Forming Clay","Bronze Scales","Frozen Egg 2","Velvet Choker","Dead Branch","Oddly Smooth Stone","Blue Candle"],"potions_floor_usage":[41],"damage_taken":[{"damage":4.0,"enemies":"Jaw Worm","floor":1.0,"turns":4.0},{"damage":0.0,"enemies":"2 Louse","floor":2.0,"turns":3.0},{"damage":3.0,"enemies":"Small Slimes","floor":3.0,"turns":4.0},{"damage":24.0,"enemies":"Gremlin Nob","floor":7.0,"turns":5.0},{"damage":15.0,"enemies":"Lagavulin","floor":11.0,"turns":5.0},{"damage":6.0,"enemies":"Looter","floor":14.0,"turns":2.0},{"damage":13.0,"enemies":"The Guardian","floor":16.0,"turns":14.0},{"damage":10.0,"enemies":"Spheric Guardian","floor":18.0,"turns":8.0},{"damage":0.0,"enemies":"Chosen","floor":21.0,"turns":4.0},{"damage":57.0,"enemies":"Book of Stabbing","floor":23.0,"turns":7.0},{"damage":11.0,"enemies":"Snake Plant","floor":24.0,"turns":3.0},{"damage":27.0,"enemies":"3 Cultists","floor":30.0,"turns":5.0},{"damage":10.0,"enemies":"Gremlin Leader","floor":31.0,"turns":4.0},{"damage":82.0,"enemies":"Collector","floor":33.0,"turns":11.0},{"damage":0.0,"enemies":"Orb Walker","floor":35.0,"turns":2.0},{"damage":16.0,"enemies":"3 Shapes","floor":36.0,"turns":3.0},{"damage":24,"enemies":"2 Orb Walkers","floor":37,"turns":4},{"damage":111,"enemies":"Giant Head","floor":41,"turns":9}],"seed_played":"8014749224625141318","potions_obtained":[{"floor":2.0,"key":"SkillPotion"},{"floor":11.0,"key":"Poison Potion"},{"floor":16.0,"key":"FearPotion"},{"floor":23.0,"key":"Dexterity Potion"},{"floor":24.0,"key":"Strength Potion"},{"floor":30.0,"key":"Regen Potion"},{"floor":33.0,"key":"EssenceOfSteel"},{"floor":35.0,"key":"AttackPotion"},{"floor":37,"key":"EssenceOfSteel"}],"is_trial":false,"path_per_floor":["M","M","M","$","?","R","E","?","T","R","E","R","$","M","R","B",null,"M","?","?","M","$","E","M","R","T","$","$","R","M","E","R","B",null,"M","M","?","$","T","R"],"character_chosen":"IRONCLAD","items_purchased":["Pen Nib","Spot Weakness","Bronze Scales","Oddly Smooth Stone","Barricade+1"],"campfire_rested":2,"item_purchase_floors":[4,22,27,38,38],"current_hp_per_floor":[74,80,80,80,80,80,62,62,62,62,53,53,53,53,53,46,72,68,52,52,70,70,29,24,48,48,48,48,72,60,68,68,9,62,68,58,60,60,60,60,0],"gold":81,"neow_bonus":"ONE_RANDOM_RARE_CARD","is_prod":false,"is_daily":false,"chose_seed":false,"campfire_upgraded":6,"win_rate":0,"timestamp":1540330102,"path_taken":["M","M","M","$","?","R","E","?","T","R","E","R","$","M","R","BOSS","M","?","?","M","$","E","?","R","T","?","$","R","M","E","R","BOSS","M","?","?","$","?","R","E"],"build_version":"2018-10-22","purchased_purges":1,"victory":false,"max_hp_per_floor":[80,80,80,80,80,80,80,80,80,80,80,80,80,80,80,80,80,80,80,80,80,80,80,80,80,80,80,80,80,80,80,80,80,80,80,80,80,80,80,80,80],"card_choices":[{"not_picked":["Heavy Blade","Sword Boomerang"],"picked":"True Grit","floor":1.0},{"not_picked":["Havoc","Wild Strike"],"picked":"Flame Barrier","floor":2.0},{"not_picked":["Flex","Reckless Charge"],"picked":"Twin Strike","floor":3.0},{"not_picked":["Fire Breathing","Armaments"],"picked":"Pummel","floor":7.0},{"not_picked":["Iron Wave","Combust"],"picked":"Clothesline","floor":11.0},{"not_picked":["Rage","Searing Blow","Bloodletting"],"picked":"SKIP","floor":14.0},{"not_picked":["Fiend Fire","Feed"],"picked":"Reaper","floor":16.0},{"not_picked":["Anger","Armaments"],"picked":"Disarm","floor":17.0},{"not_picked":["Wild Strike","Havoc"],"picked":"Shrug It Off","floor":17.0},{"not_picked":["Clothesline","Headbutt"],"picked":"Shockwave","floor":17.0},{"not_picked":["Intimidate","Reckless Charge+1"],"picked":"Whirlwind","floor":18.0},{"not_picked":["Wild Strike","Reckless Charge","Cleave"],"picked":"SKIP","floor":21.0},{"not_picked":["Rupture","Double Tap"],"picked":"Uppercut+1","floor":23.0},{"not_picked":["Dropkick","Heavy Blade","Body Slam"],"picked":"SKIP","floor":24.0},{"not_picked":["Pommel Strike+1","Sentinel"],"picked":"Shrug It Off","floor":30.0},{"not_picked":["Heavy Blade","Headbutt","Havoc"],"picked":"SKIP","floor":31.0},{"not_picked":["Dark Embrace+1","Brutality+1"],"picked":"Offering","floor":33.0},{"not_picked":["Thunderclap","Havoc"],"picked":"True Grit+1","floor":35.0},{"not_picked":["Sword Boomerang","Cleave+1"],"picked":"Shrug It Off+1","floor":36.0}],"player_experience":642171,"relics_obtained":[{"floor":7.0,"key":"Art of War"},{"floor":9.0,"key":"Bag of Marbles"},{"floor":11.0,"key":"Nunchaku"},{"floor":19.0,"key":"Enchiridion"},{"floor":23.0,"key":"MawBank"},{"floor":26.0,"key":"Self Forming Clay"},{"floor":31.0,"key":"Frozen Egg 2"},{"floor":37,"key":"Dead Branch"},{"floor":39,"key":"Blue Candle"}],"event_choices":[{"damage_healed":0.0,"max_hp_gain":0.0,"max_hp_loss":0.0,"gold_gain":0.0,"event_name":"The Cleric","player_choice":"Leave","floor":5.0,"gold_loss":0.0,"damage_taken":0.0},{"damage_healed":0.0,"max_hp_gain":0.0,"max_hp_loss":0.0,"gold_gain":0.0,"event_name":"Living Wall","player_choice":"Grow","floor":8.0,"gold_loss":0.0,"damage_taken":0.0,"cards_upgraded":["Bash"]},{"damage_healed":0.0,"max_hp_gain":0.0,"max_hp_loss":0.0,"gold_gain":0.0,"event_name":"Cursed Tome","player_choice":"Obtained Book","floor":19.0,"gold_loss":0.0,"damage_taken":16.0},{"damage_healed":0.0,"max_hp_gain":0.0,"max_hp_loss":0.0,"gold_gain":0.0,"event_name":"WeMeetAgain","player_choice":"Paid Gold","floor":20.0,"gold_loss":83.0,"damage_taken":0.0,"relics_obtained":["Lantern"]},{"damage_healed":0,"gold_gain":0,"player_choice":"Fight","damage_taken":0,"max_hp_gain":0,"max_hp_loss":0,"event_name":"Mysterious Sphere","floor":37,"gold_loss":0}],"is_beta":true,"boss_relics":[{"not_picked":["Fusion Hammer","Snecko Eye"],"picked":"Orrery"},{"not_picked":["Runic Cube","Calling Bell"],"picked":"Velvet Choker"}],"items_purged_floors":[13],"is_endless":false,"potions_floor_spawned":[2,11,16,23,24,30,33,35,37],"killed_by":"Giant Head","ascension_level":7}