{"gold_per_floor":[115,115,115,115,130,166,166,17,17,17,38,59,79,119,119,213,213,238,238,222,222,232,232],"floor_reached":23,"playtime":880,"items_purged":[],"score":452,"play_id":"4d2ddbb3-9ce8-4a4a-b3d7-9b488ac0180c","local_time":"20181216182440","is_ascension_mode":true,"campfire_choices":[{"data":"Noxious Fumes","floor":7.0,"key":"SMITH"},{"floor":15.0,"key":"REST"}],"neow_cost":"NONE","seed_source_timestamp":32534020150902,"circlet_count":0,"master_deck":["AscendersBane","Defend_G","Defend_G","Defend_G","Defend_G","Defend_G","Strike_G","Strike_G","Strike_G","Strike_G","Survivor","Neutralize","Deadly Poison","Noxious Fumes+1","Dodge and Roll","Malaise","Envenom","Noxious Fumes","Malaise","Glass Knife","Noxious Fumes","Endless Agony+1"],"special_seed":0,"relics":["Ring of the Snake","NeowsBlessing","Bloody Idol","Pen Nib","PreservedInsect","Bottled Tornado","Philosopher\u0027s Stone"],"potions_floor_usage":[],"damage_taken":[{"damage":0.0,"enemies":"2 Louse","floor":1.0,"turns":1.0},{"damage":0.0,"enemies":"Jaw Worm","floor":5.0,"turns":1.0},{"damage":0.0,"enemies":"Gremlin Nob","floor":6.0,"turns":1.0},{"damage":9.0,"enemies":"Small Slimes","floor":11.0,"turns":3.0},{"damage":14.0,"enemies":"Gremlin Gang","floor":12.0,"turns":7.0},{"damage":13.0,"enemies":"3 Louse","floor":13.0,"turns":4.0},{"damage":26.0,"enemies":"3 Sentries","floor":14.0,"turns":6.0},{"damage":20.0,"enemies":"The Guardian","floor":16.0,"turns":9.0},{"damage":12.0,"enemies":"Spheric Guardian","floor":18.0,"turns":5.0},{"damage":23.0,"enemies":"2 Thieves","floor":20.0,"turns":4.0},{"damage":11.0,"enemies":"Sentry and Sphere","floor":22.0,"turns":4.0},{"damage":13,"enemies":"Slavers","floor":23,"turns":1}],"seed_played":"-242649455696659583","potions_obtained":[{"floor":12.0,"key":"Regen Potion"},{"floor":14.0,"key":"Swift Potion"},{"floor":20.0,"key":"Fire Potion"}],"is_trial":false,"path_per_floor":["M","?","T","?","M","E","R","$","T","?","M","M","M","E","R","B",null,"M","?","M","?","M","E"],"character_chosen":"THE_SILENT","items_purchased":["Malaise"],"campfire_rested":1,"item_purchase_floors":[8],"current_hp_per_floor":[59,59,59,59,59,59,59,59,59,59,50,36,23,12,31,11,52,40,40,17,17,11,0],"gold":232,"neow_bonus":"THREE_ENEMY_KILL","is_prod":false,"is_daily":false,"chose_seed":false,"campfire_upgraded":1,"win_rate":0,"timestamp":1544981080,"path_taken":["M","?","?","?","?","E","R","$","T","?","M","?","M","E","R","BOSS","M","?","M","?","M","E"],"build_version":"2018-12-13","purchased_purges":0,"victory":false,"max_hp_per_floor":[66,66,66,66,66,66,66,66,66,66,66,66,66,66,66,66,66,66,66,66,66,66,66],"card_choices":[{"not_picked":["Outmaneuver","Flying Knee"],"picked":"Deadly Poison","floor":1.0},{"not_picked":["Reflex","Deflect"],"picked":"Noxious Fumes","floor":5.0},{"not_picked":["Eviscerate","Bane"],"picked":"Dodge and Roll","floor":6.0},{"not_picked":["Dagger Throw","Underhanded Strike","Eviscerate"],"picked":"SKIP","floor":11.0},{"not_picked":["Predator","Underhanded Strike"],"picked":"Envenom","floor":12.0},{"not_picked":["Sucker Punch","Poisoned Stab"],"picked":"Noxious Fumes","floor":13.0},{"not_picked":["Dodge and Roll","Dagger Spray"],"picked":"Malaise","floor":14.0},{"not_picked":["Doppelganger","Tools of the Trade"],"picked":"Glass Knife","floor":16.0},{"not_picked":["Blade Dance","Dagger Throw","Prepared"],"picked":"SKIP","floor":18.0},{"not_picked":["Well Laid Plans","Heel Hook"],"picked":"Noxious Fumes","floor":20.0},{"not_picked":["Escape Plan","Bane"],"picked":"Endless Agony+1","floor":22.0}],"player_experience":1881344,"relics_obtained":[{"floor":6.0,"key":"Pen Nib"},{"floor":9.0,"key":"PreservedInsect"},{"floor":14.0,"key":"Bottled Tornado"}],"event_choices":[{"damage_healed":0.0,"max_hp_gain":0.0,"max_hp_loss":0.0,"gold_gain":0.0,"event_name":"Golden Idol","player_choice":"Take Wound","floor":2.0,"gold_loss":0.0,"damage_taken":0.0,"relics_obtained":["Golden Idol"],"cards_obtained":["Injury"]},{"cards_removed":["Injury"],"damage_healed":0.0,"max_hp_gain":0.0,"max_hp_loss":0.0,"gold_gain":0.0,"event_name":"Fountain of Cleansing","player_choice":"Removed Curses","floor":4.0,"gold_loss":0.0,"damage_taken":0.0},{"cards_removed":["Strike_G"],"damage_healed":0.0,"max_hp_gain":0.0,"max_hp_loss":0.0,"gold_gain":0.0,"event_name":"Purifier","player_choice":"Purged","floor":10.0,"gold_loss":0.0,"damage_taken":0.0},{"damage_healed":0.0,"max_hp_gain":0.0,"max_hp_loss":0.0,"gold_gain":0.0,"event_name":"Ghosts","player_choice":"Ignored","floor":19.0,"gold_loss":0.0,"damage_taken":0.0},{"damage_healed":0.0,"max_hp_gain":0.0,"max_hp_loss":0.0,"gold_gain":0.0,"event_name":"Forgotten Altar","player_choice":"Gave Idol","floor":21.0,"relics_lost":["Golden Idol"],"gold_loss":0.0,"damage_taken":0.0,"relics_obtained":["Bloody Idol"]}],"is_beta":false,"boss_relics":[{"not_picked":["Runic Dome","Eternal Feather"],"picked":"Philosopher\u0027s Stone"}],"items_purged_floors":[],"is_endless":false,"potions_floor_spawned":[12,14,20],"killed_by":"Slavers","ascension_level":20}