{"gold_per_floor":[117,135,155,168,14,14,45,45,69,85,85,417,417,434,434,508,508,523,237,250,263,21,21,21,21,48,60,72,95,135,147,159,171],"floor_reached":33,"playtime":1500,"items_purged":["Strike_B","Strike_B"],"score":613,"play_id":"82ec0880-fadf-4422-81d1-d4aa817a200b","local_time":"20190131214645","is_ascension_mode":true,"campfire_choices":[{"data":"Rip and Tear","floor":6.0,"key":"SMITH"},{"data":"Buffer","floor":11.0,"key":"SMITH"},{"data":"Zap","floor":13.0,"key":"SMITH"},{"data":"Ball Lightning","floor":15.0,"key":"SMITH"},{"data":"Seek","floor":23.0,"key":"SMITH"},{"data":"Go for the Eyes","floor":25.0,"key":"SMITH"},{"data":"Defragment","floor":28.0,"key":"SMITH"},{"data":"Glacier","floor":32,"key":"SMITH"}],"neow_cost":"NONE","seed_source_timestamp":40720207265449,"circlet_count":0,"master_deck":["AscendersBane","Strike_B","Defend_B+1","Defend_B","Defend_B+1","Defend_B","Zap+1","Dualcast","Seek+1","Rip and Tear+1","Leap","Conserve Battery","Buffer+1","Go for the Eyes+1","Sweeping Beam","Ball Lightning+1","Coolheaded","Core Surge","Self Repair+1","Doom and Gloom","Chill+1","Steam","Rip and Tear+1","Defragment+1","Glacier+1"],"special_seed":0,"relics":["Cracked Core","Oddly Smooth Stone","War Paint","Smiling Mask","Potion Belt","Old Coin","White Beast Statue","Pen Nib","DollysMirror","MawBank","Dodecahedron"],"potions_floor_usage":[33,33],"damage_taken":[{"damage":11.0,"enemies":"Small Slimes","floor":1.0,"turns":3.0},{"damage":1.0,"enemies":"Cultist","floor":2.0,"turns":4.0},{"damage":3.0,"enemies":"Jaw Worm","floor":3.0,"turns":2.0},{"damage":1.0,"enemies":"3 Louse","floor":4.0,"turns":3.0},{"damage":18.0,"enemies":"3 Sentries","floor":7.0,"turns":8.0},{"damage":0.0,"enemies":"Blue Slaver","floor":10.0,"turns":2.0},{"damage":0.0,"enemies":"Lagavulin","floor":12.0,"turns":7.0},{"damage":0.0,"enemies":"Large Slime","floor":14.0,"turns":5.0},{"damage":0.0,"enemies":"Slime Boss","floor":16.0,"turns":9.0},{"damage":0.0,"enemies":"Spheric Guardian","floor":18.0,"turns":4.0},{"damage":14.0,"enemies":"3 Byrds","floor":20.0,"turns":4.0},{"damage":10.0,"enemies":"Snake Plant","floor":21.0,"turns":5.0},{"damage":7.0,"enemies":"3 Cultists","floor":29.0,"turns":5.0},{"damage":22.0,"enemies":"Gremlin Leader","floor":30.0,"turns":5.0},{"damage":79,"enemies":"Champ","floor":33,"turns":17}],"seed_played":"-3517219106430594536","potions_obtained":[{"floor":2.0,"key":"Swift Potion"},{"floor":3.0,"key":"FearPotion"},{"floor":10.0,"key":"SpeedPotion"},{"floor":12.0,"key":"Block Potion"},{"floor":16.0,"key":"Ancient Potion"},{"floor":18.0,"key":"Block Potion"},{"floor":20.0,"key":"PowerPotion"},{"floor":21.0,"key":"Block Potion"},{"floor":29.0,"key":"Weak Potion"},{"floor":30.0,"key":"FairyPotion"}],"is_trial":false,"path_per_floor":["M","M","M","M","$","R","E","?","T","M","R","E","R","M","R","B",null,"M","$","M","M","$","R","?","R","T","?","R","M","E","?","R","B"],"character_chosen":"DEFECT","items_purchased":["Oddly Smooth Stone","Pen Nib","Doom and Gloom","DollysMirror"],"campfire_rested":0,"item_purchase_floors":[5,19,19,22],"current_hp_per_floor":[53,52,49,48,48,48,30,30,30,30,30,30,30,30,30,30,61,61,61,57,67,67,67,67,67,67,67,67,70,58,58,58,0],"gold":171,"neow_bonus":"ONE_RANDOM_RARE_CARD","is_prod":false,"is_daily":false,"chose_seed":false,"campfire_upgraded":8,"win_rate":0,"timestamp":1548967605,"path_taken":["M","M","M","M","$","R","E","?","T","M","R","E","R","M","R","BOSS","M","?","M","M","$","R","?","R","T","?","R","M","E","?","R","BOSS"],"build_version":"2019-01-23","purchased_purges":2,"victory":false,"max_hp_per_floor":[71,71,71,71,71,71,71,71,71,71,71,71,71,71,71,71,71,71,71,71,71,71,71,71,71,71,71,71,71,71,71,71,71],"card_choices":[{"not_picked":["Hologram","Leap"],"picked":"Rip and Tear","floor":1.0},{"not_picked":["Barrage","Redo"],"picked":"Leap","floor":2.0},{"not_picked":["Skim","Loop"],"picked":"Conserve Battery","floor":3.0},{"not_picked":["Blizzard","Go for the Eyes"],"picked":"Buffer","floor":4.0},{"not_picked":["Barrage","Conserve Battery"],"picked":"Go for the Eyes","floor":7.0},{"not_picked":["Turbo","Redo"],"picked":"Sweeping Beam","floor":10.0},{"not_picked":["Aggregate","Go for the Eyes"],"picked":"Ball Lightning","floor":12.0},{"not_picked":["Hello World","Sweeping Beam"],"picked":"Coolheaded","floor":14.0},{"not_picked":["Seek","Reboot"],"picked":"Core Surge","floor":16.0},{"not_picked":["Leap","Glacier"],"picked":"Self Repair+1","floor":18.0},{"not_picked":["Barrage","Chaos"],"picked":"Chill+1","floor":20.0},{"not_picked":["Sweeping Beam+1","Rebound"],"picked":"Steam","floor":21.0},{"not_picked":["Melter","Ball Lightning+1","Barrage"],"picked":"SKIP","floor":29.0},{"not_picked":["Barrage","Rebound"],"picked":"Glacier","floor":30.0}],"player_experience":1160527,"relics_obtained":[{"floor":7.0,"key":"War Paint"},{"floor":9.0,"key":"Potion Belt"},{"floor":12.0,"key":"Old Coin"},{"floor":26.0,"key":"MawBank"},{"floor":30.0,"key":"Dodecahedron"}],"event_choices":[{"damage_healed":0.0,"max_hp_gain":0.0,"max_hp_loss":0.0,"gold_gain":0.0,"event_name":"WeMeetAgain","player_choice":"Gave Potion","floor":8.0,"gold_loss":0.0,"damage_taken":0.0,"relics_obtained":["Smiling Mask"]},{"damage_healed":0.0,"max_hp_gain":0.0,"max_hp_loss":0.0,"gold_gain":0.0,"event_name":"Ghosts","player_choice":"Ignored","floor":24.0,"gold_loss":0.0,"damage_taken":0.0},{"damage_healed":0.0,"max_hp_gain":0.0,"max_hp_loss":0.0,"gold_gain":0.0,"event_name":"The Library","player_choice":"Read","floor":27.0,"gold_loss":0.0,"damage_taken":0.0,"cards_obtained":["Defragment"]},{"cards_removed":["Strike_B"],"damage_healed":0.0,"max_hp_gain":0.0,"max_hp_loss":0.0,"gold_gain":0.0,"event_name":"Wheel of Change","player_choice":"Card Removal","floor":31.0,"gold_loss":0.0,"damage_taken":0.0}],"is_beta":false,"boss_relics":[{"not_picked":["Philosopher\u0027s Stone","Runic Dome"],"picked":"White Beast Statue"}],"items_purged_floors":[19,22],"is_endless":false,"potions_floor_spawned":[2,3,10,12,16,18,20,21,29,30],"killed_by":"Champ","ascension_level":15}