{"path_per_floor":["M","M","M","?","?","E","T","E","T","?","?","M","T","M","R","B",null,"M","?","M","?","?","R","M","$","T","$","?","M","$","M","R","B",null,"M","?","?","M","M","E","M","E","T","M","M","R","M","?","R","B"],"character_chosen":"IRONCLAD","items_purchased":["Uppercut","Unceasing Top"],"gold_per_floor":[115,127,146,146,96,124,124,152,152,152,177,187,210,229,229,332,332,351,351,367,367,367,367,386,21,21,21,21,39,39,49,49,152,182,192,192,192,208,218,244,261,294,349,365,379,379,390,0,0,0],"floor_reached":51,"campfire_rested":2,"playtime":1997,"current_hp_per_floor":[74,74,72,72,72,56,56,41,41,41,41,41,41,41,41,41,87,87,87,84,84,84,84,78,78,78,78,78,81,81,81,81,41,95,95,95,95,82,70,48,45,37,37,29,15,45,27,27,58,22],"items_purged":[],"gold":0,"score":720,"play_id":"f4a8ee93-af9d-4add-9861-977f347d0432","is_prod":false,"is_daily":false,"is_ascension_mode":false,"campfire_upgraded":3,"path_taken":["M","M","M","?","?","E","?","E","T","?","?","?","?","M","R","BOSS","M","?","?","?","?","R","?","$","T","?","?","M","$","M","R","BOSS","M","?","?","M","M","E","M","E","T","M","M","R","M","?","R","BOSS"],"build_version":"2018-02-15-PROD1","purchased_purges":1,"victory":true,"master_deck":["Strike_R","Strike_R+1","Strike_R+1","Strike_R+1","Defend_R","Defend_R","Bash+1","Uppercut+1","Bludgeon+1","Pommel Strike+1","Shockwave+1","Uppercut+1","Feed","Heavy Blade","Demon Form","Heavy Blade","Inflame+1","Bludgeon+1","Writhe","Heavy Blade+1","Heavy Blade+1"],"max_hp_per_floor":[80,80,80,80,80,87,87,87,87,87,87,87,87,87,87,87,87,87,87,87,87,87,87,87,87,87,87,87,90,90,90,90,90,95,95,95,95,95,95,98,101,101,101,101,101,101,104,104,104,104],"relics":["Snecko Eye","Strawberry","Mummified Hand","Ancient Tea Set","Orichalcum","Odd Mushroom","Pen Nib","Question Card","Unceasing Top","Whetstone","Tiny House","Ornamental Fan","Frozen Egg 2","Omamori","Red Mask"],"card_choices":[{"not_picked":["Iron Wave","Clothesline"],"picked":"Uppercut"},{"not_picked":["Brutality","Berserk"],"picked":"Bludgeon"},{"not_picked":["Twin Strike","Iron Wave","True Grit"],"picked":"Pommel Strike"},{"not_picked":["Havoc","Clothesline","Shrug It Off"],"picked":"Shockwave"},{"not_picked":["Wild Strike","Warcry","Twin Strike"],"picked":"Heavy Blade"},{"not_picked":["Dark Embrace","Immolate","Fiend Fire"],"picked":"Demon Form"},{"not_picked":["Body Slam","Clash","Shrug It Off"],"picked":"Heavy Blade"},{"not_picked":["Clash","Heavy Blade","Battle Trance"],"picked":"Inflame"},{"not_picked":["Clothesline","Warcry","Twin Strike"],"picked":"Heavy Blade"},{"not_picked":["Twin Strike","Sentinel","Searing Blow"],"picked":"Heavy Blade"}],"player_experience":94399,"potions_floor_usage":[8,11,33,33,41,42,42,42,47,50],"damage_taken":[{"damage":6,"enemies":"Jaw Worm","floor":1,"turns":3},{"damage":0,"enemies":"Cultist","floor":2,"turns":3},{"damage":2,"enemies":"Small Slimes","floor":3,"turns":2},{"damage":23,"enemies":"Gremlin Nob","floor":6,"turns":4},{"damage":15,"enemies":"Lagavulin","floor":8,"turns":5},{"damage":0,"enemies":"The Mushroom Lair","floor":11,"turns":3},{"damage":0,"enemies":"2 Fungi Beasts","floor":12,"turns":2},{"damage":0,"enemies":"3 Louse","floor":14,"turns":3},{"damage":0,"enemies":"Slime Boss","floor":16,"turns":5},{"damage":0,"enemies":"Spheric Guardian","floor":18,"turns":2},{"damage":3,"enemies":"Shell Parasite","floor":20,"turns":2},{"damage":6,"enemies":"Centurion and Healer","floor":24,"turns":2},{"damage":0,"enemies":"Snecko","floor":29,"turns":2},{"damage":0,"enemies":"Snake Plant","floor":31,"turns":2},{"damage":40,"enemies":"Collector","floor":33,"turns":6},{"damage":0,"enemies":"Orb Walker","floor":35,"turns":1},{"damage":13,"enemies":"3 Shapes","floor":38,"turns":2},{"damage":12,"enemies":"Maw","floor":39,"turns":4},{"damage":25,"enemies":"2 Orb Walkers","floor":40,"turns":3},{"damage":6,"enemies":"Sphere and 2 Shapes","floor":41,"turns":2},{"damage":8,"enemies":"Nemesis","floor":42,"turns":3},{"damage":8,"enemies":"3 Darklings","floor":44,"turns":3},{"damage":14,"enemies":"4 Shapes","floor":45,"turns":3},{"damage":21,"enemies":"Sphere and 2 Shapes","floor":47,"turns":3},{"damage":36,"enemies":"Donu and Deca","floor":50,"turns":4}],"event_choices":[{"event_name":"Upgrade Shrine","player_choice":"Upgraded","floor":4,"damage_taken":0},{"event_name":"The Cleric","player_choice":"Card Removal","floor":5,"damage_taken":0},{"event_name":"Living Wall","player_choice":"Forget","floor":10,"damage_taken":0},{"event_name":"Mushrooms","player_choice":"Fought Mushrooms","floor":11,"damage_taken":0},{"event_name":"Match and Keep!","player_choice":"0 cards matched","floor":19,"damage_taken":0},{"event_name":"Drug Dealer","player_choice":"Ignored","floor":21,"damage_taken":0},{"event_name":"Vampires","player_choice":"Ignored","floor":22,"damage_taken":0},{"event_name":"Transmorgrifier","player_choice":"Transform","floor":28,"damage_taken":0},{"event_name":"Duplicator","player_choice":"One dupe","floor":36,"damage_taken":0},{"event_name":"Winding Halls","player_choice":"Writhe","floor":37,"damage_taken":0},{"event_name":"Tomb of Lord Red Mask","player_choice":"Paid","floor":48,"damage_taken":0}],"boss_relics":[{"not_picked":["Orrery","Runic Pyramid"],"picked":"Question Card"},{"not_picked":["Calling Bell","White Beast Statue"],"picked":"Tiny House"}],"potions_floor_spawned":[3,6,8,12,18,24,31,39,41,44,45],"seed_played":"-5939298646629870245","ascension_level":0,"is_trial":false}