{"gold_per_floor":[114,193,193,207,207,246,48,48,48,48,48,69,100,100,100,220,220,244,270,291,291,22,22,22,42,42,42,0,21,44,44,44,168,168,188,212,212,212,233,233,271,271,271,24,24,38,61,81,81,81],"floor_reached":51,"playtime":1882,"items_purged":["Normality","Normality"],"score":1143,"play_id":"bc228db3-389f-44bd-86ca-7b5d51e6ba91","local_time":"20181002160330","daily_mods":["SealedDeck","Diverse","Red Cards","Green Cards","Blue Cards","Colorless Cards","Heirloom"],"is_ascension_mode":true,"campfire_choices":[{"data":"Streamline","floor":10,"key":"SMITH"},{"data":"Darkness","floor":15,"key":"SMITH"},{"data":"Conserve Battery","floor":23,"key":"SMITH"},{"data":"Scrape","floor":32,"key":"SMITH"},{"floor":40,"key":"REST"},{"data":"Doom and Gloom","floor":42,"key":"SMITH"},{"floor":49,"key":"REST"}],"neow_cost":"","seed_source_timestamp":0,"circlet_count":0,"master_deck":["AscendersBane","BootSequence+1","Streamline+1","Scrape+1","Flying Knee","Leap","Conserve Battery+1","Sweeping Beam","Rip and Tear+1","Doom and Gloom+1","Darkness+1","Reinforced Body+1","Ball Lightning+1","Bullet Time","Shame","Immolate","Hologram+1","Reinforced Body","Acrobatics"],"relics":["Snecko Eye","Incense Burner","Golden Idol","Juzu Bracelet","DataDisk","Ornamental Fan","Turnip","Cursed Key","Dream Catcher","Frozen Eye","Kunai","Busted Crown","War Paint","Whetstone","Strawberry"],"potions_floor_usage":[29,41,48],"damage_taken":[{"damage":0,"enemies":"2 Louse","floor":1,"turns":1},{"damage":0,"enemies":"Small Slimes","floor":4,"turns":2},{"damage":8,"enemies":"3 Sentries","floor":6,"turns":5},{"damage":0,"enemies":"Cultist","floor":12,"turns":2},{"damage":2,"enemies":"Lagavulin","floor":13,"turns":4},{"damage":0,"enemies":"Slime Boss","floor":16,"turns":4},{"damage":0,"enemies":"Spheric Guardian","floor":18,"turns":3},{"damage":14,"enemies":"Shell Parasite","floor":20,"turns":5},{"damage":5,"enemies":"Snake Plant","floor":25,"turns":4},{"damage":0,"enemies":"Cultist and Chosen","floor":29,"turns":4},{"damage":0,"enemies":"Centurion and Healer","floor":30,"turns":4},{"damage":15,"enemies":"Automaton","floor":33,"turns":7},{"damage":0,"enemies":"Orb Walker","floor":35,"turns":3},{"damage":0,"enemies":"3 Darklings","floor":36,"turns":2},{"damage":18,"enemies":"Sphere and 2 Shapes","floor":39,"turns":3},{"damage":28,"enemies":"Nemesis","floor":41,"turns":7},{"damage":0,"enemies":"Reptomancer","floor":46,"turns":4},{"damage":1,"enemies":"Maw","floor":47,"turns":6},{"damage":16,"enemies":"4 Shapes","floor":48,"turns":4},{"damage":43,"enemies":"Time Eater","floor":50,"turns":10}],"seed_played":"-8081432306436387470","potions_obtained":[{"floor":3,"key":"GamblersBrew"},{"floor":3,"key":"SkillPotion"},{"floor":29,"key":"Dexterity Potion"},{"floor":39,"key":"FocusPotion"},{"floor":47,"key":"Ancient Potion"}],"is_trial":true,"path_per_floor":["M","?","?","M","?","E","$","?","T","R","$","M","E","$","R","B",null,"M","T","M","?","$","R","?","M","T","?","?","M","M","?","R","B",null,"M","M","$","?","M","R","E","R","T","$","?","M","M","M","R","B"],"character_chosen":"DEFECT","items_purchased":["DataDisk","Ball Lightning","Frozen Eye","Strawberry"],"campfire_rested":2,"item_purchase_floors":[7,7,22,44],"current_hp_per_floor":[68,68,68,68,68,60,60,60,60,60,60,60,58,58,58,58,66,66,66,52,69,69,69,69,64,64,64,64,64,64,64,64,49,64,64,64,64,64,46,66,38,38,38,45,66,66,65,49,66,23],"gold":81,"neow_bonus":"","is_prod":false,"is_daily":false,"chose_seed":false,"campfire_upgraded":5,"win_rate":0,"timestamp":1538489010,"path_taken":["M","?","?","M","?","E","$","?","T","R","?","M","E","$","R","BOSS","M","?","M","?","$","R","?","M","T","?","?","M","M","?","R","BOSS","M","M","$","?","M","R","E","R","T","$","?","M","M","M","R","BOSS"],"build_version":"2018-09-27","purchased_purges":2,"victory":true,"max_hp_per_floor":[75,75,75,75,69,69,69,69,69,69,69,69,69,69,69,69,69,69,69,69,69,69,69,69,69,69,69,69,69,69,69,69,69,69,69,69,69,69,69,69,69,69,69,76,66,66,66,66,66,66],"card_choices":[{"not_picked":["Slice","Beam Cell","Go for the Eyes"],"picked":"SKIP","floor":1},{"not_picked":["Footwork","Concentrate"],"picked":"Darkness","floor":4},{"not_picked":["Searing Blow","Biased Cognition"],"picked":"Reinforced Body","floor":6},{"not_picked":["Twin Strike","Acrobatics","Stack"],"picked":"SKIP","floor":12},{"not_picked":["Stack","Flex","Deadly Poison"],"picked":"SKIP","floor":13},{"not_picked":["Reboot","After Image"],"picked":"Bullet Time","floor":16},{"not_picked":["Rage","Redo","Flying Knee"],"picked":"SKIP","floor":18},{"not_picked":["Headbutt","Caltrops","Sentinel"],"picked":"SKIP","floor":20},{"not_picked":["Perfected Strike","Go for the Eyes+1","Pommel Strike"],"picked":"SKIP","floor":25},{"not_picked":["PiercingWail","Steam Power+1","Spot Weakness"],"picked":"SKIP","floor":29},{"not_picked":["Body Slam","Blizzard","Havoc"],"picked":"SKIP","floor":30},{"not_picked":["Unload","Meteor Strike"],"picked":"Immolate","floor":33},{"not_picked":["Havoc"],"picked":"SKIP","floor":35},{"not_picked":["Wild Strike+1"],"picked":"SKIP","floor":36},{"not_picked":[],"picked":"Hologram+1","floor":39},{"not_picked":[],"picked":"Reinforced Body","floor":41},{"not_picked":["Compile Driver+1"],"picked":"SKIP","floor":46},{"not_picked":[],"picked":"Acrobatics","floor":47},{"not_picked":["Havoc"],"picked":"SKIP","floor":48}],"player_experience":784506,"relics_obtained":[{"floor":6,"key":"Juzu Bracelet"},{"floor":9,"key":"Ornamental Fan"},{"floor":13,"key":"Turnip"},{"floor":19,"key":"Dream Catcher"},{"floor":26,"key":"Kunai"},{"floor":41,"key":"War Paint"},{"floor":43,"key":"Whetstone"}],"event_choices":[{"event_name":"Golden Wing","player_choice":"Gained Gold","floor":2,"damage_taken":0},{"event_name":"The Lab","player_choice":"Got Potions","floor":3,"damage_taken":0},{"event_name":"Golden Idol","player_choice":"Lose Max HP","floor":5,"damage_taken":0},{"event_name":"Liars Game","player_choice":"disagreed","floor":8,"damage_taken":0},{"event_name":"The Library","player_choice":"Heal","floor":21,"damage_taken":0},{"event_name":"Back to Basics","player_choice":"Elegance","floor":24,"damage_taken":0},{"event_name":"Beggar","player_choice":"Ignored","floor":27,"damage_taken":0},{"event_name":"Masked Bandits","player_choice":"Paid Fearfully","floor":28,"damage_taken":0},{"event_name":"Match and Keep!","player_choice":"0 cards matched","floor":31,"damage_taken":0},{"event_name":"SensoryStone","player_choice":"Memory 1","floor":38,"damage_taken":0},{"event_name":"The Moai Head","player_choice":"Heal","floor":45,"damage_taken":0}],"is_beta":false,"boss_relics":[{"not_picked":["Black Star","Astrolabe"],"picked":"Cursed Key"},{"not_picked":["Sozu","Pandora\u0027s Box"],"picked":"Busted Crown"}],"items_purged_floors":[22,44],"is_endless":false,"potions_floor_spawned":[6,12,13,29,30,33,35,39,47],"ascension_level":12}