{"gold_per_floor":[119,25,43,57,57,57,71,88,88,113,113,143,48,48,48,120,120,139,150,168,168,168],"floor_reached":22,"playtime":669,"items_purged":[],"score":343,"play_id":"8d137465-736f-4caf-96d9-3ae4bf91f760","local_time":"20180714115007","daily_mods":["Binary"],"is_ascension_mode":true,"campfire_choices":[{"data":"Zap","floor":6,"key":"SMITH"},{"data":"Coolheaded","floor":11,"key":"SMITH"},{"data":"Barrage","floor":15,"key":"SMITH"}],"neow_cost":"","seed_source_timestamp":0,"circlet_count":0,"master_deck":["Strike_B","Strike_B","Strike_B","Strike_B","Defend_B","Defend_B","Defend_B","Zap+1","Dualcast","AscendersBane","Coolheaded+1","Steam","Chill","Hello World","Barrage+1","Decay"],"relics":["Cracked Core","Busted Crown","Meat on the Bone","Letter Opener","Bronze Scales","Black Star"],"potions_floor_usage":[8,8,16,19,20],"damage_taken":[{"damage":2,"enemies":"Small Slimes","floor":1,"turns":3},{"damage":1,"enemies":"Jaw Worm","floor":3,"turns":4},{"damage":1,"enemies":"Cultist","floor":4,"turns":4},{"damage":2,"enemies":"Blue Slaver","floor":7,"turns":3},{"damage":16,"enemies":"Gremlin Gang","floor":8,"turns":5},{"damage":12,"enemies":"3 Sentries","floor":10,"turns":10},{"damage":11,"enemies":"Lagavulin","floor":12,"turns":5},{"damage":13,"enemies":"Slime Boss","floor":16,"turns":9},{"damage":10,"enemies":"3 Byrds","floor":18,"turns":3},{"damage":18,"enemies":"2 Thieves","floor":19,"turns":4},{"damage":17,"enemies":"Snake Plant","floor":20,"turns":5},{"damage":0,"enemies":"Cultist and Chosen","floor":22,"turns":1}],"seed_played":"259095761154668119","potions_obtained":[{"floor":1,"key":"AttackPotion"},{"floor":4,"key":"SkillPotion"},{"floor":12,"key":"FairyPotion"},{"floor":14,"key":"Fruit Juice"},{"floor":16,"key":"Poison Potion"},{"floor":19,"key":"Weak Potion"}],"is_trial":true,"path_per_floor":["M","$","M","M","?","R","M","M","T","E","R","E","$","?","R","B",null,"M","M","M","?"],"character_chosen":"DEFECT","items_purchased":["Coolheaded","Steam","Hello World","Barrage"],"campfire_rested":0,"item_purchase_floors":[2,2,13,13],"current_hp_per_floor":[62,62,61,60,60,60,58,42,42,42,42,43,43,43,43,47,69,59,41,36,36,36],"gold":168,"neow_bonus":"","is_prod":false,"is_daily":false,"chose_seed":false,"campfire_upgraded":3,"win_rate":0,"timestamp":1531594207,"path_taken":["M","$","M","M","?","R","M","M","T","E","R","E","$","?","R","BOSS","M","M","M","?","M"],"build_version":"2018-07-13","purchased_purges":0,"victory":false,"max_hp_per_floor":[71,71,71,71,71,71,71,71,71,71,71,71,71,71,71,76,76,76,76,76,76,76],"card_choices":[],"player_experience":633603,"relics_obtained":[{"floor":9,"key":"Meat on the Bone"},{"floor":10,"key":"Letter Opener"},{"floor":12,"key":"Bronze Scales"}],"event_choices":[{"event_name":"Living Wall","player_choice":"Change","floor":5,"damage_taken":0},{"event_name":"The Lab","player_choice":"Got Potions","floor":14,"damage_taken":0},{"event_name":"Forgotten Altar","player_choice":"Smashed Altar","floor":21,"damage_taken":0}],"boss_relics":[{"not_picked":["Coffee Dripper","Runic Dome"],"picked":"Black Star"}],"items_purged_floors":[],"is_endless":false,"potions_floor_spawned":[1,4,7,12,16,18,19],"killed_by":"Cultist and Chosen","ascension_level":15}