{"gold_per_floor":[112,112,187,362,312,312,344,344,344,375,389,83,97,107,107,207,207,224,237,256,269,5,5,17,17,43,43,56,56,56,67,67,168,168,179,193,193,205,217,217,66,86,86,96,96,110,127,137,137,137],"floor_reached":51,"playtime":3245,"items_purged":[],"score":865,"play_id":"3130183a-05bc-456f-a951-2014827e4ae6","local_time":"20181207205640","is_ascension_mode":true,"campfire_choices":[{"data":"Bash","floor":6.0,"key":"SMITH"},{"data":"Offering","floor":8.0,"key":"SMITH"},{"data":"Pommel Strike","floor":15.0,"key":"SMITH"},{"floor":27,"key":"REST"},{"data":"Demon Form","floor":30,"key":"SMITH"},{"data":"Seeing Red","floor":32,"key":"SMITH"},{"data":"Metallicize","floor":40,"key":"SMITH"},{"data":"Flex","floor":49,"key":"SMITH"}],"neow_cost":"NONE","seed_source_timestamp":0,"circlet_count":0,"master_deck":["Defend_R","Defend_R","Defend_R","Defend_R","Bash+1","Metallicize+1","Offering+1","Flex+1","Seeing Red+1","Shrug It Off+1","Pommel Strike+1","Offering+1","Body Slam","Demon Form+1","Battle Trance+1","Whirlwind+1","Limit Break+1","Apotheosis+1","Ghostly+1","Ghostly+1","Ghostly+1","Ghostly+1","Ghostly+1","Flex+1","Body Slam+1","Bite","Bite","Bite","Bite","Bite","Limit Break+1","Entrench+1","Ghostly Armor+1","Madness+1","Madness+1"],"special_seed":0,"relics":["Burning Blood","NeowsBlessing","Dodecahedron","Potion Belt","Oddly Smooth Stone","Toxic Egg 2","Runic Cube","Regal Pillow","Mark of Pain","Gremlin Horn","Pen Nib","Singing Bowl"],"potions_floor_usage":[33,50,50,50,50],"damage_taken":[{"damage":0.0,"enemies":"Small Slimes","floor":1.0,"turns":1.0},{"damage":0.0,"enemies":"Gremlin Nob","floor":7.0,"turns":1.0},{"damage":2.0,"enemies":"3 Sentries","floor":10.0,"turns":2.0},{"damage":15.0,"enemies":"Jaw Worm","floor":11.0,"turns":2.0},{"damage":0.0,"enemies":"2 Louse","floor":13.0,"turns":3.0},{"damage":6.0,"enemies":"Large Slime","floor":14.0,"turns":3.0},{"damage":73.0,"enemies":"Hexaghost","floor":16.0,"turns":12.0},{"damage":12.0,"enemies":"Chosen","floor":18.0,"turns":3.0},{"damage":12.0,"enemies":"3 Byrds","floor":19.0,"turns":6.0},{"damage":27.0,"enemies":"Cultist and Chosen","floor":20.0,"turns":5.0},{"damage":40.0,"enemies":"3 Cultists","floor":21.0,"turns":6.0},{"damage":10,"enemies":"Sentry and Sphere","floor":24,"turns":4},{"damage":10,"enemies":"Snake Plant","floor":28,"turns":3},{"damage":11,"enemies":"Shelled Parasite and Fungi","floor":31,"turns":4},{"damage":53,"enemies":"Automaton","floor":33,"turns":8},{"damage":3,"enemies":"3 Shapes","floor":35,"turns":4},{"damage":7,"enemies":"3 Darklings","floor":36,"turns":3},{"damage":12,"enemies":"Jaw Worm Horde","floor":38,"turns":4},{"damage":4,"enemies":"4 Shapes","floor":39,"turns":5},{"damage":7,"enemies":"Maw","floor":42,"turns":6},{"damage":8,"enemies":"Sphere and 2 Shapes","floor":44,"turns":2},{"damage":17,"enemies":"Spire Growth","floor":46,"turns":6},{"damage":9,"enemies":"Jaw Worm Horde","floor":47,"turns":5},{"damage":10,"enemies":"3 Darklings","floor":48,"turns":4},{"damage":12,"enemies":"Awakened One","floor":50,"turns":5}],"seed_played":"-2369507921192549509","potions_obtained":[{"floor":7.0,"key":"Explosive Potion"},{"floor":10.0,"key":"BloodPotion"},{"floor":11.0,"key":"FairyPotion"},{"floor":14.0,"key":"PowerPotion"},{"floor":19.0,"key":"FearPotion"},{"floor":33,"key":"PowerPotion"},{"floor":38,"key":"FearPotion"},{"floor":42,"key":"PowerPotion"},{"floor":47,"key":"Fire Potion"}],"is_trial":false,"path_per_floor":["M","$","?","?","?","R","E","R","T","E","M","$","M","M","R","B",null,"M","M","M","M","$","?","M","$","T","R","M","?","R","M","R","B",null,"M","M","?","M","M","R","$","M","T","M","?","M","M","M","R","B",null],"character_chosen":"IRONCLAD","items_purchased":["Toxic Egg 2","Shrug It Off+1","Limit Break+1","Apotheosis+1","Pen Nib"],"campfire_rested":1,"item_purchase_floors":[12,12,22,22,41],"current_hp_per_floor":[80,80,69,69,69,69,75,75,75,79,70,70,76,76,76,9,80,74,68,47,13,13,13,9,9,9,36,32,28,28,28,28,16,28,28,28,28,28,28,28,28,28,28,30,26,27,32,36,36,36],"gold":137,"neow_bonus":"THREE_ENEMY_KILL","is_prod":false,"is_daily":false,"chose_seed":false,"campfire_upgraded":7,"win_rate":0,"timestamp":1544191000,"path_taken":["M","$","?","?","?","R","E","R","T","E","M","$","M","M","R","BOSS","M","M","M","M","$","?","M","$","T","R","M","?","R","M","R","BOSS","M","M","?","?","M","R","$","M","T","M","?","M","M","M","R","BOSS"],"build_version":"2018-12-06","purchased_purges":0,"victory":true,"max_hp_per_floor":[80,80,80,80,80,80,80,80,80,80,80,80,80,80,80,80,80,80,80,80,80,80,40,40,40,40,40,40,28,28,28,28,28,28,28,28,28,28,28,28,28,28,28,30,30,32,34,36,36,36],"card_choices":[{"not_picked":["Twin Strike","Clothesline"],"picked":"Metallicize","floor":1.0},{"not_picked":["Perfected Strike","Fire Breathing"],"picked":"Offering","floor":7.0},{"not_picked":["Havoc","Disarm"],"picked":"Flex","floor":10.0},{"not_picked":["Searing Blow","Dropkick"],"picked":"Seeing Red","floor":11.0},{"not_picked":["Thunderclap","Second Wind+1","Feel No Pain"],"picked":"SKIP","floor":13.0},{"not_picked":["Bloodletting+1","Feel No Pain"],"picked":"Pommel Strike","floor":14.0},{"not_picked":["Immolate","Bludgeon"],"picked":"Offering+1","floor":16.0},{"not_picked":["Clash","Wild Strike"],"picked":"Body Slam","floor":18.0},{"not_picked":["Sword Boomerang","Pommel Strike"],"picked":"Demon Form","floor":19.0},{"not_picked":["Headbutt+1","Iron Wave+1"],"picked":"Battle Trance+1","floor":20.0},{"not_picked":["Clash","Thunderclap"],"picked":"Whirlwind+1","floor":21.0},{"not_picked":["True Grit+1","Battle Trance+1"],"picked":"Flex+1","floor":24},{"not_picked":["Thunderclap+1","Heavy Blade"],"picked":"Body Slam+1","floor":28},{"not_picked":["Clothesline","Whirlwind+1","Perfected Strike"],"picked":"SKIP","floor":31},{"not_picked":["Dark Embrace","Berserk"],"picked":"Limit Break+1","floor":33},{"not_picked":["Clash","Body Slam+1","Infernal Blade+1"],"picked":"SKIP","floor":35},{"not_picked":["Iron Wave","True Grit+1"],"picked":"Entrench+1","floor":36},{"not_picked":["Perfected Strike+1","Armaments+1","Reckless Charge"],"picked":"SKIP","floor":38},{"not_picked":["Burning Pact+1","Intimidate+1"],"picked":"Ghostly Armor+1","floor":39},{"not_picked":["Rage+1","Thunderclap+1","Havoc+1"],"picked":"SKIP","floor":42},{"not_picked":["Twin Strike","Metallicize+1","Headbutt"],"picked":"Singing Bowl","floor":44},{"not_picked":["Sever Soul+1","Clothesline","Twin Strike"],"picked":"Singing Bowl","floor":46},{"not_picked":["Demon Form","Perfected Strike+1","Power Through+1"],"picked":"Singing Bowl","floor":47},{"not_picked":["Sword Boomerang","Rampage+1","Second Wind+1"],"picked":"Singing Bowl","floor":48}],"player_experience":187561,"relics_obtained":[{"floor":7.0,"key":"Dodecahedron"},{"floor":9.0,"key":"Potion Belt"},{"floor":10.0,"key":"Oddly Smooth Stone"},{"floor":26,"key":"Regal Pillow"},{"floor":43,"key":"Singing Bowl"}],"event_choices":[{"damage_healed":0.0,"max_hp_gain":0.0,"max_hp_loss":0.0,"gold_gain":75.0,"event_name":"World of Goop","player_choice":"Gather Gold","floor":3.0,"gold_loss":0.0,"damage_taken":11.0},{"damage_healed":0.0,"max_hp_gain":0.0,"max_hp_loss":0.0,"gold_gain":175.0,"event_name":"Liars Game","player_choice":"AGREE","floor":4.0,"gold_loss":0.0,"damage_taken":0.0,"cards_obtained":["Doubt"]},{"cards_removed":["Doubt"],"damage_healed":0.0,"max_hp_gain":0.0,"max_hp_loss":0.0,"gold_gain":0.0,"event_name":"The Cleric","player_choice":"Card Removal","floor":5.0,"gold_loss":50.0,"damage_taken":0.0},{"damage_healed":0.0,"max_hp_gain":0.0,"max_hp_loss":40.0,"gold_gain":0.0,"event_name":"Ghosts","player_choice":"Became a Ghost","floor":23.0,"gold_loss":0.0,"damage_taken":0.0,"cards_obtained":["Ghostly","Ghostly","Ghostly","Ghostly","Ghostly"]},{"damage_healed":0,"gold_gain":0,"player_choice":"Became a vampire","damage_taken":0,"max_hp_gain":0,"max_hp_loss":12,"event_name":"Vampires","floor":29,"gold_loss":0,"cards_obtained":["Bite","Bite","Bite","Bite","Bite"]},{"damage_healed":0,"gold_gain":0,"player_choice":"Gave Potion","damage_taken":0,"relics_obtained":["Gremlin Horn"],"max_hp_gain":0,"max_hp_loss":0,"event_name":"WeMeetAgain","floor":37,"gold_loss":0},{"damage_healed":0,"gold_gain":0,"player_choice":"Embrace Madness","damage_taken":4,"max_hp_gain":0,"max_hp_loss":0,"event_name":"Winding Halls","floor":45,"gold_loss":0,"cards_obtained":["Madness","Madness"]}],"is_beta":false,"boss_relics":[{"not_picked":["Astrolabe","Eternal Feather"],"picked":"Runic Cube"},{"not_picked":["Empty Cage","Orrery"],"picked":"Mark of Pain"}],"items_purged_floors":[],"is_endless":false,"potions_floor_spawned":[7,10,11,14,19,21,28,31,33,38,42,44,47,48],"ascension_level":3}