{"gold_per_floor":[109,129,204,219,229,229,239,255,279,279,32,21,54,67,67,167,167,186,186,186,205,7,7,7,7,34,52,52,77,88,100,100,197,197,209,209,226,226,226,226,251,266,266,266,99,130,130,142,142,142,142,142,7,36,36],"floor_reached":56,"playtime":2182,"items_purged":["Strike_R","Clothesline","Rampage","Bloodletting"],"score":1379,"play_id":"bde0c1e3-83d9-4a4e-abd4-bb74ca95cd65","local_time":"20190201003550","is_ascension_mode":false,"campfire_choices":[{"data":"Feed","floor":6.0,"key":"SMITH"},{"data":"Metallicize","floor":10.0,"key":"SMITH"},{"data":"Disarm","floor":15.0,"key":"SMITH"},{"data":"1","floor":23.0,"key":"LIFT"},{"data":"2","floor":25.0,"key":"LIFT"},{"data":"3","floor":28.0,"key":"LIFT"},{"data":"Offering","floor":32.0,"key":"SMITH"},{"data":"Battle Trance","floor":40.0,"key":"SMITH"},{"data":"Offering","floor":44.0,"key":"SMITH"},{"data":"Offering","floor":47.0,"key":"SMITH"},{"floor":49.0,"key":"RECALL"},{"data":"Impervious","floor":52.0,"key":"SMITH"}],"neow_cost":"PERCENT_DAMAGE","seed_source_timestamp":0,"circlet_count":0,"master_deck":["Bash","Feed+1","Sword Boomerang","Feel No Pain","Metallicize+1","Battle Trance+1","Disarm+1","Offering+1","Shrug It Off","Rupture","Sword Boomerang","Shrug It Off","Ghostly Armor","Fiend Fire","Sword Boomerang+1","Pummel","Offering+1","Offering+1","Bloodletting+1","Impervious+1","Armaments+1","Pain","Shrug It Off+1","Exhume"],"special_seed":0,"relics":["Burning Blood","PreservedInsect","Membership Card","Mercury Hourglass","Pandora\u0027s Box","Girya","Happy Flower","Cursed Key","FaceOfCleric","Centennial Puzzle","Kunai","Bag of Marbles","Vajra","Gremlin Horn"],"potions_floor_usage":[55,55,55],"damage_taken":[{"damage":6.0,"enemies":"Jaw Worm","floor":1.0,"turns":3.0},{"damage":0.0,"enemies":"Small Slimes","floor":2.0,"turns":3.0},{"damage":0.0,"enemies":"2 Louse","floor":4.0,"turns":3.0},{"damage":16.0,"enemies":"Red Slaver","floor":5.0,"turns":8.0},{"damage":9.0,"enemies":"2 Fungi Beasts","floor":7.0,"turns":4.0},{"damage":10.0,"enemies":"Looter","floor":8.0,"turns":4.0},{"damage":11.0,"enemies":"Exordium Thugs","floor":12.0,"turns":4.0},{"damage":11.0,"enemies":"Gremlin Nob","floor":13.0,"turns":4.0},{"damage":8.0,"enemies":"Large Slime","floor":14.0,"turns":6.0},{"damage":9.0,"enemies":"The Guardian","floor":16.0,"turns":15.0},{"damage":3.0,"enemies":"Chosen","floor":18.0,"turns":5.0},{"damage":9.0,"enemies":"Spheric Guardian","floor":21.0,"turns":3.0},{"damage":13.0,"enemies":"Centurion and Healer","floor":27.0,"turns":6.0},{"damage":9.0,"enemies":"Book of Stabbing","floor":29.0,"turns":4.0},{"damage":13.0,"enemies":"Shelled Parasite and Fungi","floor":30.0,"turns":3.0},{"damage":9.0,"enemies":"Snake Plant","floor":31.0,"turns":3.0},{"damage":24.0,"enemies":"Champ","floor":33.0,"turns":7.0},{"damage":9.0,"enemies":"3 Darklings","floor":35.0,"turns":3.0},{"damage":12.0,"enemies":"3 Shapes","floor":37.0,"turns":4.0},{"damage":24.0,"enemies":"Giant Head","floor":41.0,"turns":3.0},{"damage":18.0,"enemies":"Jaw Worm Horde","floor":42.0,"turns":2.0},{"damage":28.0,"enemies":"Reptomancer","floor":46.0,"turns":3.0},{"damage":7.0,"enemies":"Transient","floor":48.0,"turns":5.0},{"damage":68.0,"enemies":"Awakened One","floor":50.0,"turns":4.0},{"damage":18.0,"enemies":"Shield and Spear","floor":54.0,"turns":2.0},{"damage":60,"enemies":"The Heart","floor":55,"turns":4}],"seed_played":"4270214339292759246","potions_obtained":[{"floor":2.0,"key":"Block Potion"},{"floor":5.0,"key":"SpeedPotion"},{"floor":8.0,"key":"Weak Potion"},{"floor":27.0,"key":"Block Potion"},{"floor":29.0,"key":"GamblersBrew"},{"floor":46.0,"key":"SpeedPotion"}],"is_trial":false,"path_per_floor":["M","M","?","M","M","R","M","M","T","R","$","M","E","M","R","B",null,"M","?","?","M","$","R","?","R","T","M","R","E","M","M","R","B",null,"M","?","M","?","?","R","E","M","T","R","$","E","R","M","R","B",null,"R","$","E","B",null],"character_chosen":"IRONCLAD","items_purchased":["Membership Card","Girya","Bag of Marbles","Swift Potion","Exhume","Swift Potion"],"campfire_rested":0,"item_purchase_floors":[11,22,45,45,53,53],"current_hp_per_floor":[56,62,51,60,53,53,54,54,54,54,54,53,52,54,54,55,110,114,90,90,91,91,91,91,91,91,88,88,85,78,79,79,61,131,132,132,130,130,130,130,113,106,106,106,106,85,85,85,85,28,145,145,145,134,81],"gold":36,"neow_bonus":"REMOVE_TWO","is_prod":false,"is_daily":false,"chose_seed":false,"campfire_upgraded":8,"win_rate":0,"timestamp":1548948950,"path_taken":["M","M","?","M","M","R","M","M","T","R","$","M","E","M","R","BOSS","M","?","?","M","$","R","?","R","T","M","R","E","M","M","R","BOSS","M","?","?","?","?","R","E","M","T","R","$","E","R","M","R","BOSS","R","$","E","BOSS"],"build_version":"2019-01-23","purchased_purges":4,"victory":true,"max_hp_per_floor":[80,80,80,83,86,86,90,94,94,94,94,98,102,106,106,110,110,114,119,119,123,123,123,123,123,123,127,127,127,127,131,131,131,131,135,135,139,132,132,132,133,138,138,138,138,139,139,140,140,145,145,145,145,146,147],"card_choices":[{"not_picked":["Havoc","Perfected Strike"],"picked":"Twin Strike","floor":1.0},{"not_picked":["Anger","Thunderclap"],"picked":"Feed","floor":2.0},{"not_picked":["Warcry","True Grit"],"picked":"Sword Boomerang","floor":4.0},{"not_picked":["Heavy Blade","Iron Wave","Perfected Strike"],"picked":"SKIP","floor":5.0},{"not_picked":["Burning Pact","Body Slam"],"picked":"Feel No Pain","floor":7.0},{"not_picked":["Flame Barrier","Hemokinesis"],"picked":"Metallicize","floor":8.0},{"not_picked":["Dropkick","Heavy Blade"],"picked":"Battle Trance","floor":12.0},{"not_picked":["Cleave","Clothesline"],"picked":"Disarm","floor":13.0},{"not_picked":["Flex","Infernal Blade","Clash"],"picked":"SKIP","floor":14.0},{"not_picked":["Double Tap","Reaper"],"picked":"Offering","floor":16.0},{"not_picked":["Twin Strike","Warcry","Cleave"],"picked":"SKIP","floor":18.0},{"not_picked":["Iron Wave","Clash+1"],"picked":"Ghostly Armor","floor":21.0},{"not_picked":["Headbutt","Shrug It Off"],"picked":"Fiend Fire","floor":27.0},{"not_picked":["Twin Strike","Flex+1"],"picked":"Sword Boomerang+1","floor":29.0},{"not_picked":["Burning Pact","Heavy Blade+1","Wild Strike+1"],"picked":"SKIP","floor":30.0},{"not_picked":["Cleave","Clash"],"picked":"Pummel","floor":31.0},{"not_picked":["Immolate","Berserk"],"picked":"Offering","floor":33.0},{"not_picked":["Dropkick","Twin Strike+1","Warcry"],"picked":"SKIP","floor":35.0},{"not_picked":["Perfected Strike","Anger"],"picked":"Bloodletting+1","floor":37.0},{"not_picked":["Pummel","Pommel Strike+1"],"picked":"Impervious","floor":41.0},{"not_picked":["Dropkick","Warcry+1"],"picked":"Armaments+1","floor":42.0},{"not_picked":["Infernal Blade+1","Havoc","Clash"],"picked":"SKIP","floor":46.0},{"not_picked":["Evolve+1","Cleave+1"],"picked":"Shrug It Off+1","floor":48.0},{"not_picked":["Anger+1","Sword Boomerang","Heavy Blade"],"picked":"SKIP","floor":54.0}],"player_experience":1040481,"relics_obtained":[{"floor":9.0,"key":"PreservedInsect"},{"floor":13.0,"key":"Mercury Hourglass"},{"floor":29.0,"key":"Happy Flower"},{"floor":41.0,"key":"Centennial Puzzle"},{"floor":43.0,"key":"Kunai"},{"floor":46.0,"key":"Vajra"},{"floor":54.0,"key":"Gremlin Horn"}],"event_choices":[{"damage_healed":0.0,"max_hp_gain":0.0,"max_hp_loss":0.0,"gold_gain":75.0,"event_name":"World of Goop","player_choice":"Gather Gold","floor":3.0,"gold_loss":0.0,"damage_taken":11.0},{"damage_healed":0.0,"max_hp_gain":5.0,"max_hp_loss":0.0,"gold_gain":0.0,"event_name":"Forgotten Altar","player_choice":"Shed Blood","floor":19.0,"gold_loss":0.0,"damage_taken":29.0},{"damage_healed":0.0,"max_hp_gain":0.0,"max_hp_loss":0.0,"gold_gain":0.0,"event_name":"The Library","player_choice":"Read","floor":20.0,"gold_loss":0.0,"damage_taken":0.0,"cards_obtained":["Shrug It Off"]},{"damage_healed":0.0,"max_hp_gain":0.0,"max_hp_loss":0.0,"gold_gain":0.0,"event_name":"Ghosts","player_choice":"Ignored","floor":24.0,"gold_loss":0.0,"damage_taken":0.0},{"damage_healed":0.0,"max_hp_gain":0.0,"max_hp_loss":0.0,"gold_gain":0.0,"cards_transformed":["Twin Strike"],"event_name":"Transmorgrifier","player_choice":"Transformed","floor":36.0,"gold_loss":0.0,"damage_taken":0.0,"cards_obtained":["Offering"]},{"damage_healed":0.0,"max_hp_gain":0.0,"max_hp_loss":7.0,"gold_gain":0.0,"event_name":"Winding Halls","player_choice":"Max HP","floor":38.0,"gold_loss":0.0,"damage_taken":0.0},{"damage_healed":0.0,"max_hp_gain":0.0,"max_hp_loss":0.0,"gold_gain":0.0,"event_name":"FaceTrader","player_choice":"Trade","floor":39.0,"gold_loss":0.0,"damage_taken":0.0,"relics_obtained":["FaceOfCleric"]}],"is_beta":false,"boss_relics":[{"not_picked":["Black Blood","Eternal Feather"],"picked":"Pandora\u0027s Box"},{"not_picked":["Busted Crown","Calling Bell"],"picked":"Cursed Key"}],"items_purged_floors":[11,22,45,53],"is_endless":false,"potions_floor_spawned":[2,5,8,27,29,31,37,42,46],"ascension_level":0}