{"gold_per_floor":[114,114,130,148,165,165,199,219,219,219,233,233,247,263,263,334,334,311,311,236,236],"floor_reached":21,"playtime":728,"items_purged":["Strike_B"],"score":366,"play_id":"89a7c3e9-326b-4508-bd1e-ffb5053764d4","local_time":"20181225004717","is_ascension_mode":true,"campfire_choices":[{"data":"Defragment","floor":6.0,"key":"SMITH"},{"data":"Fusion","floor":12.0,"key":"SMITH"},{"data":"Loop","floor":15.0,"key":"SMITH"}],"neow_cost":"NONE","seed_source_timestamp":40597762070589,"circlet_count":0,"master_deck":["AscendersBane","Strike_B","Strike_B","Defend_B","Defend_B","Defend_B","Defend_B","Zap","Dualcast","Go for the Eyes","Glacier","Beam Cell","Compile Driver","Defragment+1","Hologram","Ball Lightning","Fusion+1","White Noise","Loop+1","Echo Form","Coolheaded"],"special_seed":0,"relics":["Cracked Core","Juzu Bracelet","Bag of Marbles","White Beast Statue","PreservedInsect"],"potions_floor_usage":[21,21],"damage_taken":[{"damage":2.0,"enemies":"Jaw Worm","floor":1.0,"turns":3.0},{"damage":1.0,"enemies":"Cultist","floor":3.0,"turns":4.0},{"damage":0.0,"enemies":"Small Slimes","floor":4.0,"turns":4.0},{"damage":3.0,"enemies":"Blue Slaver","floor":5.0,"turns":3.0},{"damage":2.0,"enemies":"Lagavulin","floor":7.0,"turns":9.0},{"damage":4.0,"enemies":"Looter","floor":8.0,"turns":3.0},{"damage":1.0,"enemies":"2 Fungi Beasts","floor":11.0,"turns":3.0},{"damage":17.0,"enemies":"Exordium Thugs","floor":13.0,"turns":4.0},{"damage":1.0,"enemies":"Looter","floor":14.0,"turns":3.0},{"damage":12.0,"enemies":"Slime Boss","floor":16.0,"turns":10.0},{"damage":36.0,"enemies":"2 Thieves","floor":18.0,"turns":4.0},{"damage":22,"enemies":"Masked Bandits","floor":21,"turns":2}],"seed_played":"4984101465505383186","potions_obtained":[{"floor":4.0,"key":"Ancient Potion"},{"floor":5.0,"key":"Block Potion"},{"floor":8.0,"key":"SteroidPotion"},{"floor":18.0,"key":"Block Potion"}],"is_trial":false,"path_per_floor":["M","?","M","M","M","R","E","M","T","?","M","R","M","M","R","B",null,"M","?","$","?"],"character_chosen":"DEFECT","items_purchased":[],"campfire_rested":0,"item_purchase_floors":[],"current_hp_per_floor":[62,62,61,61,58,58,56,52,52,42,41,41,24,23,23,11,56,20,20,20,0],"gold":236,"neow_bonus":"THREE_CARDS","is_prod":false,"is_daily":false,"chose_seed":false,"campfire_upgraded":3,"win_rate":0,"timestamp":1545666437,"path_taken":["M","?","M","M","M","R","E","M","T","?","M","R","M","M","R","BOSS","M","?","$","?"],"build_version":"2018-12-20","purchased_purges":1,"victory":false,"max_hp_per_floor":[71,71,71,71,71,71,71,71,71,71,71,71,71,71,71,71,71,71,71,71,71],"card_choices":[{"not_picked":["Cold Snap","Tempest"],"picked":"Go for the Eyes","floor":0.0},{"not_picked":["Go for the Eyes","Capacitor"],"picked":"Glacier","floor":1.0},{"not_picked":["Go for the Eyes","Gash"],"picked":"Compile Driver","floor":3.0},{"not_picked":["Leap","Barrage"],"picked":"Defragment","floor":4.0},{"not_picked":["Redo","Hello World"],"picked":"Hologram","floor":5.0},{"not_picked":["Heatsinks","Sunder"],"picked":"Ball Lightning","floor":7.0},{"not_picked":["Rebound","Coolheaded"],"picked":"Fusion","floor":8.0},{"not_picked":["Turbo","Barrage"],"picked":"White Noise","floor":11.0},{"not_picked":["Gash","Rebound","Barrage"],"picked":"SKIP","floor":13.0},{"not_picked":["Gash","Rebound","Barrage"],"picked":"SKIP","floor":13.0},{"not_picked":["Cold Snap","Thunder Strike"],"picked":"Loop","floor":14.0},{"not_picked":["Fission","Core Surge"],"picked":"Echo Form","floor":16.0},{"not_picked":["Doom and Gloom","Ball Lightning"],"picked":"Coolheaded","floor":18.0}],"player_experience":837644,"relics_obtained":[{"floor":7.0,"key":"Juzu Bracelet"},{"floor":9.0,"key":"Bag of Marbles"},{"floor":19.0,"key":"PreservedInsect"}],"event_choices":[{"damage_healed":0.0,"max_hp_gain":0.0,"max_hp_loss":0.0,"gold_gain":0.0,"cards_transformed":["Strike_B"],"event_name":"Transmorgrifier","player_choice":"Transformed","floor":2.0,"gold_loss":0.0,"damage_taken":0.0,"cards_obtained":["Beam Cell"]},{"damage_healed":0.0,"max_hp_gain":0.0,"max_hp_loss":0.0,"gold_gain":0.0,"event_name":"Wheel of Change","player_choice":"Damaged","floor":10.0,"gold_loss":0.0,"damage_taken":10.0},{"damage_healed":0.0,"max_hp_gain":0.0,"max_hp_loss":0.0,"gold_gain":0.0,"event_name":"Wheel of Change","player_choice":"Relic","floor":19.0,"gold_loss":0.0,"damage_taken":0.0},{"damage_healed":0,"gold_gain":0,"player_choice":"Fought Bandits","damage_taken":0,"max_hp_gain":0,"max_hp_loss":0,"event_name":"Masked Bandits","floor":21,"gold_loss":0}],"is_beta":false,"boss_relics":[{"not_picked":["Runic Dome","Calling Bell"],"picked":"White Beast Statue"}],"items_purged_floors":[20],"is_endless":false,"potions_floor_spawned":[4,5,7,8,18],"killed_by":"Masked Bandits","ascension_level":20}