{"gold_per_floor":[213,223,234,234,30,30,64,64,64,186,202,202,25,35,35,35],"floor_reached":16,"playtime":613,"items_purged":[],"score":204,"play_id":"f845244d-220f-45c2-a2e9-4d99d86c899b","local_time":"20181017110956","is_ascension_mode":true,"campfire_choices":[{"data":"Dual Strike","floor":6,"key":"SMITH"},{"floor":8,"key":"REST"},{"data":"Rampage","floor":12,"key":"SMITH"},{"floor":15,"key":"REST"}],"neow_cost":"NONE","seed_source_timestamp":1492628123192,"circlet_count":0,"master_deck":["Strike_R","Strike_R","Strike_R","Strike_R","Strike_R","Defend_R","Defend_R+1","Defend_R","Defend_R","Bash+1","AscendersBane","Shrug It Off","Dual Strike+1","Rampage+1","Intolerance","Armaments+1","Dual Wield+1","SwordBurial+1"],"relics":["Burning Blood","NlothsMask","ReplayTheSpireMod:CursedCoin","Toxic Egg 2","Gremlin Food","Ancient Tea Set","Happy Flower"],"potions_floor_usage":[11],"damage_taken":[{"damage":0,"enemies":"2 Louse","floor":1,"turns":3},{"damage":14,"enemies":"Cultist","floor":2,"turns":5},{"damage":4,"enemies":"Jaw Worm","floor":3,"turns":5},{"damage":35,"enemies":"Lagavulin","floor":7,"turns":8},{"damage":36,"enemies":"3 Sentries","floor":10,"turns":9},{"damage":3,"enemies":"2 Fungi Beasts","floor":11,"turns":5},{"damage":23,"enemies":"Exordium Thugs","floor":14,"turns":6},{"damage":56,"enemies":"The Guardian","floor":16,"turns":8}],"seed_played":"-6725256240002091474","potions_obtained":[{"floor":3,"key":"Regen Potion"},{"floor":11,"key":"Elixir"}],"is_trial":false,"path_per_floor":["M","M","M","?","$","R","E","R","T","E","M","R","$","M","R"],"character_chosen":"IRONCLAD","items_purchased":["ReplayTheSpireMod:CursedCoin","Toxic Egg 2","Armaments+1","Happy Flower"],"campfire_rested":2,"item_purchase_floors":[5,5,5,13],"current_hp_per_floor":[74,66,68,68,68,68,39,61,61,31,48,48,48,31,53,0],"gold":35,"neow_bonus":"HUNDRED_GOLD","is_prod":false,"is_daily":false,"chose_seed":false,"campfire_upgraded":2,"win_rate":0,"timestamp":1539767396,"path_taken":["M","M","M","?","$","R","E","R","T","E","?","R","?","M","R","BOSS"],"build_version":"2018-10-04v2","purchased_purges":0,"victory":false,"max_hp_per_floor":[75,75,75,75,75,75,75,75,75,75,75,75,75,75,75,75],"card_choices":[{"not_picked":["Twin Strike","Flex"],"picked":"Shrug It Off","floor":1},{"not_picked":["Metallicize","Pommel Strike"],"picked":"Dual Strike","floor":2},{"not_picked":["Defy Death","Pommel Strike"],"picked":"Rampage","floor":3},{"not_picked":["Thunderclap","Berserk","Massacre"],"picked":"SKIP","floor":7},{"not_picked":["Havoc+1","ReplayTheSpireMod:Strike From Hell"],"picked":"Dual Wield+1","floor":10},{"not_picked":["Second Wind+1","Thunderclap","Sword Boomerang"],"picked":"SKIP","floor":11},{"not_picked":["Havoc+1","ReplayTheSpireMod:Strike From Hell"],"picked":"SwordBurial+1","floor":14}],"player_experience":995850,"relics_obtained":[{"floor":7,"key":"Gremlin Food"},{"floor":10,"key":"Ancient Tea Set"}],"event_choices":[{"event_name":"FaceTrader","player_choice":"Trade","floor":4,"damage_taken":0}],"is_beta":false,"boss_relics":[],"items_purged_floors":[],"is_endless":false,"potions_floor_spawned":[3,11],"killed_by":"The Guardian","ascension_level":17}