{"path_per_floor":["M","T","?","?","?","R","M","R","T","?","?","M","M","?","R","B",null,"M","?","?","?","M","R","?","R","T","R","M","M","M","$","R","B",null,"M","M","?","?","M","R","M"],"character_chosen":"DEFECT","items_purchased":["Gremlin Horn"],"gold_per_floor":[114,114,114,114,189,189,204,204,254,254,254,269,284,284,284,384,384,399,399,399,399,414,414,414,414,439,439,454,469,484,234,234,334,334,349,364,364,364,379,379,394,394],"floor_reached":42,"campfire_rested":1,"playtime":1418,"item_purchase_floors":[31],"current_hp_per_floor":[75,75,68,68,57,57,57,57,57,92,92,78,73,78,78,26,97,97,97,97,97,97,97,97,97,97,97,84,88,70,70,70,50,97,73,54,54,42,20,49,13,0],"items_purged":[],"gold":394,"score":486,"play_id":"63851dac-9cb9-4284-915d-8980959c749b","local_time":"20180611155540","daily_mods":["Allstar","Lethality","Hoarder"],"is_prod":false,"is_daily":true,"chose_seed":false,"is_ascension_mode":false,"campfire_upgraded":7,"win_rate":0.0,"timestamp":1528725340,"campfire_choices":[{"data":"Panache","floor":6,"key":"SMITH"},{"data":"Panache","floor":8,"key":"SMITH"},{"data":"Panache","floor":15,"key":"SMITH"},{"data":"Scrape","floor":23,"key":"SMITH"},{"data":"Thinking Ahead","floor":25,"key":"SMITH"},{"data":"Thinking Ahead","floor":27,"key":"SMITH"},{"data":"Thinking Ahead","floor":32,"key":"SMITH"},{"floor":40,"key":"REST"}],"path_taken":["M","?","?","?","?","R","M","R","T","?","?","M","M","?","R","BOSS","M","?","?","?","M","R","?","R","T","R","M","M","M","$","R","BOSS","M","M","?","?","M","R","M","M"],"build_version":"2018-06-07v3","seed_source_timestamp":0,"purchased_purges":0,"victory":false,"master_deck":["Strike_B","Strike_B","Strike_B","Strike_B","Defend_B","Defend_B","Defend_B","Zap","Dualcast","Thinking Ahead+1","Thinking Ahead+1","Thinking Ahead+1","Panache+1","Panache+1","Panache+1","Jack Of All Trades","Jack Of All Trades","Jack Of All Trades","Deep Breath","Deep Breath","Deep Breath","Enlightenment","Rebound","Rebound","Rebound","Panacea","Panacea","Panacea","Scrape+1","Scrape+1","Scrape+1","Writhe","Writhe","Writhe","Scrape","Scrape+1","Seek","Seek","Seek","Madness","Madness","Madness","Madness","Madness","Madness","Reprogram+1","Reprogram+1","Reprogram+1"],"max_hp_per_floor":[75,75,75,82,82,82,82,82,82,92,92,92,92,97,97,97,97,97,97,97,97,97,97,97,97,97,97,97,97,97,97,97,97,97,97,97,97,97,97,97,97,97],"relics":["Cracked Core","Juzu Bracelet","Strawberry","Bag of Preparation","Sozu","Unceasing Top","Boot","Gremlin Horn"],"card_choices":[{"not_picked":["Go for the Eyes","Steam"],"picked":"Rebound","floor":1},{"not_picked":["Turbo","Chaos","Redo"],"picked":"SKIP","floor":7},{"not_picked":["Turbo","Tempest","Gash"],"picked":"SKIP","floor":12},{"not_picked":["Go for the Eyes","Blizzard","Compile Driver"],"picked":"SKIP","floor":13},{"not_picked":["Beam Cell","Leap"],"picked":"Scrape+1","floor":18},{"not_picked":["Compile Driver","Hologram+1","Coolheaded"],"picked":"SKIP","floor":22},{"not_picked":["Consume","Ball Lightning","Reinforced Body"],"picked":"SKIP","floor":28},{"not_picked":["Skim","Defragment","Stack"],"picked":"SKIP","floor":29},{"not_picked":["Doom and Gloom+1","Defragment","Chaos+1"],"picked":"SKIP","floor":30},{"not_picked":["Multi-Cast","Rainbow"],"picked":"Seek","floor":33},{"not_picked":["Beam Cell","Reinforced Body+1","Auto Shields+1"],"picked":"SKIP","floor":35},{"not_picked":["Gash+1","Steam+1","Turbo+1"],"picked":"SKIP","floor":36},{"not_picked":["Ball Lightning+1","Go for the Eyes+1","Coolheaded+1"],"picked":"SKIP","floor":39},{"not_picked":["Stack","Compile Driver+1"],"picked":"Reprogram+1","floor":41}],"player_experience":215299,"potions_floor_usage":[42],"damage_taken":[{"damage":0,"enemies":"Cultist","floor":1,"turns":2},{"damage":0,"enemies":"Small Slimes","floor":7,"turns":1},{"damage":14,"enemies":"Jaw Worm","floor":12,"turns":2},{"damage":13,"enemies":"Large Slime","floor":13,"turns":3},{"damage":52,"enemies":"The Guardian","floor":16,"turns":4},{"damage":0,"enemies":"3 Byrds","floor":18,"turns":1},{"damage":0,"enemies":"Spheric Guardian","floor":22,"turns":1},{"damage":13,"enemies":"Chosen and Byrds","floor":28,"turns":3},{"damage":0,"enemies":"Snecko","floor":29,"turns":2},{"damage":18,"enemies":"3 Cultists","floor":30,"turns":3},{"damage":20,"enemies":"Automaton","floor":33,"turns":4},{"damage":24,"enemies":"3 Darklings","floor":35,"turns":2},{"damage":19,"enemies":"Orb Walker","floor":36,"turns":3},{"damage":22,"enemies":"3 Darklings","floor":39,"turns":3},{"damage":36,"enemies":"4 Shapes","floor":41,"turns":2},{"damage":19,"enemies":"Maw","floor":42,"turns":4}],"relics_obtained":[{"floor":2,"key":"Juzu Bracelet"},{"floor":9,"key":"Bag of Preparation"},{"floor":26,"key":"Boot"}],"event_choices":[{"event_name":"Golden Wing","player_choice":"Card Removal","floor":3,"damage_taken":0},{"event_name":"Scrap Ooze","player_choice":"success","floor":4,"damage_taken":7},{"event_name":"World of Goop","player_choice":"Gather Gold","floor":5,"damage_taken":0},{"event_name":"Bonfire Elementals","player_choice":"RARE","floor":10,"damage_taken":0},{"event_name":"Transmorgrifier","player_choice":"Transform","floor":11,"damage_taken":0},{"event_name":"Big Fish","player_choice":"Donut","floor":14,"damage_taken":0},{"event_name":"The Mausoleum","player_choice":"Yes","floor":19,"damage_taken":0},{"event_name":"The Library","player_choice":"Read","floor":20,"damage_taken":0},{"event_name":"Accursed Blacksmith","player_choice":"Ignore","floor":21,"damage_taken":0},{"event_name":"Drug Dealer","player_choice":"Ignored","floor":24,"damage_taken":0},{"event_name":"Falling","player_choice":"Removed Attack","floor":37,"damage_taken":0},{"event_name":"Winding Halls","player_choice":"Embrace Madness","floor":38,"damage_taken":0}],"boss_relics":[{"not_picked":["Nuclear Battery","Inserter"],"picked":"Sozu"},{"not_picked":["Snecko Eye","Astrolabe","Philosopher\u0027s Stone"]}],"items_purged_floors":[],"potions_floor_spawned":[13,22,29,33,36,41],"seed_played":"-3332908943780289604","killed_by":"Maw","ascension_level":0,"potions_obtained":[{"floor":13,"key":"Weak Potion"}],"is_trial":false}