{"gold_per_floor":[119,119,79,92,111,145,158,158,158,158,176,209,209,209,209,333,333,317,317,317,337,337],"floor_reached":22,"playtime":781,"items_purged":[],"score":194,"play_id":"1eba0b71-5c00-43f1-8bb0-95e50c2fca14","local_time":"20190128203909","is_ascension_mode":false,"campfire_choices":[{"data":"Echo Form","floor":8,"key":"SMITH"},{"data":"Zap","floor":10,"key":"SMITH"},{"floor":13,"key":"REST"},{"data":"Genetic Algorithm","floor":15,"key":"SMITH"}],"neow_cost":"NONE","seed_source_timestamp":1388051694201,"circlet_count":0,"master_deck":["Strike_B","Strike_B","Strike_B","Defend_B","Defend_B","Zap+1","Dualcast","Hologram","Sweeping Beam","Self Repair","Echo Form+1","Beam Cell","Ball Lightning","Genetic Algorithm+1","Creative AI","Self Repair","Chaos","Redo","Echo Form","Conserve Battery","Hello World","Aggregate","Glacier"],"relics":["Cracked Core","Smiling Mask","Happy Flower","Gremlin Horn","Golden Idol","Orrery"],"potions_floor_usage":[3,4,4,4,6,6,7,12,22],"damage_taken":[{"damage":7,"enemies":"2 Louse","floor":1,"turns":2},{"damage":1,"enemies":"Jaw Worm","floor":4,"turns":2},{"damage":3,"enemies":"Cultist","floor":5,"turns":3},{"damage":16,"enemies":"3 Sentries","floor":6,"turns":5},{"damage":5,"enemies":"Gremlin Gang","floor":7,"turns":4},{"damage":11,"enemies":"Exordium Wildlife","floor":11,"turns":3},{"damage":33,"enemies":"Lagavulin","floor":12,"turns":4},{"damage":45,"enemies":"Slime Boss","floor":16,"turns":7},{"damage":37,"enemies":"2 Thieves","floor":18,"turns":5},{"damage":26,"enemies":"Shell Parasite","floor":21,"turns":7},{"damage":44,"enemies":"Centurion and Healer","floor":22,"turns":5}],"seed_played":"6851475605505019695","potions_obtained":[{"floor":3,"key":"EntropicBrew"},{"floor":3,"key":"Fruit Juice"},{"floor":3,"key":"AttackPotion"},{"floor":4,"key":"Block Potion"},{"floor":6,"key":"Poison Potion"},{"floor":18,"key":"Ancient Potion"}],"is_trial":false,"path_per_floor":["M","?","?","M","M","E","M","R","T","R","M","E","R","?","R","B",null,"M","?","?","M","M"],"character_chosen":"DEFECT","items_purchased":[],"campfire_rested":1,"item_purchase_floors":[],"current_hp_per_floor":[68,61,66,65,62,67,69,69,69,69,58,32,56,56,56,25,74,58,58,58,46,2],"gold":337,"neow_bonus":"RANDOM_COMMON_RELIC","is_prod":false,"is_daily":false,"chose_seed":false,"campfire_upgraded":3,"win_rate":0,"timestamp":1548661149,"path_taken":["M","?","?","M","?","E","?","R","T","R","M","E","R","?","R","BOSS","M","?","?","?","M"],"build_version":"2019-01-23","purchased_purges":0,"victory":false,"max_hp_per_floor":[75,75,80,80,80,80,80,80,80,80,80,80,80,74,74,74,74,74,74,74,74,74],"card_choices":[{"not_picked":["Turbo","Leap"],"picked":"Hologram","floor":1},{"not_picked":["Stack","Undo"],"picked":"Sweeping Beam","floor":4},{"not_picked":["Streamline","Beam Cell"],"picked":"Self Repair","floor":5},{"not_picked":["Hologram","Turbo"],"picked":"Echo Form","floor":6},{"not_picked":["Sweeping Beam","Skim"],"picked":"Beam Cell","floor":7},{"not_picked":["Sweeping Beam","Glacier"],"picked":"Ball Lightning","floor":11},{"not_picked":["Heatsinks","Rebound"],"picked":"Genetic Algorithm","floor":12},{"not_picked":["Hyperbeam","Meteor Strike"],"picked":"Creative AI","floor":16},{"not_picked":["Reprogram","Rebound"],"picked":"Self Repair","floor":17},{"not_picked":["Leap","Beam Cell"],"picked":"Chaos","floor":17},{"not_picked":["Go for the Eyes","Auto Shields"],"picked":"Redo","floor":17},{"not_picked":["Glacier","Compile Driver"],"picked":"Echo Form","floor":17},{"not_picked":["Leap","Defragment"],"picked":"Conserve Battery","floor":17},{"not_picked":["Streamline","Compile Driver"],"picked":"Hello World","floor":18},{"not_picked":["Gash","Redo"],"picked":"Glacier","floor":21}],"player_experience":601192,"relics_obtained":[{"floor":6,"key":"Happy Flower"},{"floor":12,"key":"Gremlin Horn"}],"event_choices":[{"cards_removed":["Defend_B"],"damage_healed":0,"gold_gain":0,"player_choice":"Card Removal","damage_taken":7,"max_hp_gain":0,"max_hp_loss":0,"event_name":"Golden Wing","floor":2,"gold_loss":0},{"damage_healed":0,"gold_gain":0,"player_choice":"Bought 3 Potions","damage_taken":0,"max_hp_gain":0,"max_hp_loss":0,"event_name":"The Woman in Blue","floor":3,"gold_loss":0},{"damage_healed":0,"gold_gain":0,"player_choice":"Lose Max HP","damage_taken":0,"relics_obtained":["Golden Idol"],"max_hp_gain":0,"max_hp_loss":6,"event_name":"Golden Idol","floor":14,"gold_loss":0},{"damage_healed":0,"gold_gain":0,"cards_transformed":["Strike_B","Defend_B"],"player_choice":"Became Test Subject","damage_taken":0,"max_hp_gain":0,"max_hp_loss":0,"event_name":"Drug Dealer","floor":19,"gold_loss":0,"cards_obtained":["Aggregate","Consume"]},{"cards_removed":["Consume"],"damage_healed":0,"gold_gain":0,"player_choice":"Purged","damage_taken":0,"max_hp_gain":0,"max_hp_loss":0,"event_name":"Purifier","floor":20,"gold_loss":0}],"is_beta":false,"boss_relics":[{"not_picked":["FrozenCore","White Beast Statue"],"picked":"Orrery"}],"items_purged_floors":[],"is_endless":false,"potions_floor_spawned":[4,6,18],"killed_by":"Centurion and Healer","ascension_level":0}