{"gold_per_floor":[109,109,109,129,147,147,174,174,201,229,241,391,391,403,403,476,476,486,499,499,499,499],"floor_reached":22,"playtime":718,"items_purged":[],"score":378,"play_id":"e68d68b1-fac6-4ba1-964b-f27e9ed21064","local_time":"20190119010348","is_ascension_mode":true,"campfire_choices":[{"data":"Zap","floor":6,"key":"SMITH"},{"data":"Genetic Algorithm","floor":8,"key":"SMITH"},{"floor":13,"key":"REST"},{"data":"Steam","floor":15,"key":"SMITH"}],"neow_cost":"NONE","seed_source_timestamp":686811334140500,"circlet_count":0,"master_deck":["AscendersBane","Strike_B","Strike_B+1","Strike_B","Defend_B","Defend_B","Defend_B","Zap+1","Dualcast","Genetic Algorithm+1","Beam Cell+1","Glacier","Ball Lightning","Steam+1","Doubt","Stack","Biased Cognition","Chaos+1","Necronomicurse"],"relics":["Cracked Core","Bag of Marbles","Whetstone","Oddly Smooth Stone","Coffee Dripper","Necronomicon"],"potions_floor_usage":[7,10,16,22],"damage_taken":[{"damage":9,"enemies":"2 Louse","floor":1,"turns":3},{"damage":6,"enemies":"Jaw Worm","floor":4,"turns":3},{"damage":5,"enemies":"Small Slimes","floor":5,"turns":3},{"damage":19,"enemies":"Gremlin Nob","floor":7,"turns":5},{"damage":10,"enemies":"3 Sentries","floor":10,"turns":12},{"damage":0,"enemies":"2 Fungi Beasts","floor":11,"turns":3},{"damage":1,"enemies":"3 Louse","floor":14,"turns":4},{"damage":33,"enemies":"The Guardian","floor":16,"turns":14},{"damage":22,"enemies":"Spheric Guardian","floor":18,"turns":4},{"damage":6,"enemies":"Chosen","floor":19,"turns":4},{"damage":22,"enemies":"3 Cultists","floor":22,"turns":4}],"seed_played":"-7311767497319217568","potions_obtained":[{"floor":1,"key":"FocusPotion"},{"floor":4,"key":"AttackPotion"},{"floor":11,"key":"Ancient Potion"},{"floor":14,"key":"SpeedPotion"},{"floor":16,"key":"Dexterity Potion"}],"is_trial":false,"path_per_floor":["M","?","?","M","M","R","E","R","T","E","M","?","R","M","R","B",null,"M","M","?","?","M"],"character_chosen":"DEFECT","items_purchased":[],"campfire_rested":1,"item_purchase_floors":[],"current_hp_per_floor":[62,55,55,49,44,44,25,25,25,15,15,15,38,37,37,4,60,38,32,11,11,0],"gold":499,"neow_bonus":"TEN_PERCENT_HP_BONUS","is_prod":false,"is_daily":false,"chose_seed":false,"campfire_upgraded":3,"win_rate":0,"timestamp":1547827428,"path_taken":["M","?","?","M","?","R","E","R","T","E","M","?","R","M","R","BOSS","M","M","?","?","M"],"build_version":"2019-01-17v2","purchased_purges":0,"victory":false,"max_hp_per_floor":[78,78,78,78,78,78,78,78,78,78,78,78,78,78,78,78,78,78,78,78,78,78],"card_choices":[{"not_picked":["Heatsinks","Chill"],"picked":"Genetic Algorithm","floor":1},{"not_picked":["Reinforced Body","Hologram"],"picked":"Beam Cell","floor":4},{"not_picked":["Gash","Chill"],"picked":"Glacier","floor":5},{"not_picked":["Gash","Capacitor","Force Field"],"picked":"SKIP","floor":7},{"not_picked":["Fusion","Hologram"],"picked":"Ball Lightning","floor":10},{"not_picked":["Reprogram","BootSequence"],"picked":"Steam","floor":11},{"not_picked":["Compile Driver","Darkness"],"picked":"Stack","floor":14},{"not_picked":["Hyperbeam","Seek"],"picked":"Biased Cognition","floor":16},{"not_picked":["Storm","Chill"],"picked":"Chaos+1","floor":18},{"not_picked":["Turbo","Lockon","Beam Cell"],"picked":"SKIP","floor":19}],"player_experience":1051383,"relics_obtained":[{"floor":7,"key":"Bag of Marbles"},{"floor":9,"key":"Whetstone"},{"floor":10,"key":"Oddly Smooth Stone"},{"floor":20,"key":"Necronomicon"}],"event_choices":[{"cards_removed":["Defend_B"],"damage_healed":0,"gold_gain":0,"player_choice":"Card Removal","damage_taken":7,"max_hp_gain":0,"max_hp_loss":0,"event_name":"Golden Wing","floor":2,"gold_loss":0},{"cards_removed":["Strike_B"],"damage_healed":0,"gold_gain":0,"player_choice":"Forget","damage_taken":0,"max_hp_gain":0,"max_hp_loss":0,"event_name":"Living Wall","floor":3,"gold_loss":0},{"damage_healed":0,"gold_gain":150,"player_choice":"AGREE","damage_taken":0,"max_hp_gain":0,"max_hp_loss":0,"event_name":"Liars Game","floor":12,"gold_loss":0,"cards_obtained":["Doubt"]},{"damage_healed":0,"gold_gain":0,"player_choice":"Obtained Book","damage_taken":21,"max_hp_gain":0,"max_hp_loss":0,"event_name":"Cursed Tome","floor":20,"gold_loss":0},{"damage_healed":0,"gold_gain":0,"player_choice":"Ignored","damage_taken":0,"max_hp_gain":0,"max_hp_loss":0,"event_name":"Ghosts","floor":21,"gold_loss":0}],"is_beta":false,"boss_relics":[{"not_picked":["Runic Dome","Lizard Tail"],"picked":"Coffee Dripper"}],"items_purged_floors":[],"is_endless":false,"potions_floor_spawned":[1,4,11,14,16,19],"killed_by":"3 Cultists","ascension_level":19}