{"gold_per_floor":[110,35,46,221,237,237,263,280,356,356,367,367,377,377,377,482,482,498,498,115,115,214,214,139,157,157,157,167,182,194,294,294,389,389,408,5,20,20,20,20,20,31,31,31,48,63,63,78,78,78],"floor_reached":50,"playtime":2890,"items_purged":["Defend_B","Doubt"],"score":471,"play_id":"847c2c94-5f4d-4449-a451-85d47c229638","local_time":"20181117203342","is_ascension_mode":false,"campfire_choices":[{"data":"Zap","floor":6,"key":"SMITH"},{"floor":10,"key":"REST"},{"floor":15,"key":"REST"},{"floor":23,"key":"DIG"},{"floor":27,"key":"DIG"},{"floor":32,"key":"REST"},{"floor":40,"key":"DIG"},{"floor":49,"key":"REST"}],"neow_cost":"NONE","seed_source_timestamp":185228131432192,"circlet_count":0,"master_deck":["Zap+1","Dualcast","Barrage","Coolheaded","BootSequence","Turbo","Electrodynamics","Double Energy","FTL","Creative AI","Ball Lightning","Skim","Conserve Battery","Sweeping Beam","Compile Driver","Conserve Battery","Self Repair","Steam Power+1","Lockon+1","Rebound+1","Lockon","Chill+1","Barrage+1","Madness","Madness","Hologram+1","Dramatic Entrance","Cold Snap+1","Defragment+1","Ball Lightning"],"relics":["Cracked Core","Shovel","Shuriken","Juzu Bracelet","Pandora\u0027s Box","TheAbacus","Oddly Smooth Stone","Letter Opener","Pen Nib","Lizard Tail","Ancient Tea Set","Matryoshka","Ornamental Fan","Pear","Regal Pillow"],"potions_floor_usage":[5,5,16,25,28,33,46,47,50],"damage_taken":[{"damage":1,"enemies":"Jaw Worm","floor":1,"turns":4},{"damage":3,"enemies":"Small Slimes","floor":3,"turns":3},{"damage":0,"enemies":"Cultist","floor":5,"turns":4},{"damage":27,"enemies":"Lagavulin","floor":7,"turns":8},{"damage":6,"enemies":"2 Fungi Beasts","floor":8,"turns":4},{"damage":3,"enemies":"Looter","floor":11,"turns":3},{"damage":7,"enemies":"Red Slaver","floor":13,"turns":4},{"damage":39,"enemies":"The Guardian","floor":16,"turns":12},{"damage":23,"enemies":"Spheric Guardian","floor":18,"turns":4},{"damage":9,"enemies":"2 Thieves","floor":25,"turns":3},{"damage":19,"enemies":"Centurion and Healer","floor":28,"turns":3},{"damage":16,"enemies":"3 Cultists","floor":29,"turns":4},{"damage":0,"enemies":"Snecko","floor":30,"turns":3},{"damage":91,"enemies":"Automaton","floor":33,"turns":7},{"damage":10,"enemies":"Orb Walker","floor":35,"turns":3},{"damage":15,"enemies":"3 Darklings","floor":37,"turns":4},{"damage":14,"enemies":"Spire Growth","floor":42,"turns":4},{"damage":41,"enemies":"Maw","floor":45,"turns":8},{"damage":11,"enemies":"Sphere and 2 Shapes","floor":46,"turns":4},{"damage":0,"enemies":"3 Darklings","floor":47,"turns":1},{"damage":50,"enemies":"Maw","floor":48,"turns":8},{"damage":63,"enemies":"Awakened One","floor":50,"turns":4}],"seed_played":"2170227546585019838","potions_obtained":[{"floor":3,"key":"AttackPotion"},{"floor":5,"key":"Fruit Juice"},{"floor":11,"key":"SpeedPotion"},{"floor":13,"key":"PowerPotion"},{"floor":19,"key":"Poison Potion"},{"floor":19,"key":"Regen Potion"},{"floor":28,"key":"SteroidPotion"},{"floor":30,"key":"FairyPotion"},{"floor":37,"key":"FearPotion"},{"floor":45,"key":"Explosive Potion"},{"floor":46,"key":"SmokeBomb"},{"floor":48,"key":"Block Potion"}],"is_trial":false,"path_per_floor":["M","$","M","?","M","R","E","M","T","R","M","?","M","?","R","B",null,"M","?","$","?","?","R","?","M","T","R","M","M","M","?","R","B",null,"M","$","M","?","?","R","?","M","T","?","M","M","M","M","R","B"],"character_chosen":"DEFECT","items_purchased":["Self Repair","TheAbacus","Ancient Tea Set","Matryoshka"],"campfire_rested":4,"item_purchase_floors":[20,20,36,36],"current_hp_per_floor":[74,74,71,71,76,76,49,43,43,67,64,46,39,39,63,24,80,57,57,57,57,57,57,57,64,64,64,45,29,29,29,53,15,80,77,77,69,69,69,69,59,52,62,62,21,10,10,20,62,0],"gold":78,"neow_bonus":"TRANSFORM_CARD","is_prod":false,"is_daily":false,"chose_seed":false,"campfire_upgraded":1,"win_rate":0,"timestamp":1542440022,"path_taken":["M","$","M","?","M","R","E","M","T","R","M","?","M","?","R","BOSS","M","?","$","?","?","R","?","M","T","R","M","M","M","?","R","BOSS","M","$","M","?","?","R","?","M","T","?","M","M","M","M","R","BOSS"],"build_version":"2018-11-15","purchased_purges":2,"victory":false,"max_hp_per_floor":[75,75,75,75,80,80,80,80,80,80,80,80,80,80,80,80,80,80,80,80,80,80,80,80,80,80,80,80,80,80,80,80,80,80,80,80,80,80,80,80,80,80,90,90,90,90,90,90,90,90],"card_choices":[{"not_picked":["Rebound","Turbo"],"picked":"Coolheaded","floor":1},{"not_picked":["Barrage","Compile Driver"],"picked":"BootSequence","floor":3},{"not_picked":["Stack","Reprogram"],"picked":"Turbo","floor":5},{"not_picked":["Force Field","Leap"],"picked":"Hello World","floor":7},{"not_picked":["Barrage","Stack"],"picked":"Electrodynamics","floor":8},{"not_picked":["Hologram","Stack"],"picked":"Double Energy","floor":11},{"not_picked":["Auto Shields","Barrage"],"picked":"FTL","floor":13},{"not_picked":["Electrodynamics","Reboot"],"picked":"Creative AI","floor":16},{"not_picked":["Rebound","Cold Snap"],"picked":"Conserve Battery","floor":18},{"not_picked":["Conserve Battery","White Noise"],"picked":"Steam Power+1","floor":25},{"not_picked":["Go for the Eyes","Ball Lightning"],"picked":"Lockon+1","floor":28},{"not_picked":["Streamline","Force Field"],"picked":"Rebound+1","floor":29},{"not_picked":["Redo","Cold Snap"],"picked":"Lockon","floor":30},{"not_picked":["Amplify","Meteor Strike"],"picked":"Machine Learning","floor":33},{"not_picked":["Heatsinks+1","Gash"],"picked":"Chill+1","floor":35},{"not_picked":["Go for the Eyes","Cold Snap"],"picked":"Barrage+1","floor":37},{"not_picked":["White Noise","Steam Power+1"],"picked":"Hologram+1","floor":42},{"not_picked":["Bandage Up","Finesse"],"picked":"Dramatic Entrance","floor":44},{"not_picked":["Leap","Machine Learning"],"picked":"Cold Snap+1","floor":45},{"not_picked":["Streamline+1","Cold Snap+1"],"picked":"Defragment+1","floor":46},{"not_picked":["Rebound+1","Rip and Tear+1"],"picked":"Ball Lightning","floor":48}],"player_experience":325789,"relics_obtained":[{"floor":7,"key":"Shovel"},{"floor":9,"key":"Shuriken"},{"floor":23,"key":"Oddly Smooth Stone"},{"floor":26,"key":"Letter Opener"},{"floor":27,"key":"Pen Nib"},{"floor":40,"key":"Ornamental Fan"},{"floor":43,"key":"Pear"},{"floor":43,"key":"Regal Pillow"}],"event_choices":[{"damage_healed":0,"gold_gain":175,"player_choice":"AGREE","damage_taken":0,"max_hp_gain":0,"max_hp_loss":0,"event_name":"Liars Game","floor":4,"gold_loss":0,"cards_obtained":["Doubt"]},{"damage_healed":0,"gold_gain":0,"player_choice":"Success","damage_taken":18,"relics_obtained":["Juzu Bracelet"],"max_hp_gain":0,"max_hp_loss":0,"event_name":"Scrap Ooze","floor":12,"gold_loss":0},{"damage_healed":0,"gold_gain":0,"player_choice":"Ignored","damage_taken":0,"max_hp_gain":0,"max_hp_loss":0,"event_name":"Shining Light","floor":14,"gold_loss":0},{"damage_healed":0,"gold_gain":0,"player_choice":"Got Potions","damage_taken":0,"max_hp_gain":0,"max_hp_loss":0,"event_name":"Lab","floor":19,"gold_loss":0},{"cards_removed":["Reprogram"],"damage_healed":0,"gold_gain":0,"player_choice":"Elegance","damage_taken":0,"max_hp_gain":0,"max_hp_loss":0,"event_name":"Back to Basics","floor":21,"gold_loss":0},{"damage_healed":0,"gold_gain":99,"player_choice":"Stole From Cult","damage_taken":0,"max_hp_gain":0,"max_hp_loss":0,"event_name":"Nest","floor":22,"gold_loss":0},{"cards_removed":["Hello World"],"damage_healed":0,"gold_gain":0,"player_choice":"Gave Gold","damage_taken":0,"max_hp_gain":0,"max_hp_loss":0,"event_name":"Beggar","floor":24,"gold_loss":75},{"damage_healed":0,"gold_gain":100,"player_choice":"Pray","damage_taken":0,"max_hp_gain":0,"max_hp_loss":0,"event_name":"Golden Shrine","floor":31,"gold_loss":0},{"damage_healed":0,"gold_gain":0,"player_choice":"Ignored","damage_taken":0,"max_hp_gain":0,"max_hp_loss":0,"event_name":"Mysterious Sphere","floor":38,"gold_loss":0},{"cards_removed":["Machine Learning"],"damage_healed":0,"gold_gain":0,"player_choice":"Removed Power","damage_taken":0,"max_hp_gain":0,"max_hp_loss":0,"event_name":"Falling","floor":39,"gold_loss":0},{"damage_healed":0,"gold_gain":0,"player_choice":"Embrace Madness","damage_taken":10,"max_hp_gain":0,"max_hp_loss":0,"event_name":"Winding Halls","floor":41,"gold_loss":0,"cards_obtained":["Madness","Madness"]},{"damage_healed":0,"gold_gain":0,"player_choice":"Memory 1","damage_taken":0,"max_hp_gain":0,"max_hp_loss":0,"event_name":"SensoryStone","floor":44,"gold_loss":0}],"is_beta":false,"boss_relics":[{"not_picked":["Eternal Feather","Calling Bell"],"picked":"Pandora\u0027s Box"},{"not_picked":["Busted Crown","Cursed Key"],"picked":"Lizard Tail"}],"items_purged_floors":[2,20],"is_endless":false,"potions_floor_spawned":[3,5,11,13,28,30,37,45,46,48],"killed_by":"Awakened One","ascension_level":0}