{"gold_per_floor":[112,13,32,46,221,221,253,253,321,331,344,344,344,360,360,459,459,477,78,78,26,126,126,126,126,126,126,137,137,12,0,0,0],"floor_reached":33,"playtime":1606,"items_purged":["Defend_R","Doubt","Defend_R"],"score":243,"play_id":"ed19ce68-cafa-402a-8050-d261959e77fe","local_time":"20181028220422","is_ascension_mode":false,"campfire_choices":[{"data":"Flame Barrier","floor":6,"key":"SMITH"},{"floor":8,"key":"REST"},{"floor":15,"key":"REST"},{"floor":23,"key":"REST"},{"floor":24,"key":"REST"},{"floor":29,"key":"REST"},{"data":"Corruption","floor":32,"key":"SMITH"}],"neow_cost":"NONE","seed_source_timestamp":1484047571553015,"circlet_count":0,"master_deck":["Strike_R","Strike_R","Strike_R","Strike_R","Bash","Flame Barrier+1","Havoc","Battle Trance","Iron Wave","Sentinel","Double Tap+1","Sword Boomerang","Uppercut","Juggernaut","Sentinel+1","Uppercut+1","Entrench+1","Evolve+1","Corruption+1","Pummel","Headbutt+1","Thunderclap"],"relics":["Mark of Pain","Bag of Preparation","Kunai","Potion Belt","Astrolabe","Bag of Marbles","WingedGreaves","Darkstone Periapt","Gremlin Horn"],"potions_floor_usage":[4,7,13,16,18,22,22,33],"damage_taken":[{"damage":0,"enemies":"Small Slimes","floor":1,"turns":3},{"damage":0,"enemies":"2 Louse","floor":3,"turns":4},{"damage":11,"enemies":"Jaw Worm","floor":4,"turns":3},{"damage":26,"enemies":"Lagavulin","floor":7,"turns":7},{"damage":6,"enemies":"Large Slime","floor":10,"turns":7},{"damage":0,"enemies":"Exordium Wildlife","floor":11,"turns":3},{"damage":0,"enemies":"Gremlin Gang","floor":13,"turns":1},{"damage":10,"enemies":"Red Slaver","floor":14,"turns":4},{"damage":24,"enemies":"The Guardian","floor":16,"turns":12},{"damage":19,"enemies":"Spheric Guardian","floor":18,"turns":4},{"damage":10,"enemies":"Colosseum Slavers","floor":22,"turns":3},{"damage":39,"enemies":"Colosseum Nobs","floor":22,"turns":4},{"damage":32,"enemies":"2 Thieves","floor":28,"turns":4},{"damage":29,"enemies":"Automaton","floor":33,"turns":6}],"seed_played":"1360161215898417673","potions_obtained":[{"floor":3,"key":"Regen Potion"},{"floor":4,"key":"SteroidPotion"},{"floor":7,"key":"SmokeBomb"},{"floor":14,"key":"Dexterity Potion"},{"floor":16,"key":"SkillPotion"},{"floor":18,"key":"Fire Potion"},{"floor":28,"key":"GamblersBrew"}],"is_trial":false,"path_per_floor":["M","$","M","M","?","R","E","R","T","M","M","?","M","M","R","B",null,"M","$","?","$","?","R","R","?","T","?","M","R","$","?","R"],"character_chosen":"IRONCLAD","items_purchased":["Havoc","Bag of Marbles","Corruption","Pummel","Strength Potion"],"campfire_rested":5,"item_purchase_floors":[2,19,19,19,21],"current_hp_per_floor":[80,80,80,74,74,74,48,72,72,66,66,48,48,38,62,38,80,61,61,61,61,12,36,60,60,60,60,28,52,52,52,52,23],"gold":0,"neow_bonus":"BOSS_RELIC","is_prod":false,"is_daily":false,"chose_seed":false,"campfire_upgraded":2,"win_rate":0.0,"timestamp":1540717462,"path_taken":["M","$","M","M","?","R","E","R","T","M","M","?","M","?","R","BOSS","M","$","?","$","?","R","R","?","T","?","?","R","$","?","R","BOSS"],"build_version":"2018-10-25v2","purchased_purges":3,"victory":false,"max_hp_per_floor":[80,80,80,80,80,80,80,80,80,80,80,80,80,80,80,80,80,80,80,80,80,80,80,80,80,80,80,80,80,80,80,80,80],"card_choices":[{"not_picked":["Anger","Clash"],"picked":"Flame Barrier","floor":1},{"not_picked":["Sentinel","Perfected Strike"],"picked":"Battle Trance","floor":3},{"not_picked":["Havoc","Perfected Strike"],"picked":"Iron Wave","floor":4},{"not_picked":["Corruption","Feel No Pain"],"picked":"Sentinel","floor":7},{"not_picked":["Inflame","Battle Trance"],"picked":"Double Tap","floor":10},{"not_picked":["Iron Wave","Battle Trance"],"picked":"Sword Boomerang","floor":11},{"not_picked":["Cleave","Seeing Red"],"picked":"Uppercut","floor":14},{"not_picked":["Limit Break","Offering"],"picked":"Juggernaut","floor":16},{"not_picked":["Rupture+1","Whirlwind"],"picked":"Evolve+1","floor":18},{"not_picked":["Power Through","Warcry"],"picked":"Headbutt+1","floor":22},{"not_picked":["Wild Strike+1","Corruption"],"picked":"Thunderclap","floor":28}],"player_experience":278163,"relics_obtained":[{"floor":7,"key":"Bag of Preparation"},{"floor":9,"key":"Kunai"},{"floor":22,"key":"WingedGreaves"},{"floor":22,"key":"Darkstone Periapt"},{"floor":26,"key":"Gremlin Horn"}],"event_choices":[{"damage_healed":0,"gold_gain":175,"player_choice":"AGREE","damage_taken":0,"max_hp_gain":0,"max_hp_loss":0,"event_name":"Liars Game","floor":5,"gold_loss":0,"cards_obtained":["Doubt"]},{"damage_healed":0,"gold_gain":0,"player_choice":"Success","damage_taken":18,"relics_obtained":["Potion Belt"],"max_hp_gain":0,"max_hp_loss":0,"event_name":"Scrap Ooze","floor":12,"gold_loss":0},{"damage_healed":0,"gold_gain":0,"player_choice":"Ignored","damage_taken":0,"max_hp_gain":0,"max_hp_loss":0,"event_name":"Vampires","floor":20,"gold_loss":0},{"damage_healed":0,"gold_gain":0,"player_choice":"Fight","damage_taken":0,"max_hp_gain":0,"max_hp_loss":0,"event_name":"Colosseum","floor":22,"gold_loss":0},{"damage_healed":0,"gold_gain":0,"player_choice":"Fought Nobs","damage_taken":0,"max_hp_gain":0,"max_hp_loss":0,"event_name":"Colosseum","floor":22,"gold_loss":0},{"damage_healed":0,"gold_gain":0,"player_choice":"Ignored","damage_taken":0,"max_hp_gain":0,"max_hp_loss":0,"event_name":"Ghosts","floor":25,"gold_loss":0},{"damage_healed":0,"gold_gain":0,"player_choice":"Upgraded","damage_taken":0,"max_hp_gain":0,"max_hp_loss":0,"event_name":"Upgrade Shrine","floor":27,"gold_loss":0,"cards_upgraded":["Double Tap"]},{"damage_healed":0,"gold_gain":0,"player_choice":"Paid Fearfully","damage_taken":0,"max_hp_gain":0,"max_hp_loss":0,"event_name":"Masked Bandits","floor":31,"gold_loss":12}],"is_beta":false,"boss_relics":[{"not_picked":["Sozu","Lizard Tail"],"picked":"Astrolabe"}],"items_purged_floors":[2,19,30],"is_endless":false,"potions_floor_spawned":[3,4,7,14,16,18,28],"killed_by":"Automaton","ascension_level":0}