{"gold_per_floor":[119,133,133,408,418,418,436,447,471,453,465,491,491,516,528,540],"floor_reached":16,"playtime":1608,"items_purged":[],"score":95,"play_id":"712462d3-36c3-4583-84aa-2979f7a87e9b","local_time":"20181209223130","is_ascension_mode":false,"campfire_choices":[{"floor":6.0,"key":"REST"},{"floor":15,"key":"REST"}],"neow_cost":"NONE","seed_source_timestamp":0,"circlet_count":0,"master_deck":["Defend_G","Defend_G+1","Defend_G","Defend_G","Defend_G","Strike_G","Strike_G","Strike_G","Strike_G","Strike_G+1","Survivor","Neutralize","Tools of the Trade","Distraction","Outmaneuver","Infinite Blades","Choke","Blade Dance","Dagger Spray","Bouncing Flask","Escape Plan","Backstab"],"special_seed":0,"relics":["Ring of the Snake","MawBank","Spirit Poop"],"potions_floor_usage":[7,10],"damage_taken":[{"damage":4.0,"enemies":"Small Slimes","floor":1.0,"turns":5.0},{"damage":4.0,"enemies":"Jaw Worm","floor":2.0,"turns":5.0},{"damage":5.0,"enemies":"Cultist","floor":5.0,"turns":5.0},{"damage":1,"enemies":"3 Louse","floor":7,"turns":4},{"damage":23,"enemies":"Gremlin Gang","floor":8,"turns":6},{"damage":0,"enemies":"Looter","floor":10,"turns":4},{"damage":7,"enemies":"3 Louse","floor":12,"turns":2},{"damage":25,"enemies":"Exordium Thugs","floor":13,"turns":6},{"damage":2,"enemies":"Looter","floor":14,"turns":3},{"damage":27,"enemies":"Slime Boss","floor":16,"turns":3}],"seed_played":"6185855335446322954","potions_obtained":[{"floor":2.0,"key":"Block Potion"},{"floor":8,"key":"PowerPotion"},{"floor":14,"key":"Ancient Potion"}],"is_trial":false,"path_per_floor":["M","M","?","?","M","R","M","M","T","M","?","M","M","M","R","B"],"character_chosen":"THE_SILENT","items_purchased":[],"campfire_rested":2,"item_purchase_floors":[],"current_hp_per_floor":[66,62,48,48,43,64,63,40,40,40,40,33,8,6,27,0],"gold":540,"neow_bonus":"ONE_RANDOM_RARE_CARD","is_prod":false,"is_daily":false,"chose_seed":false,"campfire_upgraded":0,"win_rate":0.0,"timestamp":1544347890,"path_taken":["M","M","?","?","M","R","M","?","T","M","?","?","M","M","R","BOSS"],"build_version":"2018-12-06","purchased_purges":0,"victory":false,"max_hp_per_floor":[70,70,70,70,70,70,70,70,70,70,70,70,70,70,70,70],"card_choices":[{"not_picked":["Dodge and Roll","Poisoned Stab"],"picked":"Distraction","floor":1.0},{"not_picked":["Prepared","Setup"],"picked":"Outmaneuver","floor":2.0},{"not_picked":["Masterful Stab","Accuracy"],"picked":"Infinite Blades","floor":5.0},{"not_picked":["Flying Knee","Dagger Spray"],"picked":"Choke","floor":7},{"not_picked":["Bane","PiercingWail"],"picked":"Blade Dance","floor":8},{"not_picked":["Flechettes","Sucker Punch"],"picked":"Dagger Spray","floor":10},{"not_picked":["Backstab","Poisoned Stab"],"picked":"Bouncing Flask","floor":12},{"not_picked":["Reflex","Flying Knee"],"picked":"Escape Plan","floor":13},{"not_picked":["Well Laid Plans","Flying Knee"],"picked":"Backstab","floor":14}],"player_experience":458995,"relics_obtained":[{"floor":9,"key":"MawBank"}],"event_choices":[{"damage_healed":0.0,"max_hp_gain":0.0,"max_hp_loss":0.0,"gold_gain":0.0,"event_name":"Shining Light","player_choice":"Entered Light","floor":3.0,"gold_loss":0.0,"damage_taken":14.0,"cards_upgraded":["Strike_G","Defend_G"]},{"damage_healed":0.0,"max_hp_gain":0.0,"max_hp_loss":0.0,"gold_gain":275.0,"event_name":"Golden Shrine","player_choice":"Desecrate","floor":4.0,"gold_loss":0.0,"damage_taken":0.0,"cards_obtained":["Regret"]},{"cards_removed":["Regret"],"damage_healed":0,"gold_gain":0,"player_choice":"Offered Curse","damage_taken":0,"relics_obtained":["Spirit Poop"],"max_hp_gain":0,"max_hp_loss":0,"event_name":"Bonfire Elementals","floor":11,"gold_loss":0}],"is_beta":false,"boss_relics":[],"items_purged_floors":[],"is_endless":false,"potions_floor_spawned":[2,8,14],"killed_by":"Slime Boss","ascension_level":0}