{"gold_per_floor":[147,161,178,63,63,63,76,76,76,151,174,29,29,49,49,49],"floor_reached":16,"playtime":166,"items_purged":["Defend_R","Defend_R"],"score":117,"play_id":"b405cd46-8971-41c0-9739-7c3a21e50967","local_time":"20180703234155","is_ascension_mode":false,"campfire_choices":[{"data":"Flex","floor":6,"key":"SMITH"},{"data":"Spot Weakness","floor":15,"key":"SMITH"}],"neow_cost":"NONE","seed_source_timestamp":81513105319725,"circlet_count":0,"master_deck":["Strike_R","Strike_R","Strike_R","Strike_R","Strike_R","Defend_R","Defend_R+1","Bash","Flex+1","Flex","Twin Strike","Spot Weakness+1","Thunderclap","Heavy Blade"],"relics":["Tiny House","Mango","Golden Idol","Dead Branch"],"potions_floor_usage":[3,14],"damage_taken":[{"damage":6,"enemies":"Cultist","floor":1,"turns":3},{"damage":8,"enemies":"Small Slimes","floor":2,"turns":2},{"damage":11,"enemies":"Jaw Worm","floor":3,"turns":3},{"damage":0,"enemies":"2 Fungi Beasts","floor":7,"turns":3},{"damage":2,"enemies":"Blue Slaver","floor":11,"turns":3},{"damage":7,"enemies":"3 Louse","floor":14,"turns":2},{"damage":0,"enemies":"Slime Boss","floor":16,"turns":1}],"seed_played":"-5630352852143168524","potions_obtained":[{"floor":0,"key":"Fruit Juice"},{"floor":1,"key":"FearPotion"},{"floor":2,"key":"Dexterity Potion"},{"floor":3,"key":"Explosive Potion"},{"floor":13,"key":"Fire Potion"},{"floor":14,"key":"Swift Potion"}],"is_trial":false,"path_per_floor":["M","M","M","$","?","R","M","?","T","?","M","$","?","M","R"],"character_chosen":"IRONCLAD","items_purchased":["Spot Weakness","Heavy Blade"],"campfire_rested":0,"item_purchase_floors":[4,12],"current_hp_per_floor":[79,71,65,65,76,76,76,76,76,65,63,63,63,56,56,56],"gold":49,"neow_bonus":"BOSS_RELIC","is_prod":false,"is_daily":false,"chose_seed":false,"campfire_upgraded":2,"win_rate":0,"timestamp":1530686515,"path_taken":["M","M","M","$","?","R","M","?","T","?","M","$","?","?","R","BOSS"],"build_version":"2018-07-02","purchased_purges":2,"victory":false,"max_hp_per_floor":[85,85,90,90,104,104,104,96,96,96,96,96,96,96,96,96],"card_choices":[{"not_picked":["Second Wind","Armaments"],"picked":"Flex","floor":0},{"not_picked":["Pommel Strike","Thunderclap"],"picked":"Flex","floor":2},{"not_picked":["Armaments","Inflame"],"picked":"Twin Strike","floor":3},{"not_picked":["Sentinel","Iron Wave"],"picked":"Thunderclap","floor":7}],"player_experience":484250,"relics_obtained":[{"floor":9,"key":"Dead Branch"}],"event_choices":[{"event_name":"Scrap Ooze","player_choice":"success","floor":5,"damage_taken":3},{"event_name":"Golden Idol","player_choice":"Lose Max HP","floor":8,"damage_taken":0},{"event_name":"World of Goop","player_choice":"Gather Gold","floor":10,"damage_taken":0},{"event_name":"The Lab","player_choice":"Got Potions","floor":13,"damage_taken":0}],"boss_relics":[],"items_purged_floors":[4,12],"is_endless":false,"potions_floor_spawned":[1,2,3,14],"killed_by":"Slime Boss","ascension_level":0}