{"gold_per_floor":[144,144,144,189,112,112,157,247,247,337,337,382,472,540,540,840,840,885,48,48,93,43,43,88,88,88,178,178,268,313,403,403,703,703,748,16,61,61,106,196,196,286,311,401,401,491,536,56,56,56],"floor_reached":51,"playtime":1940,"items_purged":[],"score":1089,"play_id":"e460d017-f130-4269-91c7-0df91775c8aa","local_time":"20180727182446","daily_mods":["Shiny","Midas","Elite Swarm"],"is_ascension_mode":false,"campfire_choices":[{"floor":6,"key":"REST"},{"floor":11,"key":"REST"},{"floor":15,"key":"REST"},{"floor":23,"key":"REST"},{"floor":25,"key":"REST"},{"floor":28,"key":"REST"},{"floor":32,"key":"REST"},{"floor":41,"key":"REST"},{"floor":45,"key":"REST"},{"floor":49,"key":"REST"}],"neow_cost":"","seed_source_timestamp":322796950734363,"circlet_count":0,"master_deck":["Multi-Cast","Hyperbeam+1","Thunder Strike","Biased Cognition","Machine Learning","Electrodynamics","Buffer","Rainbow","Seek","Meteor Strike","Echo Form","All For One","Reboot","Amplify","Creative AI","Fission","Core Surge","Ball Lightning","Glacier","Sunder","Cold Snap","Rainbow","Seek","Leap","Seek","Biased Cognition","Stack","Coolheaded","Hologram","Static Discharge","Melter","Dark Shackles","Static Discharge+1","Rebound","Seek","Core Surge","Seek","Machine Learning","Turbo","Storm","Stack","Stack+1","Hologram+1","Redo+1","Electrodynamics","Amplify","Electrodynamics","Rainbow","Loop","Storm","Coolheaded","Blind","Go for the Eyes","Cold Snap"],"special_seed":17740,"relics":["Cracked Core","Lantern","Cables","Incense Burner","Gremlin Horn","Sundial","Runic Dome","Regal Pillow","Vajra","TheAbacus","StoneCalendar","Potion Belt","Anchor","Pantograph","Sozu","Juzu Bracelet","Ice Cream","Strange Spoon","Dead Branch","Peace Pipe","Orichalcum","Strawberry","Oddly Smooth Stone","Darkstone Periapt","HandDrill"],"potions_floor_usage":[46,50],"damage_taken":[{"damage":0,"enemies":"Jaw Worm","floor":1,"turns":4},{"damage":0,"enemies":"2 Louse","floor":4,"turns":1},{"damage":0,"enemies":"Small Slimes","floor":7,"turns":2},{"damage":8,"enemies":"Gremlin Nob","floor":8,"turns":3},{"damage":32,"enemies":"Lagavulin","floor":10,"turns":4},{"damage":0,"enemies":"Exordium Wildlife","floor":12,"turns":1},{"damage":14,"enemies":"Gremlin Nob","floor":13,"turns":3},{"damage":1,"enemies":"Hexaghost","floor":16,"turns":5},{"damage":2,"enemies":"Chosen","floor":18,"turns":4},{"damage":10,"enemies":"Shell Parasite","floor":21,"turns":2},{"damage":18,"enemies":"Snake Plant","floor":24,"turns":3},{"damage":12,"enemies":"Book of Stabbing","floor":27,"turns":3},{"damage":13,"enemies":"Slavers","floor":29,"turns":3},{"damage":0,"enemies":"Snecko","floor":30,"turns":3},{"damage":8,"enemies":"Gremlin Leader","floor":31,"turns":3},{"damage":16,"enemies":"Champ","floor":33,"turns":10},{"damage":0,"enemies":"Orb Walker","floor":35,"turns":2},{"damage":0,"enemies":"3 Shapes","floor":37,"turns":1},{"damage":0,"floor":38,"turns":3},{"damage":1,"enemies":"Spire Growth","floor":39,"turns":4},{"damage":0,"enemies":"Giant Head","floor":40,"turns":6},{"damage":0,"enemies":"2 Orb Walkers","floor":42,"turns":2},{"damage":0,"enemies":"Giant Head","floor":44,"turns":6},{"damage":3,"enemies":"2 Orb Walkers","floor":46,"turns":2},{"damage":0,"enemies":"3 Darklings","floor":47,"turns":2},{"damage":8,"enemies":"Donu and Deca","floor":50,"turns":7}],"seed_played":"2203350338382633815","potions_obtained":[{"floor":7,"key":"FearPotion"},{"floor":8,"key":"PowerPotion"},{"floor":12,"key":"Energy Potion"},{"floor":33,"key":"Block Potion"}],"is_trial":false,"path_per_floor":["M","?","?","M","$","R","M","E","T","E","R","M","E","?","R","B",null,"M","$","?","M","?","R","M","R","T","E","R","E","M","E","R","B",null,"M","$","M","?","M","E","R","E","T","E","R","E","M","$","R","B"],"character_chosen":"DEFECT","items_purchased":["Sunder","Regal Pillow","Vajra","TheAbacus","Coolheaded","Hologram","Static Discharge","Melter","Dark Shackles","Juzu Bracelet","Ice Cream","Strange Spoon","Storm","Stack","Storm","HandDrill","Coolheaded","Blind","Go for the Eyes","Cold Snap"],"campfire_rested":10,"item_purchase_floors":[5,19,19,19,19,19,19,19,19,36,36,36,36,36,48,48,48,48,48,48],"current_hp_per_floor":[75,63,63,63,63,75,75,67,67,35,57,57,43,43,65,64,75,73,73,73,63,63,75,57,75,75,63,75,62,62,54,75,59,75,75,75,75,75,74,74,75,75,82,82,82,79,79,79,82,74],"gold":56,"neow_bonus":"","is_prod":false,"is_daily":true,"chose_seed":false,"campfire_upgraded":0,"win_rate":0,"timestamp":1532741086,"path_taken":["M","?","?","?","$","R","M","E","T","E","R","M","E","?","R","BOSS","M","$","?","M","?","R","?","R","T","E","R","E","M","E","R","BOSS","M","$","M","?","M","E","R","E","T","E","R","E","M","$","R","BOSS"],"build_version":"2018-07-26","purchased_purges":0,"victory":true,"max_hp_per_floor":[75,75,75,75,75,75,75,75,75,75,75,75,75,75,75,75,75,75,75,75,75,75,75,75,75,75,75,75,75,75,75,75,75,75,75,75,75,75,75,75,75,75,82,82,82,82,82,82,82,82],"card_choices":[{"not_picked":["Barrage","Beam Cell"],"picked":"Ball Lightning","floor":1},{"not_picked":["Auto Shields","Ball Lightning"],"picked":"Glacier","floor":4},{"not_picked":["Gash","Fusion"],"picked":"Cold Snap","floor":7},{"not_picked":["Electrodynamics","Creative AI"],"picked":"Rainbow","floor":8},{"not_picked":["Multi-Cast","Meteor Strike"],"picked":"Seek","floor":10},{"not_picked":["Redo","Capacitor"],"picked":"Leap","floor":12},{"not_picked":["Electrodynamics","All For One"],"picked":"Seek","floor":13},{"not_picked":["Reboot","Amplify"],"picked":"Biased Cognition","floor":16},{"not_picked":["Turbo","Gash"],"picked":"Stack","floor":18},{"not_picked":["Sweeping Beam+1","Barrage"],"picked":"Static Discharge+1","floor":21},{"not_picked":["Reinforced Body","Gash"],"picked":"Rebound","floor":24},{"not_picked":["Machine Learning","Rainbow"],"picked":"Seek","floor":27},{"not_picked":["Seek","Machine Learning"],"picked":"Core Surge","floor":29},{"not_picked":["Fission","Creative AI"],"picked":"Seek","floor":31},{"not_picked":["Multi-Cast","Meteor Strike"],"picked":"Machine Learning","floor":33},{"not_picked":["Aggregate","Stack+1"],"picked":"Turbo","floor":35},{"not_picked":["Conserve Battery+1","Steam+1"],"picked":"Stack+1","floor":37},{"not_picked":["Turbo+1","Lockon+1"],"picked":"Hologram+1","floor":38},{"not_picked":["Coolheaded","Auto Shields"],"picked":"Redo+1","floor":39},{"not_picked":["Fission","Meteor Strike"],"picked":"Electrodynamics","floor":40},{"not_picked":["Meteor Strike","All For One"],"picked":"Amplify","floor":42},{"not_picked":["Meteor Strike","All For One"],"picked":"Electrodynamics","floor":44},{"not_picked":["Hyperbeam","Machine Learning"],"picked":"Rainbow","floor":46},{"not_picked":["Lockon+1","Sweeping Beam"],"picked":"Loop","floor":47}],"player_experience":698119,"relics_obtained":[{"floor":8,"key":"Cables"},{"floor":9,"key":"Incense Burner"},{"floor":10,"key":"Gremlin Horn"},{"floor":13,"key":"Sundial"},{"floor":26,"key":"StoneCalendar"},{"floor":27,"key":"Potion Belt"},{"floor":29,"key":"Anchor"},{"floor":31,"key":"Pantograph"},{"floor":38,"key":"Dead Branch"},{"floor":40,"key":"Peace Pipe"},{"floor":42,"key":"Orichalcum"},{"floor":43,"key":"Strawberry"},{"floor":44,"key":"Oddly Smooth Stone"},{"floor":46,"key":"Darkstone Periapt"}],"event_choices":[{"event_name":"Scrap Ooze","player_choice":"success","floor":2,"damage_taken":12},{"event_name":"Living Wall","player_choice":"Grow","floor":3,"damage_taken":0},{"event_name":"Golden Wing","player_choice":"Gained Gold","floor":14,"damage_taken":0},{"event_name":"Beggar","player_choice":"Ignored","floor":20,"damage_taken":0},{"event_name":"The Joust","player_choice":"Bet on Murderer","floor":22,"damage_taken":0},{"event_name":"MindBloom","player_choice":"Fight","floor":38,"damage_taken":0}],"is_beta":true,"boss_relics":[{"not_picked":["Empty Cage","Runic Pyramid"],"picked":"Runic Dome"},{"not_picked":["Orrery","Tiny House"],"picked":"Sozu"}],"items_purged_floors":[],"is_endless":false,"potions_floor_spawned":[7,8,12,13,18,21,33,35,37,38,44],"ascension_level":0}