{"gold_per_floor":[113,130,130,144,164,164,195,225,301,321,321,276,290,37,37,138,138,153,166,265,180,199,217,229,247,270,270,270,289,301,301,301,403,403,423,443,443,14,14,14],"floor_reached":40,"playtime":1843,"items_purged":[],"score":652,"play_id":"89cc4a77-a5ff-4f6b-9785-adb4d351e13e","local_time":"20180927171430","is_ascension_mode":true,"campfire_choices":[{"floor":6,"key":"REST"},{"floor":11,"key":"REST"},{"data":"Blade Dance","floor":15,"key":"SMITH"},{"floor":28,"key":"REST"},{"floor":32,"key":"REST"}],"neow_cost":"NONE","seed_source_timestamp":61958923790642,"circlet_count":0,"master_deck":["Defend_G","Defend_G","Defend_G","Defend_G","Defend_G","Strike_G","Strike_G","Strike_G","Survivor","Neutralize","AscendersBane","Footwork","Catalyst","Cloak And Dagger","Poisoned Stab","Cloak And Dagger","Blur","Blade Dance+1","Deadly Poison","Finisher","Adrenaline","PiercingWail","Caltrops+1","Neutralize","Deflect","Venomology","Apotheosis","Footwork"],"relics":["Ring of the Snake","Bronze Scales","Turnip","Odd Mushroom","Kunai","Shuriken","Busted Crown","Art of War","Ancient Tea Set","Runic Dome","Anchor"],"potions_floor_usage":[7,7,8,12,16,22,23,24,29,33,35,36,40,40,40],"damage_taken":[{"damage":0,"enemies":"Cultist","floor":1,"turns":4},{"damage":7,"enemies":"Small Slimes","floor":2,"turns":4},{"damage":4,"enemies":"2 Louse","floor":4,"turns":4},{"damage":4,"enemies":"Large Slime","floor":5,"turns":11},{"damage":20,"enemies":"Gremlin Nob","floor":7,"turns":4},{"damage":23,"enemies":"The Mushroom Lair","floor":8,"turns":6},{"damage":5,"enemies":"Blue Slaver","floor":10,"turns":4},{"damage":0,"enemies":"Looter","floor":12,"turns":5},{"damage":0,"enemies":"2 Fungi Beasts","floor":13,"turns":4},{"damage":7,"enemies":"The Guardian","floor":16,"turns":9},{"damage":0,"enemies":"Chosen","floor":18,"turns":6},{"damage":1,"enemies":"Shell Parasite","floor":19,"turns":4},{"damage":11,"enemies":"Snake Plant","floor":22,"turns":3},{"damage":2,"enemies":"Centurion and Healer","floor":23,"turns":5},{"damage":10,"enemies":"3 Cultists","floor":24,"turns":5},{"damage":27,"enemies":"Snake Plant","floor":25,"turns":4},{"damage":0,"enemies":"Centurion and Healer","floor":29,"turns":5},{"damage":9,"enemies":"Cultist and Chosen","floor":30,"turns":6},{"damage":36,"enemies":"Collector","floor":33,"turns":10},{"damage":10,"enemies":"Orb Walker","floor":35,"turns":4},{"damage":28,"enemies":"3 Darklings","floor":36,"turns":6},{"damage":17,"enemies":"Giant Head","floor":40,"turns":6}],"seed_played":"5249192289618711893","potions_obtained":[{"floor":1,"key":"AttackPotion"},{"floor":4,"key":"SneckoOil"},{"floor":5,"key":"EntropicBrew"},{"floor":8,"key":"GamblersBrew"},{"floor":13,"key":"Strength Potion"},{"floor":19,"key":"AttackPotion"},{"floor":22,"key":"Swift Potion"},{"floor":25,"key":"PowerPotion"},{"floor":30,"key":"LiquidBronze"},{"floor":33,"key":"FearPotion"},{"floor":36,"key":"Block Potion"}],"is_trial":false,"path_per_floor":["M","M","?","M","M","R","E","?","T","M","R","M","M","$","R","B",null,"M","M","?","?","M","M","M","M","T","?","R","M","M","?","R","B",null,"M","M","?","$","?"],"character_chosen":"THE_SILENT","items_purchased":["Shuriken","Anchor","Apotheosis","Footwork"],"campfire_rested":4,"item_purchase_floors":[14,38,38,38],"current_hp_per_floor":[63,56,49,45,41,62,42,34,34,29,50,50,50,50,50,43,63,63,62,62,62,51,49,39,12,12,12,33,33,24,24,45,9,55,45,17,17,17,17,0],"gold":14,"neow_bonus":"RANDOM_COMMON_RELIC","is_prod":false,"is_daily":false,"chose_seed":false,"campfire_upgraded":1,"win_rate":0,"timestamp":1538061270,"path_taken":["M","?","?","M","M","R","E","?","T","M","R","?","M","$","R","BOSS","M","?","?","?","M","M","M","M","T","?","R","?","?","?","R","BOSS","M","?","?","?","?","E"],"build_version":"2018-09-20","purchased_purges":0,"victory":false,"max_hp_per_floor":[70,70,70,70,70,70,70,70,70,70,70,70,70,70,70,70,70,70,70,70,70,70,70,70,70,70,70,70,70,70,70,70,70,70,70,70,66,66,66,66],"card_choices":[{"not_picked":["Eviscerate","Slice"],"picked":"Footwork","floor":1},{"not_picked":["Masterful Stab","Endless Agony"],"picked":"Catalyst","floor":2},{"not_picked":["All Out Attack","Dodge and Roll"],"picked":"Cloak And Dagger","floor":4},{"not_picked":["Acrobatics","Outmaneuver"],"picked":"Poisoned Stab","floor":5},{"not_picked":["Slice","Quick Slash"],"picked":"Cloak And Dagger","floor":7},{"not_picked":["Concentrate","Expertise"],"picked":"Blur","floor":8},{"not_picked":["Heel Hook","Bane"],"picked":"Blade Dance","floor":10},{"not_picked":["Setup","Calculated Gamble"],"picked":"Deadly Poison","floor":12},{"not_picked":["Leg Sweep","Deadly Poison"],"picked":"Finisher","floor":13},{"not_picked":["Bullet Time","Glass Knife"],"picked":"Adrenaline","floor":16},{"not_picked":["Dagger Throw"],"picked":"SKIP","floor":18},{"not_picked":["Expertise"],"picked":"SKIP","floor":19},{"not_picked":[],"picked":"PiercingWail","floor":22},{"not_picked":["Cloak And Dagger"],"picked":"SKIP","floor":23},{"not_picked":[],"picked":"Caltrops+1","floor":24},{"not_picked":["Bane"],"picked":"SKIP","floor":25},{"not_picked":["Expertise"],"picked":"SKIP","floor":29},{"not_picked":[],"picked":"Deflect","floor":30},{"not_picked":[],"picked":"Venomology","floor":33},{"not_picked":["Sucker Punch"],"picked":"SKIP","floor":35},{"not_picked":["Prepared"],"picked":"SKIP","floor":36}],"player_experience":711559,"relics_obtained":[{"floor":7,"key":"Turnip"},{"floor":8,"key":"Odd Mushroom"},{"floor":9,"key":"Kunai"},{"floor":26,"key":"Ancient Tea Set"}],"event_choices":[{"event_name":"Golden Wing","player_choice":"Card Removal","floor":3,"damage_taken":0},{"event_name":"Mushrooms","player_choice":"Fought Mushrooms","floor":8,"damage_taken":0},{"event_name":"Nest","player_choice":"Stole From Cult","floor":20,"damage_taken":0},{"event_name":"Addict","player_choice":"Obtained Relic","floor":21,"damage_taken":0},{"event_name":"Match and Keep!","player_choice":"1 cards matched","floor":27,"damage_taken":0},{"event_name":"The Mausoleum","player_choice":"No","floor":31,"damage_taken":0},{"event_name":"Winding Halls","player_choice":"Max HP","floor":37,"damage_taken":0},{"event_name":"Falling","player_choice":"Removed Attack","floor":39,"damage_taken":0}],"is_beta":false,"boss_relics":[{"not_picked":["Ring of the Serpent","Black Star"],"picked":"Busted Crown"},{"not_picked":["Orrery","Philosopher\u0027s Stone"],"picked":"Runic Dome"}],"items_purged_floors":[],"is_endless":false,"potions_floor_spawned":[1,4,5,8,10,13,19,22,25,30,33,36],"killed_by":"Giant Head","ascension_level":12}