{"gold_per_floor":[117,267,285,285,67,100,100,110,110,145,157,5,24,12,12,86,86,106,124,124,124,142,142,38,50,50,50,50,63,96,112,112,112],"floor_reached":33,"playtime":3031,"items_purged":["Strike_R"],"score":593,"play_id":"5b2e169f-1fb7-4a24-b988-36dbe944c6a2","local_time":"20190201003536","is_ascension_mode":true,"campfire_choices":[{"data":"Bash","floor":7,"key":"SMITH"},{"floor":15,"key":"REST"},{"floor":23,"key":"REST"},{"floor":27,"key":"REST"},{"floor":32,"key":"REST"}],"neow_cost":"NONE","seed_source_timestamp":23302608320800,"circlet_count":0,"master_deck":["AscendersBane","Strike_R+1","Strike_R+1","Strike_R+1","Strike_R+1","Defend_R+1","Defend_R+1","Defend_R+1","Defend_R+1","Bash+1","Inflame","Flame Barrier","Evolve","Clothesline","Pommel Strike","Uppercut","Feel No Pain","Juggernaut","Iron Wave","Flame Barrier+1","Reckless Charge","Feel No Pain","True Grit","Pummel","Dark Embrace","Iron Wave","Havoc"],"relics":["Burning Blood","Omamori","PreservedInsect","FossilizedHelix","Darkstone Periapt","Bag of Marbles","Fusion Hammer","Self Forming Clay","Anchor"],"potions_floor_usage":[6,6,10,16,16,30,33],"damage_taken":[{"damage":6,"enemies":"Small Slimes","floor":1,"turns":5},{"damage":9,"enemies":"Jaw Worm","floor":3,"turns":4},{"damage":6,"enemies":"Gremlin Nob","floor":6,"turns":3},{"damage":6,"enemies":"Cultist","floor":8,"turns":5},{"damage":0,"enemies":"3 Sentries","floor":10,"turns":8},{"damage":32,"enemies":"Large Slime","floor":11,"turns":8},{"damage":8,"enemies":"Exordium Wildlife","floor":13,"turns":8},{"damage":20,"enemies":"Exordium Thugs","floor":14,"turns":4},{"damage":13,"enemies":"The Guardian","floor":16,"turns":12},{"damage":11,"enemies":"Shell Parasite","floor":18,"turns":5},{"damage":25,"enemies":"Chosen","floor":19,"turns":4},{"damage":22,"enemies":"Shelled Parasite and Fungi","floor":22,"turns":6},{"damage":12,"enemies":"Snake Plant","floor":25,"turns":2},{"damage":0,"enemies":"Cultist and Chosen","floor":29,"turns":5},{"damage":36,"enemies":"Slavers","floor":30,"turns":6},{"damage":2,"enemies":"Snecko","floor":31,"turns":5},{"damage":101,"enemies":"Champ","floor":33,"turns":16}],"seed_played":"7817158117316593161","potions_obtained":[{"floor":3,"key":"AttackPotion"},{"floor":8,"key":"Fire Potion"},{"floor":11,"key":"Weak Potion"},{"floor":13,"key":"LiquidBronze"},{"floor":22,"key":"Weak Potion"},{"floor":25,"key":"BloodPotion"}],"is_trial":false,"path_per_floor":["M","?","M","?","$","E","R","M","T","E","M","$","M","M","R","B",null,"M","M","?","?","M","R","$","M","T","R","?","M","E","M","R","B"],"character_chosen":"IRONCLAD","items_purchased":["PreservedInsect","AttackPotion","Uppercut","Feel No Pain","True Grit"],"campfire_rested":4,"item_purchase_floors":[5,5,12,24,24],"current_hp_per_floor":[68,68,65,65,65,65,65,65,65,71,45,45,43,29,51,44,67,62,43,43,43,27,49,49,43,43,65,85,85,55,59,84,0],"gold":112,"neow_bonus":"RANDOM_COMMON_RELIC","is_prod":false,"is_daily":false,"chose_seed":false,"campfire_upgraded":1,"win_rate":0,"timestamp":1548999336,"path_taken":["M","?","M","?","$","E","R","M","T","E","?","$","M","M","R","BOSS","M","M","?","?","M","R","?","M","T","R","?","M","E","M","R","BOSS"],"build_version":"2019-01-23","purchased_purges":1,"victory":false,"max_hp_per_floor":[75,75,75,75,75,75,75,75,75,75,75,75,75,75,75,75,75,75,75,75,75,75,75,75,75,75,75,85,85,85,85,85,85],"card_choices":[{"not_picked":["Twin Strike","Metallicize"],"picked":"Inflame","floor":1},{"not_picked":["Perfected Strike","Body Slam"],"picked":"Flame Barrier","floor":3},{"not_picked":["Power Through","Rupture"],"picked":"Evolve","floor":6},{"not_picked":["True Grit","Combust"],"picked":"Clothesline","floor":8},{"not_picked":["Infernal Blade","Bloodletting","Warcry"],"picked":"SKIP","floor":10},{"not_picked":["Heavy Blade","Blood for Blood"],"picked":"Pommel Strike","floor":11},{"not_picked":["Clothesline","Reckless Charge"],"picked":"Feel No Pain","floor":13},{"not_picked":["Clash","Cleave"],"picked":"Juggernaut","floor":14},{"not_picked":["Dark Embrace","Immolate"],"picked":"Offering","floor":16},{"not_picked":["Shockwave","Wild Strike"],"picked":"Iron Wave","floor":18},{"not_picked":["Power Through","Heavy Blade"],"picked":"Flame Barrier+1","floor":19},{"not_picked":["Cleave","Heavy Blade","True Grit"],"picked":"SKIP","floor":22},{"not_picked":["Clothesline","Evolve"],"picked":"Pummel","floor":25},{"not_picked":["Body Slam","Searing Blow"],"picked":"Dark Embrace","floor":29},{"not_picked":["Clash","Whirlwind"],"picked":"Iron Wave","floor":30},{"not_picked":["Wild Strike","Shrug It Off"],"picked":"Havoc","floor":31}],"player_experience":1151054,"relics_obtained":[{"floor":6,"key":"FossilizedHelix"},{"floor":9,"key":"Darkstone Periapt"},{"floor":10,"key":"Bag of Marbles"},{"floor":26,"key":"Self Forming Clay"},{"floor":30,"key":"Anchor"}],"event_choices":[{"damage_healed":0,"gold_gain":150,"player_choice":"AGREE","damage_taken":0,"max_hp_gain":0,"max_hp_loss":0,"event_name":"Liars Game","floor":2,"gold_loss":0,"cards_obtained":["Doubt"]},{"damage_healed":0,"gold_gain":0,"player_choice":"0 cards matched","damage_taken":0,"max_hp_gain":0,"max_hp_loss":0,"event_name":"Match and Keep!","floor":4,"gold_loss":0,"cards_obtained":[]},{"damage_healed":0,"gold_gain":0,"player_choice":"Simplicity","damage_taken":0,"max_hp_gain":0,"max_hp_loss":0,"event_name":"Back to Basics","floor":20,"gold_loss":0,"cards_upgraded":["Strike_R","Strike_R","Strike_R","Strike_R","Defend_R","Defend_R","Defend_R","Defend_R"]},{"damage_healed":0,"gold_gain":0,"player_choice":"Read","damage_taken":0,"max_hp_gain":0,"max_hp_loss":0,"event_name":"The Library","floor":21,"gold_loss":0,"cards_obtained":["Reckless Charge"]},{"cards_removed":["Offering"],"damage_healed":10,"gold_gain":0,"player_choice":"Offered Rare","damage_taken":0,"max_hp_gain":10,"max_hp_loss":0,"event_name":"Bonfire Elementals","floor":28,"gold_loss":0}],"is_beta":false,"boss_relics":[{"not_picked":["Sozu","Black Blood"],"picked":"Fusion Hammer"}],"items_purged_floors":[12],"is_endless":false,"potions_floor_spawned":[3,8,11,13,22,25,29],"killed_by":"Champ","ascension_level":19}