{"gold_per_floor":[109,125,125,125,90,90,121,16,16,49,49,49],"floor_reached":12,"playtime":176,"items_purged":["Strike_B"],"score":164,"play_id":"54c4326e-070a-4ea1-8774-bfd548f5d554","local_time":"20190106025551","is_ascension_mode":true,"campfire_choices":[{"data":"Zap","floor":6,"key":"SMITH"},{"floor":11,"key":"REST"}],"neow_cost":"PERCENT_DAMAGE","seed_source_timestamp":283482449391600,"circlet_count":0,"master_deck":["AscendersBane","Strike_B","Strike_B+1","Defend_B","Defend_B","Defend_B+1","Zap+1","Dualcast","Lockon+1","Barrage+1","Multi-Cast","Ball Lightning","Beam Cell"],"relics":["Cracked Core","Whetstone","Cables","Centennial Puzzle","NlothsMask"],"potions_floor_usage":[],"damage_taken":[{"damage":0,"enemies":"Small Slimes","floor":1,"turns":3},{"damage":6,"enemies":"2 Louse","floor":2,"turns":3},{"damage":22,"enemies":"Lagavulin","floor":7,"turns":5},{"damage":6,"enemies":"Gremlin Nob","floor":10,"turns":3}],"seed_played":"-4631692405700066961","potions_obtained":[{"floor":7,"key":"Ancient Potion"},{"floor":10,"key":"LiquidBronze"}],"is_trial":false,"path_per_floor":["M","M","?","?","?","R","E","$","T","E","R","?"],"character_chosen":"DEFECT","items_purchased":["Ball Lightning"],"campfire_rested":1,"item_purchase_floors":[8],"current_hp_per_floor":[46,40,19,24,43,43,21,21,21,15,37,37],"gold":49,"neow_bonus":"REMOVE_TWO","is_prod":false,"is_daily":false,"chose_seed":false,"campfire_upgraded":1,"win_rate":0,"timestamp":1546710951,"path_taken":["M","M","?","?","?","R","E","$","T","E","R","?"],"build_version":"2019-01-03v4","purchased_purges":1,"victory":false,"max_hp_per_floor":[71,71,71,76,76,76,76,76,76,76,76,76],"card_choices":[{"not_picked":["Hologram","Stack"],"picked":"Lockon","floor":1},{"not_picked":["Coolheaded","Turbo"],"picked":"Barrage","floor":2},{"not_picked":["Turbo","Tempest"],"picked":"Multi-Cast","floor":7},{"not_picked":["Leap","Tempest"],"picked":"Beam Cell","floor":10}],"player_experience":1011760,"relics_obtained":[{"floor":7,"key":"Whetstone"},{"floor":9,"key":"Cables"},{"floor":10,"key":"Centennial Puzzle"}],"event_choices":[{"damage_healed":0,"gold_gain":0,"player_choice":"Entered Light","damage_taken":21,"max_hp_gain":0,"max_hp_loss":0,"event_name":"Shining Light","floor":3,"gold_loss":0,"cards_upgraded":["Defend_B","Strike_B"]},{"damage_healed":0,"gold_gain":0,"player_choice":"Donut","damage_taken":0,"max_hp_gain":5,"max_hp_loss":0,"event_name":"Big Fish","floor":4,"gold_loss":0},{"damage_healed":19,"gold_gain":0,"player_choice":"Healed","damage_taken":0,"max_hp_gain":0,"max_hp_loss":0,"event_name":"The Cleric","floor":5,"gold_loss":35},{"damage_healed":0,"gold_gain":0,"player_choice":"Trade","damage_taken":0,"relics_obtained":["NlothsMask"],"max_hp_gain":0,"max_hp_loss":0,"event_name":"FaceTrader","floor":12,"gold_loss":0}],"is_beta":false,"boss_relics":[],"items_purged_floors":[8],"is_endless":false,"potions_floor_spawned":[7,10],"ascension_level":19}