{"gold_per_floor":[118,129,139,18,29,29,63,63,89,89,105,117,133,163,163,259,259,275,190,190,66,85,85,104,104,104,157,191,191,208,243,243,850,850,867,867,878,979,996,1023,1023,269,269,269,286,60,60,70,70,166,166,183,193,205,205,205,205,461,113,113,124,135,135,151,166,166,270,440,556,19,34,0,0,0,35,35,59,72,90,90,411,430,430,529,529,540,589,315,315,331,331,35,64,76,88,117,141,153,182,194,206],"floor_reached":101,"playtime":6766,"items_purged":["Strike_R","Pain","Strike_R","Strike_R","Injury"],"score":3239,"play_id":"15fff5af-8bed-4cf5-b6c6-d71567570d9c","local_time":"20181015013351","is_ascension_mode":true,"campfire_choices":[{"data":"Clothesline","floor":6.0,"key":"SMITH"},{"data":"Disarm","floor":8.0,"key":"SMITH"},{"data":"Sword Boomerang","floor":10.0,"key":"SMITH"},{"floor":15.0,"key":"REST"},{"data":"Hemogenesis","floor":23.0,"key":"SMITH"},{"data":"Blood for Blood","floor":25.0,"key":"SMITH"},{"data":"Heavy Blade","floor":29.0,"key":"SMITH"},{"data":"Limit Break","floor":32.0,"key":"SMITH"},{"data":"Bloodletting","floor":41.0,"key":"SMITH"},{"data":"True Grit","floor":44.0,"key":"SMITH"},{"data":"Inflame","floor":47.0,"key":"SMITH"},{"data":"Shrug It Off","floor":49.0,"key":"SMITH"},{"data":"Brutality","floor":57.0,"key":"SMITH"},{"data":"Blood for Blood","floor":63.0,"key":"SMITH"},{"data":"Bash","floor":66.0,"key":"SMITH"},{"data":"infinitespire:Execution","floor":74.0,"key":"SMITH"},{"data":"Shockwave","floor":76.0,"key":"SMITH"},{"data":"Battle Trance","floor":83.0,"key":"SMITH"},{"data":"Double Tap","floor":91.0,"key":"SMITH"},{"data":"Shrug It Off","floor":100,"key":"SMITH"}],"neow_cost":"NONE","seed_source_timestamp":2322450924098,"circlet_count":0,"master_deck":["Defend_R","Defend_R","Defend_R","Bash+1","Clothesline+1","Sword Boomerang+1","Bloodletting+1","Disarm+1","Spot Weakness+1","Rupture","Hemogenesis+1","Heavy Blade+1","Blood for Blood+1","Seeing Red","Limit Break+1","Brutality+1","Shockwave+1","Battle Trance+1","True Grit+1","Rupture","Inflame+1","Pot Of Greed+1","Pot Of Greed","Pot Of Greed","Shrug It Off+1","Blood for Blood+1","Shrug It Off+1","infinitespire:Execution+1","hubris:Lust","Pot Of Greed+1","Body Slam+1","Pummel+1","Double Tap+1","Hemokinesis+1"],"special_seed":0,"relics":["Burning Blood","King of Hearts","infinitespire:Lucky Rock","infinitespire:Burning Sword","Potion Belt","Chameleon Ring","Replay_Grab Bag","Electric Blood","Runic Cube","Pear","Nilry\u0027s Codex","Dodecahedron","Regal Pillow","Self Forming Clay","Iron Hammer","Orrery","Grinning Jar","infinitespire:Joker Card","Gremlin Horn","Bag of Preparation","hubris:Backtick","Magic Flower","Another Sword","ClockworkSouvenir","Dream Catcher","Kintsugi","hubris:HerbalPaste","Baseball","OrangePellets","Mirror","Orichalcum","Molten Egg 2","Black Star","Pet Ghost","Counterbalance","HandDrill","War Paint","MawBank","Bottled Lightning"],"potions_floor_usage":[101,101,101,101],"damage_taken":[{"damage":6.0,"enemies":"Cultist","floor":1.0,"turns":3.0},{"damage":2.0,"enemies":"2 Louse","floor":2.0,"turns":3.0},{"damage":7.0,"enemies":"Jaw Worm","floor":3.0,"turns":4.0},{"damage":17.0,"enemies":"Large Slime","floor":5.0,"turns":7.0},{"damage":0.0,"enemies":"Gremlin Nob","floor":7.0,"turns":2.0},{"damage":9.0,"enemies":"Exordium Wildlife","floor":11.0,"turns":3.0},{"damage":3.0,"enemies":"3 Louse","floor":12.0,"turns":2.0},{"damage":11.0,"enemies":"Large Slime","floor":13.0,"turns":4.0},{"damage":23.0,"enemies":"3 Sentries","floor":14.0,"turns":6.0},{"damage":3.0,"enemies":"Slime Boss","floor":16.0,"turns":3.0},{"damage":10.0,"enemies":"Chosen","floor":18.0,"turns":2.0},{"damage":15.0,"enemies":"2 Thieves","floor":22.0,"turns":2.0},{"damage":12.0,"enemies":"Shelled Parasite and Fungi","floor":24.0,"turns":4.0},{"damage":19.0,"enemies":"Shelled Parasite and Fungi","floor":28.0,"turns":4.0},{"damage":12.0,"enemies":"Sentry and Sphere","floor":30.0,"turns":2.0},{"damage":26.0,"enemies":"Gremlin Leader","floor":31.0,"turns":3.0},{"damage":14.0,"enemies":"Pondfish","floor":33.0,"turns":3.0},{"damage":14.0,"enemies":"3 Darklings","floor":35.0,"turns":2.0},{"damage":21.0,"enemies":"3 Shapes","floor":37.0,"turns":4.0},{"damage":21.0,"enemies":"Maw","floor":39.0,"turns":3.0},{"damage":14.0,"enemies":"2 Orb Walkers","floor":40.0,"turns":2.0},{"damage":11.0,"enemies":"Spire Growth","floor":45.0,"turns":2.0},{"damage":15.0,"enemies":"Reptomancer","floor":48.0,"turns":2.0},{"damage":31.0,"enemies":"Time Eater","floor":50.0,"turns":4.0},{"damage":7.0,"enemies":"Cultist","floor":52.0,"turns":1.0},{"damage":3.0,"enemies":"Jaw Worm","floor":53.0,"turns":1.0},{"damage":9.0,"enemies":"2 Louse","floor":54.0,"turns":1.0},{"damage":12.0,"enemies":"Gremlin Nob","floor":58.0,"turns":2.0},{"damage":6.0,"enemies":"Large Slime","floor":61.0,"turns":1.0},{"damage":4.0,"enemies":"3 Louse","floor":62.0,"turns":1.0},{"damage":4.0,"enemies":"Red Slaver","floor":64.0,"turns":1.0},{"damage":2.0,"enemies":"2 Fungi Beasts","floor":65.0,"turns":1.0},{"damage":12.0,"enemies":"Hexaghost","floor":67.0,"turns":2.0},{"damage":11.0,"enemies":"3 Byrds","floor":69.0,"turns":3.0},{"damage":19.0,"enemies":"Spheric Guardian","floor":71.0,"turns":1.0},{"damage":12.0,"enemies":"Gremlin Leader","floor":75.0,"turns":2.0},{"damage":12.0,"enemies":"Centurion and Healer","floor":78.0,"turns":2.0},{"damage":25.0,"enemies":"Snecko","floor":79.0,"turns":2.0},{"damage":14.0,"enemies":"Book of Stabbing","floor":81.0,"turns":1.0},{"damage":12.0,"enemies":"Cultist and Chosen","floor":82.0,"turns":2.0},{"damage":18.0,"enemies":"hubris:MusketHawk","floor":84.0,"turns":2.0},{"damage":9.0,"enemies":"Orb Walker","floor":86.0,"turns":1.0},{"damage":12.0,"enemies":"Mysterious Sphere","floor":87.0,"turns":2.0},{"damage":13.0,"enemies":"3 Darklings","floor":90.0,"turns":2.0},{"damage":9.0,"enemies":"Sphere and 2 Shapes","floor":93.0,"turns":1.0},{"damage":16,"enemies":"Maw","floor":96,"turns":2},{"damage":11,"enemies":"3 Darklings","floor":97,"turns":2},{"damage":12,"enemies":"Spire Growth","floor":99,"turns":2},{"damage":150,"enemies":"LordOfAnnihilation","floor":101,"turns":10}],"seed_played":"2553082917206108917","potions_obtained":[{"floor":1.0,"key":"Energy Potion"},{"floor":3.0,"key":"Adrenaline Potion"},{"floor":11.0,"key":"Adrenaline Potion"},{"floor":14.0,"key":"AttackPotion"},{"floor":16.0,"key":"EntropicBrew"},{"floor":22.0,"key":"EssenceOfSteel"},{"floor":33.0,"key":"Fruit Juice"},{"floor":39.0,"key":"Toxic Potion"},{"floor":40.0,"key":"ReplayShieldPotion"},{"floor":45.0,"key":"FearPotion"},{"floor":64.0,"key":"AttackPotion"},{"floor":65.0,"key":"Dexterity Potion"},{"floor":69.0,"key":"Toxic Potion"},{"floor":71.0,"key":"Block Potion"},{"floor":99,"key":"Adrenaline Potion"}],"is_trial":false,"path_per_floor":["M","M","M","$","M","R","E","R","T","R","M","M","M","E","R","B",null,"M","?","?","$","M","R","M","R","T","T","NM","R","M","E","R","B",null,"M","?","M","?","M","E","R","$","T","R","M","$","R","M","R","B",null,"M","M","M","?","?","R","E","$","T","M","M","R","M","M","R","B",null,"M","$","M","?","$","R","E","R","T","M","M","?","E","M","R","B",null,"M","?","$","?","M","R","$","M","T","$","M","M","$","M","R"],"character_chosen":"IRONCLAD","items_purchased":["Bloodletting","AttackPotion","Heavy Blade","infinitespire:Joker Card","Gremlin Horn","Fruit Juice","Shrug It Off","SkillPotion","ClockworkSouvenir","Baseball","OrangePellets","Hemokinesis+1","HandDrill","War Paint","MawBank"],"campfire_rested":1,"item_purchase_floors":[4,4,21,42,42,42,46,46,59,70,70,88,88,92,92],"current_hp_per_floor":[72,76,75,75,64,64,70,70,70,70,67,70,65,48,72,75,79,75,85,69,69,69,69,83,83,83,83,78,78,72,66,66,58,82,97,97,87,87,81,88,88,88,88,88,90,90,90,96,96,71,96,104,104,104,104,109,109,109,109,109,109,109,109,109,109,109,106,108,109,109,99,99,99,99,101,101,101,109,109,109,109,109,109,105,108,108,109,109,109,109,109,109,109,109,109,107,109,109,109,109,0],"gold":206,"neow_bonus":"RANDOM_COMMON_RELIC","is_prod":false,"is_daily":false,"chose_seed":false,"campfire_upgraded":19,"win_rate":0,"timestamp":1539560031,"path_taken":["M","M","?","$","M","R","E","R","T","R","M","M","M","E","R","BOSS","M","?","?","$","M","R","M","R","T","?","NM","R","M","E","R","BOSS","M","?","M","?","M","E","R","?","T","R","M","$","R","?","R","BOSS","M","M","M","?","?","R","E","$","T","M","M","R","M","M","R","BOSS","M","$","M","?","?","R","E","R","T","M","?","?","E","?","R","BOSS","M","?","$","?","?","R","$","M","T","?","M","M","$","?","R","BOSS"],"build_version":"2018-10-04v2","purchased_purges":5,"victory":false,"max_hp_per_floor":[80,80,80,80,80,80,80,80,80,80,80,80,80,80,80,80,80,80,90,90,90,90,90,90,90,90,90,90,90,90,90,90,90,90,97,97,97,97,97,97,97,97,97,97,104,104,104,104,104,104,104,104,104,104,104,109,109,109,109,109,109,109,109,109,109,109,109,109,109,109,109,109,109,109,109,109,109,109,109,109,109,109,109,109,109,109,109,109,109,109,109,109,109,109,109,109,109,109,109,109,109],"card_choices":[{"not_picked":["Body Slam","hubris:ReadiedAction"],"picked":"Clothesline","floor":1.0},{"not_picked":["ReplayTheSpireMod:Limb From Limb","Ghostly Armor"],"picked":"Sword Boomerang","floor":2.0},{"not_picked":["Havoc","Warcry","Feel No Pain"],"picked":"SKIP","floor":3.0},{"not_picked":["Clash","Twin Strike"],"picked":"Disarm","floor":5.0},{"not_picked":["Clash","Massacre"],"picked":"Run Through","floor":7.0},{"not_picked":["Pommel Strike","Havoc"],"picked":"Spot Weakness","floor":11.0},{"not_picked":["Flex","Cleave"],"picked":"Rupture","floor":12.0},{"not_picked":["Wild Strike","Clash","Flex"],"picked":"SKIP","floor":13.0},{"not_picked":["Searing Blow","Power Through","Dark Embrace"],"picked":"SKIP","floor":14.0},{"not_picked":["Impervious","Double Tap"],"picked":"Hemogenesis","floor":16.0},{"not_picked":["Havoc","Thunderclap","Armaments+1"],"picked":"SKIP","floor":18.0},{"not_picked":["Clash+1","Disarm+1"],"picked":"Fire Breathing","floor":22.0},{"not_picked":["Bloodletting","Flex"],"picked":"Blood for Blood","floor":24.0},{"not_picked":["Intimidate","Spot Weakness"],"picked":"Seeing Red","floor":28.0},{"not_picked":["Feel No Pain","Thunderclap+1","Clothesline"],"picked":"SKIP","floor":30.0},{"not_picked":["Anger","Wild Strike"],"picked":"Limit Break","floor":31.0},{"not_picked":["Impervious","Fiend Fire"],"picked":"Brutality","floor":33.0},{"not_picked":["Heavy Blade","Pommel Strike"],"picked":"Shockwave","floor":34.0},{"not_picked":["Havoc+1","Anger"],"picked":"Battle Trance","floor":34.0},{"not_picked":["Run Through","Pummel","Clothesline"],"picked":"SKIP","floor":35.0},{"not_picked":["Feel No Pain+1","Armaments"],"picked":"True Grit","floor":37.0},{"not_picked":["Clash","Thunderclap"],"picked":"Rupture","floor":38.0},{"not_picked":["Run Through","Flex"],"picked":"Inflame","floor":39.0},{"not_picked":["Thunderclap+1","Havoc+1","Sword Boomerang"],"picked":"SKIP","floor":40.0},{"not_picked":["ReplayTheSpireMod:Strike From Hell+1","Heavy Blade+1","Demon Form"],"picked":"SKIP","floor":45.0},{"not_picked":["Havoc+1","Sword Boomerang","Shockwave"],"picked":"SKIP","floor":48.0},{"not_picked":["Immolate","Berserk"],"picked":"Exhume","floor":50.0},{"not_picked":["ReplayTheSpireMod:Strike From Hell","Inflame","Havoc"],"picked":"SKIP","floor":52.0},{"not_picked":["Metallicize","Fire Breathing","Havoc"],"picked":"SKIP","floor":53.0},{"not_picked":["Iron Wave","Power Through","Dual Wield"],"picked":"SKIP","floor":54.0},{"not_picked":["Feel No Pain","Clothesline","Combust"],"picked":"SKIP","floor":58.0},{"not_picked":["Power Through","Brutality"],"picked":"Blood for Blood","floor":61.0},{"not_picked":["hubris:CleavingFinish","Havoc","Armaments"],"picked":"SKIP","floor":62.0},{"not_picked":["ReplayTheSpireMod:Strike From Hell","Heavy Blade"],"picked":"Shrug It Off","floor":64.0},{"not_picked":["hubris:ReadiedAction","Body Slam","Combust"],"picked":"SKIP","floor":65.0},{"not_picked":["infinitespire:FinalStrike","infinitespire:Fortify"],"picked":"infinitespire:Execution","floor":67.0},{"not_picked":["hubris:ReadiedAction","Body Slam+1","Rage"],"picked":"SKIP","floor":69.0},{"not_picked":["hubris:ReadiedAction","Rage"],"picked":"Body Slam+1","floor":69.0},{"not_picked":["Evolve","Shrug It Off","Rage+1"],"picked":"SKIP","floor":71.0},{"not_picked":["Bludgeon","Dropkick+1","Havoc"],"picked":"SKIP","floor":75.0},{"not_picked":["Flex","Entrench","Clash"],"picked":"SKIP","floor":78.0},{"not_picked":["Limit Break","Reckless Charge","Cleave"],"picked":"SKIP","floor":79.0},{"not_picked":["Warcry","Life Link","Clothesline+1"],"picked":"SKIP","floor":81.0},{"not_picked":["Twin Strike+1","Combust"],"picked":"Pummel+1","floor":82.0},{"not_picked":["Exhume","Immolate+1"],"picked":"Double Tap","floor":84.0},{"not_picked":["ReplayTheSpireMod:Strike From Hell+1","True Grit","hubris:ReadiedAction"],"picked":"SKIP","floor":86.0},{"not_picked":["Rupture+1","Feel No Pain","Entrench"],"picked":"SKIP","floor":90.0},{"not_picked":["Clash+1","Iron Wave+1","Armaments"],"picked":"SKIP","floor":93.0},{"not_picked":["Dropkick+1","hubris:ReadiedAction+1","Headbutt+1"],"picked":"SKIP","floor":96},{"not_picked":["Cleave+1","Combust+1","Iron Wave+1"],"picked":"SKIP","floor":97},{"not_picked":["ReplayTheSpireMod:Strike From Hell+1","Immolate+1","Heavy Blade+1"],"picked":"SKIP","floor":99}],"player_experience":973294,"relics_obtained":[{"floor":7.0,"key":"infinitespire:Lucky Rock"},{"floor":9.0,"key":"infinitespire:Burning Sword"},{"floor":14.0,"key":"Chameleon Ring"},{"floor":20.0,"key":"Nilry\u0027s Codex"},{"floor":26.0,"key":"Dodecahedron"},{"floor":27.0,"key":"Regal Pillow"},{"floor":28.0,"key":"Self Forming Clay"},{"floor":31.0,"key":"Iron Hammer"},{"floor":40.0,"key":"Grinning Jar"},{"floor":43.0,"key":"Bag of Preparation"},{"floor":58.0,"key":"Another Sword"},{"floor":60.0,"key":"Dream Catcher"},{"floor":75.0,"key":"Mirror"},{"floor":77.0,"key":"Orichalcum"},{"floor":81.0,"key":"Molten Egg 2"},{"floor":87.0,"key":"Counterbalance"},{"floor":94.0,"key":"Bottled Lightning"}],"event_choices":[{"event_name":"Addict","player_choice":"Obtained Relic","floor":19.0,"damage_taken":0.0},{"event_name":"Cursed Tome","player_choice":"Obtained Book","floor":20.0,"damage_taken":0.0},{"event_name":"Tomb of Lord Red Mask","player_choice":"Ignored","floor":36.0,"damage_taken":0.0},{"event_name":"Accursed Blacksmith","player_choice":"Forge","floor":55.0,"damage_taken":0.0},{"event_name":"Big Fish","player_choice":"Donut","floor":56.0,"damage_taken":0.0},{"event_name":"Masked Bandits","player_choice":"Paid Fearfully","floor":72.0,"damage_taken":0.0},{"event_name":"Vampires","player_choice":"Ignored","floor":80.0,"damage_taken":0.0},{"event_name":"Mysterious Sphere","player_choice":"Fight","floor":87.0,"damage_taken":0.0},{"event_name":"Falling","player_choice":"Removed Power","floor":89.0,"damage_taken":0.0}],"is_beta":false,"boss_relics":[{"not_picked":["Eternal Feather","Runic Dome"],"picked":"Replay_Grab Bag"},{"not_picked":["Cursed Key","Mark of Pain"],"picked":"Electric Blood"},{"not_picked":["Snecko Eye","Runic Pyramid"],"picked":"Runic Cube"},{"not_picked":["Coffee Dripper","Abe\u0027s Treasure"],"picked":"Orrery"},{"not_picked":["Fusion Hammer","infinitespire:Golems Mask"],"picked":"hubris:Backtick"},{"not_picked":["hubris:CrackedHourglass","infinitespire:Cupcake"],"picked":"Kintsugi"},{"not_picked":["ReplayTheSpireMod:SealedPack","Snecko Eye"],"picked":"Black Star"}],"items_purged_floors":[21,42,46,59,70],"is_endless":true,"potions_floor_spawned":[1,3,11,14,16,22,24,28,33,39,40,45,50,52,64,65,69,71,81,84,93,97,99],"killed_by":"LordOfAnnihilation","ascension_level":9}