{"gold_per_floor":[367,7,7,7,36,36,151,151,151,179,202,202,202,167,167,271,271,297,297,18,43,66,66,104,45,45,45,45,71,71,99,99,209,209,334,359,398,398,402],"floor_reached":39,"playtime":1587,"items_purged":[],"score":933,"play_id":"81c09de8-fd78-43c4-a131-0d058e8fa306","local_time":"20181016155846","is_ascension_mode":true,"campfire_choices":[{"data":"Whirlwind","floor":6.0,"key":"SMITH"},{"data":"hubris:CleavingFinish","floor":8.0,"key":"SMITH"},{"data":"Blood for Blood","floor":12.0,"key":"SMITH"},{"data":"Bash","floor":15.0,"key":"SMITH"},{"floor":23.0,"key":"REST"},{"floor":27.0,"key":"REST"},{"floor":32,"key":"REST"}],"neow_cost":"CURSE","seed_source_timestamp":15468597737806,"circlet_count":0,"master_deck":["Strike_R","Strike_R+1","Strike_R","Strike_R","Defend_R","Defend_R+1","Defend_R","Defend_R","Bash+1","AscendersBane","hubris:Greed","hubris:CleavingFinish+1","Whirlwind+1","Blood for Blood+1","Pummel","Fiend Fire+1","Burning Pact","Reckless Charge","Twin Strike","True Grit","Voices","Fiend Fire+1","Disarm","Corruption","Ghostly Armor+1","Immolate","Sword Boomerang+1","True Grit+1","Writhe"],"special_seed":0,"relics":["Burning Blood","Dead Branch","Juzu Bracelet","Golden Idol","Lantern","Cursed Key","Garlic","Another Sword","infinitespire:Midas Blood","Girya","Painkiller Herb"],"potions_floor_usage":[31],"damage_taken":[{"damage":7.0,"enemies":"2 Louse","floor":1.0,"turns":4.0},{"damage":9.0,"enemies":"Jaw Worm","floor":5.0,"turns":3.0},{"damage":7.0,"enemies":"Small Slimes","floor":7.0,"turns":3.0},{"damage":0.0,"enemies":"Blue Slaver","floor":10.0,"turns":1.0},{"damage":0.0,"enemies":"Gremlin Gang","floor":11.0,"turns":1.0},{"damage":33.0,"enemies":"Slime Boss","floor":16.0,"turns":8.0},{"damage":11.0,"enemies":"2 Thieves","floor":18.0,"turns":3.0},{"damage":2.0,"enemies":"Chosen","floor":21.0,"turns":3.0},{"damage":22.0,"enemies":"Centurion and Healer","floor":22.0,"turns":4.0},{"damage":36.0,"enemies":"Book of Stabbing","floor":24.0,"turns":5.0},{"damage":17,"enemies":"Snake Plant","floor":29,"turns":3},{"damage":21,"enemies":"Cultist and Chosen","floor":31,"turns":4},{"damage":15,"enemies":"hubris:MusketHawk","floor":33,"turns":5},{"damage":24,"enemies":"3 Darklings","floor":35,"turns":3},{"damage":3,"enemies":"Orb Walker","floor":36,"turns":3},{"damage":30,"enemies":"Sphere and 2 Shapes","floor":37,"turns":5},{"damage":72,"enemies":"Transient","floor":39,"turns":6}],"seed_played":"7221360516748990227","potions_obtained":[{"floor":1.0,"key":"Elixir"},{"floor":5.0,"key":"Fire Potion"},{"floor":21.0,"key":"Ancient Potion"},{"floor":22.0,"key":"Ancient Potion"},{"floor":29,"key":"Fire Potion"},{"floor":36,"key":"Dexterity Potion"}],"is_trial":false,"path_per_floor":["M","$","?","?","M","R","M","R","T","M","M","R","?","?","R","B",null,"M","?","$","M","M","R","E","$","T","R","?","M","?","M","R","B",null,"?","?","?","?"],"character_chosen":"IRONCLAD","items_purchased":["Dead Branch","Garlic","True Grit"],"campfire_rested":3,"item_purchase_floors":[2,20,25],"current_hp_per_floor":[67,67,41,41,38,38,37,37,37,43,49,49,29,46,46,19,56,51,51,51,55,39,59,29,29,29,49,49,38,38,23,43,34,60,42,45,26,40,0],"gold":402,"neow_bonus":"TWO_FIFTY_GOLD","is_prod":false,"is_daily":false,"chose_seed":false,"campfire_upgraded":4,"win_rate":0,"timestamp":1539698326,"path_taken":["M","$","?","?","M","R","M","R","T","M","M","R","?","?","R","BOSS","M","?","$","M","M","R","E","$","T","R","?","M","?","M","R","BOSS","?","?","?","?","?"],"build_version":"2018-10-04v2","purchased_purges":0,"victory":false,"max_hp_per_floor":[75,75,75,68,68,68,68,68,68,68,68,68,68,68,68,68,68,68,68,68,68,68,68,68,68,68,68,68,68,68,68,68,68,68,68,68,68,68,68],"card_choices":[{"not_picked":["hubris:ReadiedAction","Clothesline"],"picked":"hubris:CleavingFinish","floor":1.0},{"not_picked":["Clash","Wild Strike"],"picked":"Whirlwind","floor":5.0},{"not_picked":["Cleave","Intimidate"],"picked":"Blood for Blood","floor":7.0},{"not_picked":["Iron Wave","Armaments"],"picked":"Pummel","floor":10.0},{"not_picked":["Rampage","Searing Blow","Thunderclap"],"picked":"SKIP","floor":11.0},{"not_picked":["Double Tap","Brutality"],"picked":"Fiend Fire","floor":16.0},{"not_picked":["Sword Boomerang","Flex"],"picked":"Burning Pact","floor":18.0},{"not_picked":["Second Wind+1","Corruption"],"picked":"Reckless Charge","floor":21.0},{"not_picked":["Bloodletting","Heavy Blade","Warcry"],"picked":"SKIP","floor":22.0},{"not_picked":["Exhume","Shockwave"],"picked":"Twin Strike","floor":24.0},{"not_picked":["Anger","Flex"],"picked":"Disarm","floor":29},{"not_picked":["Defy Death","Battle Trance"],"picked":"Ghostly Armor+1","floor":31},{"not_picked":["Reaper","Berserk"],"picked":"Immolate","floor":33},{"not_picked":["Infernal Blade+1","Seeing Red"],"picked":"Sword Boomerang+1","floor":35},{"not_picked":["Perfected Strike","ReplayTheSpireMod:Limb From Limb","Pommel Strike"],"picked":"SKIP","floor":36},{"not_picked":["Run Through","ReplayTheSpireMod:Strike From Hell"],"picked":"True Grit+1","floor":37}],"player_experience":992064,"relics_obtained":[{"floor":9.0,"key":"Lantern"},{"floor":24.0,"key":"Another Sword"},{"floor":26.0,"key":"infinitespire:Midas Blood"}],"event_choices":[{"event_name":"Scrap Ooze","player_choice":"success","floor":3.0,"damage_taken":26.0},{"event_name":"Golden Idol","player_choice":"Lose Max HP","floor":4.0,"damage_taken":0.0},{"event_name":"Shining Light","player_choice":"Entered Light","floor":13.0,"damage_taken":0.0},{"event_name":"The Cleric","player_choice":"Healed","floor":14.0,"damage_taken":0.0},{"event_name":"Upgrade Shrine","player_choice":"Upgraded","floor":19.0,"damage_taken":0.0},{"event_name":"Duplicator","player_choice":"One dupe","floor":28,"damage_taken":0},{"event_name":"Transmorgrifier","player_choice":"Transform","floor":30,"damage_taken":0},{"event_name":"Winding Halls","player_choice":"Writhe","floor":38,"damage_taken":0}],"is_beta":false,"boss_relics":[{"not_picked":["Calling Bell","Eternal Feather"],"picked":"Cursed Key"},{"not_picked":["Fusion Hammer","Astrolabe"],"picked":"Painkiller Herb"}],"items_purged_floors":[],"is_endless":false,"potions_floor_spawned":[1,5,21,22,29,36],"killed_by":"Transient","ascension_level":17}