{"path_per_floor":["M","?","M","?","?","R","M","R","T","M","$","E","$","M","R","B",null,"M","?","$","?","?","R","M","M","T","M","R","M","M","M","R"],"character_chosen":"IRONCLAD","items_purchased":["Ghostly Armor","Inflame"],"gold_per_floor":[110,110,123,123,123,123,137,137,137,157,5,36,36,60,60,190,228,252,252,73,73,73,73,94,117,166,190,190,213,226,240,240],"floor_reached":33,"campfire_rested":1,"playtime":1155,"current_hp_per_floor":[80,80,80,80,80,80,80,80,80,80,80,80,80,80,80,44,85,85,85,85,69,69,69,85,76,76,76,76,72,57,43,68],"items_purged":["Strike_R","Writhe"],"gold":240,"score":249,"play_id":"a79d4d15-0e01-4514-ba15-a999aa5495fd","local_time":"20180317200733","is_prod":false,"is_daily":false,"is_ascension_mode":false,"campfire_upgraded":5,"timestamp":1521313653,"path_taken":["M","?","M","?","?","R","M","R","T","M","$","E","$","M","R","BOSS","M","?","$","?","?","R","M","M","T","?","R","M","?","M","R","BOSS"],"build_version":"2018-03-15v2","purchased_purges":2,"victory":false,"master_deck":["Strike_R","Strike_R","Strike_R","Defend_R","Defend_R","Defend_R","Defend_R","Bash+1","Headbutt+1","Injury","Clash","Ghostly Armor+1","Spot Weakness+1","Rage+1","Limit Break+1","Twin Strike","Impervious","Inflame","Necronomicurse","Ghostly Armor+1"],"max_hp_per_floor":[80,80,80,80,80,80,80,80,80,80,80,80,80,80,80,80,85,85,85,85,85,85,85,85,85,85,85,85,85,85,85,85],"relics":["Burning Blood","NeowsBlessing","Golden Idol","Mercury Hourglass","Meat on the Bone","Tiny House","Vajra","Necronomicon","Art of War"],"card_choices":[{"not_picked":["Armaments","Thunderclap"],"picked":"Headbutt"},{"not_picked":["Cleave","Warcry"],"picked":"Clash"},{"not_picked":["Reckless Charge","Clash"],"picked":"Spot Weakness"},{"not_picked":["Searing Blow","Fire Breathing"],"picked":"Rage"},{"not_picked":["Fiend Fire","Dark Embrace"],"picked":"Limit Break"},{"not_picked":["Perfected Strike","Corruption"],"picked":"Twin Strike"},{"not_picked":["Pommel Strike","Headbutt"],"picked":"Impervious"},{"not_picked":["Armaments","Wild Strike"],"picked":"Ghostly Armor"}],"player_experience":107355,"potions_floor_usage":[18,24,27,29,29],"damage_taken":[{"damage":0,"enemies":"Small Slimes","floor":1,"turns":1},{"damage":0,"enemies":"Cultist","floor":3,"turns":1},{"damage":0,"enemies":"2 Louse","floor":7,"turns":1},{"damage":6,"enemies":"Red Slaver","floor":10,"turns":4},{"damage":3,"enemies":"3 Sentries","floor":12,"turns":6},{"damage":4,"enemies":"Exordium Wildlife","floor":14,"turns":4},{"damage":54,"enemies":"The Guardian","floor":16,"turns":13},{"damage":0,"enemies":"Chosen","floor":18,"turns":3},{"damage":5,"enemies":"3 Byrds","floor":24,"turns":6},{"damage":15,"enemies":"Snake Plant","floor":25,"turns":2},{"damage":12,"enemies":"Centurion and Healer","floor":27,"turns":5},{"damage":16,"enemies":"Snecko","floor":29,"turns":5},{"damage":33,"enemies":"Slaver and Parasite","floor":30,"turns":5},{"damage":32,"enemies":"Chosen and Byrds","floor":31,"turns":7},{"damage":83,"enemies":"Champ","floor":33,"turns":8}],"event_choices":[{"event_name":"Transmorgrifier","player_choice":"Transform","floor":2,"damage_taken":0},{"event_name":"Bonfire Elementals","player_choice":"COMMON","floor":4,"damage_taken":0},{"event_name":"Golden Idol","player_choice":"Take Wound","floor":5,"damage_taken":0},{"event_name":"The Mausoleum","player_choice":"Yes","floor":19,"damage_taken":0},{"event_name":"Cursed Tome","player_choice":"Obtained Book","floor":21,"damage_taken":0},{"event_name":"Drug Dealer","player_choice":"Ignored","floor":22,"damage_taken":0}],"boss_relics":[{"not_picked":["Black Blood","Runic Cube"],"picked":"Tiny House"}],"potions_floor_spawned":[10,16,18,25],"seed_played":"7788502284363306094","killed_by":"Champ","ascension_level":0,"is_trial":false}