{"gold_per_floor":[114,17,17,31,31,58,58,75,75,75,85,85,115,135,135,235,235,254,3,14,14,14],"floor_reached":22,"playtime":1142,"items_purged":[],"score":223,"play_id":"876f3db6-f242-4ad1-a7f8-fd2435d31861","local_time":"20190201075904","is_ascension_mode":true,"campfire_choices":[{"data":"Echo Form","floor":7,"key":"SMITH"},{"data":"Hello World","floor":10,"key":"SMITH"},{"floor":12,"key":"REST"},{"floor":15,"key":"REST"}],"neow_cost":"NONE","seed_source_timestamp":1255222112415888,"circlet_count":0,"master_deck":["Strike_B","Strike_B","Strike_B","Defend_B","Defend_B","Defend_B","Defend_B","Zap","Dualcast","Echo Form+1","Ball Lightning","Cold Snap","Steam","Defragment","Hello World+1","Cold Snap","Sweeping Beam","Hologram","Hologram","Defragment","Creative AI","Capacitor","Go for the Eyes","Coolheaded"],"relics":["Cracked Core","WingedGreaves","Unceasing Top","Prayer Wheel","Black Star","Mercury Hourglass"],"potions_floor_usage":[16,22],"damage_taken":[{"damage":12,"enemies":"Jaw Worm","floor":1,"turns":5},{"damage":6,"enemies":"Small Slimes","floor":4,"turns":3},{"damage":20,"enemies":"Lagavulin","floor":6,"turns":6},{"damage":0,"enemies":"Cultist","floor":8,"turns":4},{"damage":6,"enemies":"Looter","floor":11,"turns":4},{"damage":12,"enemies":"Gremlin Nob","floor":13,"turns":5},{"damage":11,"enemies":"Exordium Wildlife","floor":14,"turns":4},{"damage":28,"enemies":"Hexaghost","floor":16,"turns":7},{"damage":25,"enemies":"Shell Parasite","floor":18,"turns":9},{"damage":38,"enemies":"3 Byrds","floor":20,"turns":5},{"damage":14,"enemies":"Centurion and Healer","floor":22,"turns":2}],"seed_played":"-6236823501982132833","potions_obtained":[{"floor":4,"key":"SpeedPotion"},{"floor":6,"key":"FocusPotion"},{"floor":11,"key":"SteroidPotion"},{"floor":13,"key":"Swift Potion"}],"is_trial":false,"path_per_floor":["M","$","?","M","?","E","R","M","T","R","M","R","E","M","R","B",null,"M","$","M","$","M"],"character_chosen":"DEFECT","items_purchased":["Cold Snap","Steam","Mercury Hourglass"],"campfire_rested":2,"item_purchase_floors":[2,2,19],"current_hp_per_floor":[63,63,63,57,57,37,37,37,37,37,31,53,41,30,52,24,75,50,50,12,12,0],"gold":14,"neow_bonus":"ONE_RANDOM_RARE_CARD","is_prod":false,"is_daily":false,"chose_seed":false,"campfire_upgraded":2,"win_rate":0,"timestamp":1549004344,"path_taken":["M","$","?","M","?","E","R","M","T","R","?","R","E","M","R","BOSS","M","$","M","$","M"],"build_version":"2019-01-23","purchased_purges":0,"victory":false,"max_hp_per_floor":[75,75,75,75,75,75,75,75,75,75,75,75,75,75,75,75,75,75,75,75,75,75],"card_choices":[{"not_picked":["Barrage","Turbo"],"picked":"Ball Lightning","floor":1},{"not_picked":["Barrage","Streamline"],"picked":"Defragment","floor":4},{"not_picked":["Barrage","Tempest"],"picked":"Hello World","floor":6},{"not_picked":["Heatsinks","Recycle"],"picked":"Cold Snap","floor":8},{"not_picked":["Buffer","Stack"],"picked":"Sweeping Beam","floor":11},{"not_picked":["Go for the Eyes","Rip and Tear"],"picked":"Hologram","floor":13},{"not_picked":["Recycle","Turbo"],"picked":"Hologram","floor":14},{"not_picked":["Genetic Algorithm","Fusion"],"picked":"Defragment","floor":14},{"not_picked":["Rainbow","Thunder Strike"],"picked":"Creative AI","floor":16},{"not_picked":["Redo","Gash"],"picked":"Capacitor","floor":18},{"not_picked":["Fusion+1","Leap"],"picked":"Go for the Eyes","floor":18},{"not_picked":["Stack","Beam Cell"],"picked":"Coolheaded","floor":20},{"not_picked":["Streamline","Beam Cell","Gash"],"picked":"SKIP","floor":20}],"player_experience":473293,"relics_obtained":[{"floor":6,"key":"WingedGreaves"},{"floor":9,"key":"Unceasing Top"},{"floor":13,"key":"Prayer Wheel"}],"event_choices":[{"damage_healed":0,"gold_gain":0,"player_choice":"Ignored","damage_taken":0,"max_hp_gain":0,"max_hp_loss":0,"event_name":"Liars Game","floor":3,"gold_loss":0},{"cards_removed":["Strike_B"],"damage_healed":0,"gold_gain":0,"player_choice":"Offered Basic","damage_taken":0,"max_hp_gain":0,"max_hp_loss":0,"event_name":"Bonfire Elementals","floor":5,"gold_loss":0}],"is_beta":false,"boss_relics":[{"not_picked":["Snecko Eye","Eternal Feather"],"picked":"Black Star"}],"items_purged_floors":[],"is_endless":false,"potions_floor_spawned":[4,6,11,13],"killed_by":"Centurion and Healer","ascension_level":3}