{"gold_per_floor":[117,292,292,317,267,267,282,282,282,295,329,344,5,20,20,145,145,163,12,12,37,37,37,37,37,37,37,57,78,28,28,28,28],"floor_reached":33,"playtime":1655,"items_purged":["Bane"],"score":235,"play_id":"e406c6c9-6146-460d-9c27-10f3eae7133b","local_time":"20181014175812","is_ascension_mode":false,"campfire_choices":[{"data":"Distraction","floor":6,"key":"SMITH"},{"data":"Infinite Blades","floor":8,"key":"SMITH"},{"floor":15,"key":"REST"},{"data":"Choke","floor":23,"key":"SMITH"},{"data":"Blade Dance","floor":25,"key":"SMITH"},{"floor":32,"key":"REST"}],"neow_cost":"NONE","seed_source_timestamp":259580762610735,"circlet_count":0,"master_deck":["Defend_G","Defend_G","Defend_G","Strike_G","Strike_G","Strike_G","Survivor","Neutralize","Infinite Blades+1","Distraction+1","Choke","Choke+1","Escape Plan","Backflip","Blade Dance","Phantasmal Killer","Predator+1","Calculated Gamble+1","After Image+1","Slice+1","Blade Dance+1","Writhe","Finisher+1","Adrenaline+1"],"relics":["Ring of the Snake","Golden Idol","Letter Opener","Odd Mushroom","Ice Cream","Astrolabe","Juzu Bracelet","MutagenicStrength","Toxic Egg 2","Smiling Mask"],"potions_floor_usage":[11,11,16,21,28,28,29,33],"damage_taken":[{"damage":0,"enemies":"Jaw Worm","floor":1,"turns":3},{"damage":6,"enemies":"2 Louse","floor":4,"turns":3},{"damage":0,"enemies":"Cultist","floor":7,"turns":3},{"damage":8,"enemies":"3 Louse","floor":10,"turns":2},{"damage":9,"enemies":"The Mushroom Lair","floor":11,"turns":3},{"damage":11,"enemies":"Exordium Thugs","floor":12,"turns":3},{"damage":0,"enemies":"Exordium Wildlife","floor":14,"turns":3},{"damage":45,"enemies":"The Guardian","floor":16,"turns":7},{"damage":15,"enemies":"3 Byrds","floor":18,"turns":5},{"damage":7,"enemies":"Spheric Guardian","floor":21,"turns":4},{"damage":10,"enemies":"Snake Plant","floor":28,"turns":2},{"damage":26,"enemies":"Centurion and Healer","floor":29,"turns":6},{"damage":24,"enemies":"Collector","floor":33,"turns":6}],"seed_played":"304040670632601048","potions_obtained":[{"floor":1,"key":"Fire Potion"},{"floor":7,"key":"Poison Potion"},{"floor":14,"key":"Poison Potion"},{"floor":18,"key":"FearPotion"},{"floor":21,"key":"Weak Potion"},{"floor":24,"key":"Poison Potion"},{"floor":24,"key":"FearPotion"},{"floor":29,"key":"Swift Potion"}],"is_trial":false,"path_per_floor":["M","?","?","M","?","R","M","R","T","M","?","M","$","M","R","B",null,"M","$","?","M","$","R","?","R","T","?","M","M","$","?","R"],"character_chosen":"THE_SILENT","items_purchased":["Ice Cream","Blade Dance","Juzu Bracelet"],"campfire_rested":2,"item_purchase_floors":[13,13,19],"current_hp_per_floor":[70,70,65,59,59,59,59,59,59,51,42,31,31,31,50,5,65,50,50,50,43,43,43,43,43,43,43,33,7,7,7,26,2],"gold":28,"neow_bonus":"TRANSFORM_CARD","is_prod":false,"is_daily":false,"chose_seed":false,"campfire_upgraded":4,"win_rate":0.0,"timestamp":1539493092,"path_taken":["M","?","?","M","?","R","M","R","T","?","?","M","$","M","R","BOSS","M","?","?","M","?","R","?","R","T","?","M","M","?","?","R","BOSS"],"build_version":"2018-10-11","purchased_purges":1,"victory":false,"max_hp_per_floor":[70,70,65,65,65,65,65,65,65,65,65,65,65,65,65,65,65,65,65,65,65,65,65,65,65,65,65,65,65,65,65,65,65],"card_choices":[{"not_picked":["Flying Knee","Blade Dance"],"picked":"Distraction","floor":1},{"not_picked":["Dagger Spray","Prepared"],"picked":"Choke","floor":4},{"not_picked":["Slice","Dagger Spray"],"picked":"Choke","floor":7},{"not_picked":["Dagger Spray","Blade Dance"],"picked":"Escape Plan","floor":10},{"not_picked":["Doppelganger","Dash"],"picked":"Bane","floor":11},{"not_picked":["Leg Sweep","Flechettes"],"picked":"Backflip","floor":12},{"not_picked":["Tactician","Underhanded Strike","PiercingWail"],"picked":"SKIP","floor":14},{"not_picked":["Tools of the Trade","Die Die Die"],"picked":"Phantasmal Killer","floor":16},{"not_picked":["Dagger Spray+1","Reflex"],"picked":"Slice+1","floor":18},{"not_picked":["Slice","Backflip"],"picked":"Blade Dance","floor":21},{"not_picked":["Predator+1","Slice"],"picked":"Finisher+1","floor":28},{"not_picked":["Bane","Flying Knee"],"picked":"Adrenaline+1","floor":29}],"player_experience":37322,"relics_obtained":[{"floor":9,"key":"Letter Opener"},{"floor":11,"key":"Odd Mushroom"},{"floor":26,"key":"Toxic Egg 2"}],"event_choices":[{"event_name":"Liars Game","player_choice":"agreed","floor":2,"damage_taken":0},{"event_name":"Golden Idol","player_choice":"Lose Max HP","floor":3,"damage_taken":0},{"event_name":"The Cleric","player_choice":"Card Removal","floor":5,"damage_taken":0},{"event_name":"Mushrooms","player_choice":"Fought Mushrooms","floor":11,"damage_taken":0},{"event_name":"Drug Dealer","player_choice":"Inject Mutagens","floor":20,"damage_taken":0},{"event_name":"The Lab","player_choice":"Got Potions","floor":24,"damage_taken":0},{"event_name":"The Mausoleum","player_choice":"Yes","floor":27,"damage_taken":0},{"event_name":"Beggar","player_choice":"Ignored","floor":31,"damage_taken":0}],"is_beta":false,"boss_relics":[{"not_picked":["Eternal Feather","Sozu"],"picked":"Astrolabe"}],"items_purged_floors":[30],"is_endless":false,"potions_floor_spawned":[1,7,14,18,21,29],"killed_by":"Collector","ascension_level":0}