{"gold_per_floor":[116,18,18,37,55,55,81,91,91,91,91],"floor_reached":11,"playtime":324,"items_purged":["Dual Wield"],"score":135,"play_id":"399913a8-2303-4688-baf0-11282993c9d8","local_time":"20181009230000","daily_mods":["Specialized","Blue Cards","Night Terrors"],"is_ascension_mode":true,"campfire_choices":[{"data":"Perfected Strike","floor":6,"key":"SMITH"},{"data":"True Grit","floor":10,"key":"SMITH"}],"neow_cost":"","seed_source_timestamp":11470855835794,"circlet_count":0,"master_deck":["Strike_R","Strike_R","Strike_R","Strike_R","Strike_R","Defend_R","Defend_R","Defend_R","Defend_R","Bash","AscendersBane","Dual Wield","Dual Wield","Dual Wield","Dual Wield","Perfected Strike+1","Twin Strike","True Grit+1","Impervious","Streamline"],"relics":["Burning Blood","Lantern","Smiling Mask"],"potions_floor_usage":[8],"damage_taken":[{"damage":11,"enemies":"Cultist","floor":1,"turns":5},{"damage":0,"enemies":"2 Louse","floor":4,"turns":3},{"damage":0,"enemies":"Jaw Worm","floor":5,"turns":4},{"damage":50,"enemies":"Gremlin Nob","floor":7,"turns":5},{"damage":4,"enemies":"Blue Slaver","floor":8,"turns":4},{"damage":41,"enemies":"Gremlin Gang","floor":11,"turns":5}],"seed_played":"-5890108530143977146","potions_obtained":[{"floor":7,"key":"Block Potion"},{"floor":8,"key":"Strength Potion"}],"is_trial":true,"path_per_floor":["M","$","$","M","M","R","E","M","T","R"],"character_chosen":"IRONCLAD","items_purchased":["Twin Strike"],"campfire_rested":0,"item_purchase_floors":[2],"current_hp_per_floor":[67,67,67,73,79,79,35,37,37,37,0],"gold":91,"neow_bonus":"","is_prod":false,"is_daily":false,"chose_seed":false,"campfire_upgraded":2,"win_rate":0,"timestamp":1539118800,"path_taken":["M","?","$","M","?","R","E","M","T","R","M"],"build_version":"2018-10-04v2","purchased_purges":1,"victory":false,"max_hp_per_floor":[80,80,80,80,80,80,80,80,80,80,80],"card_choices":[{"not_picked":["Sword Boomerang","Clash"],"picked":"Perfected Strike","floor":1},{"not_picked":["Warcry","Thunderclap"],"picked":"True Grit","floor":4},{"not_picked":["Barrage","Thunderclap","Cold Snap"],"picked":"SKIP","floor":5},{"not_picked":["BootSequence","Barrage"],"picked":"Impervious","floor":7},{"not_picked":["Doom and Gloom","Heavy Blade"],"picked":"Streamline","floor":8}],"player_experience":937928,"relics_obtained":[{"floor":7,"key":"Lantern"},{"floor":9,"key":"Smiling Mask"}],"event_choices":[],"is_beta":false,"boss_relics":[],"items_purged_floors":[2],"is_endless":false,"potions_floor_spawned":[7,8],"killed_by":"Gremlin Gang","ascension_level":10}