{"path_per_floor":["M","?","?","M","?","R","E","R","T","M","M","M","M","M","R","B",null,"M","$","?","M","M","R","E","?","T","M","R","E","M","M","R"],"character_chosen":"IRONCLAD","items_purchased":[],"gold_per_floor":[114,114,114,128,128,128,155,155,155,165,175,194,213,232,232,328,328,342,342,342,355,373,373,406,406,453,464,464,495,506,525,525],"floor_reached":33,"campfire_rested":2,"playtime":4600,"current_hp_per_floor":[80,80,80,80,73,73,82,82,82,86,87,87,87,87,87,76,87,68,68,87,87,78,78,32,32,32,38,64,41,47,44,70],"items_purged":[],"gold":525,"play_id":"7e7d1df2-2c91-4064-a646-1752de31c4b0","is_prod":false,"is_daily":false,"is_ascension_mode":false,"campfire_upgraded":4,"path_taken":["M","?","?","M","?","R","E","R","T","M","M","M","M","M","R","BOSS","M","$","?","?","M","R","E","?","T","M","R","E","M","M","R","BOSS"],"build_version":"2018-02-01-PROD3","purchased_purges":0,"victory":false,"master_deck":["Strike_R","Strike_R","Strike_R","Defend_R","Defend_R","Defend_R","Defend_R","Bash+1","Infernal Blade+1","Cleave+1","Clothesline","Disarm","Metallicize","Combust","Bludgeon+1","Impervious","Twin Strike+1","Armaments+1","Fiend Fire","Pommel Strike","Armaments","Shrug It Off","Seeing Red","Seeing Red"],"max_hp_per_floor":[80,80,80,80,80,80,87,87,87,87,87,87,87,87,87,87,87,87,87,87,87,87,87,87,87,87,87,87,87,87,87,87],"relics":["Black Blood","Strawberry","Thread and Needle","Dream Catcher","Happy Flower","Oddly Smooth Stone"],"card_choices":[{"not_picked":["Twin Strike","Thunderclap"],"picked":"Infernal Blade"},{"not_picked":["Sword Boomerang","Headbutt"],"picked":"Cleave"},{"not_picked":["Headbutt","Thunderclap"],"picked":"Inflame"},{"not_picked":["Blood for Blood","Uppercut"],"picked":"Clothesline"},{"not_picked":["Fire Breathing","Perfected Strike"],"picked":"Disarm"},{"not_picked":["Flex","Headbutt"],"picked":"Metallicize"},{"not_picked":["Rage","Sword Boomerang"],"picked":"Combust"},{"not_picked":["Disarm","Searing Blow"],"picked":"Bludgeon"},{"not_picked":["Barricade","Double Tap"],"picked":"Impervious"},{"not_picked":["Clothesline","Clash"],"picked":"Twin Strike"},{"not_picked":["Fire Breathing","Thunderclap"],"picked":"Armaments"},{"not_picked":["Dual Wield","Flex"],"picked":"Fiend Fire"},{"not_picked":["Sever Soul","Dual Wield"],"picked":"Pommel Strike"},{"not_picked":["Shrug It Off","True Grit"],"picked":"Armaments"},{"not_picked":["Flex","Twin Strike"],"picked":"Shrug It Off"},{"not_picked":["Intimidate","Blood for Blood"],"picked":"Seeing Red"},{"not_picked":["Pummel","Juggernaut"],"picked":"Seeing Red"}],"player_experience":0,"potions_floor_usage":[24,24,33,33,33],"damage_taken":[{"damage":2,"enemies":"Small Slimes","floor":1,"turns":4},{"damage":0,"enemies":"2 Louse","floor":4,"turns":2},{"damage":4,"enemies":"3 Sentries","floor":7,"turns":6},{"damage":2,"enemies":"Blue Slaver","floor":10,"turns":4},{"damage":0,"enemies":"2 Fungi Beasts","floor":11,"turns":2},{"damage":6,"enemies":"3 Louse","floor":12,"turns":2},{"damage":6,"enemies":"Lots of Slimes","floor":13,"turns":3},{"damage":2,"enemies":"Looter","floor":14,"turns":3},{"damage":17,"enemies":"The Guardian","floor":16,"turns":10},{"damage":29,"enemies":"3 Byrds","floor":18,"turns":6},{"damage":5,"enemies":"Spheric Guardian","floor":21,"turns":3},{"damage":19,"enemies":"Snake Plant","floor":22,"turns":4},{"damage":56,"enemies":"Slavers","floor":24,"turns":7},{"damage":4,"enemies":"Centurion and Healer","floor":27,"turns":7},{"damage":33,"enemies":"Book of Stabbing","floor":29,"turns":9},{"damage":4,"enemies":"Snecko","floor":30,"turns":5},{"damage":13,"enemies":"Sentry and Sphere","floor":31,"turns":7},{"damage":88,"enemies":"Champ","floor":33,"turns":20}],"event_choices":[{"event_name":"Living Wall","player_choice":"Grow","floor":2,"damage_taken":0},{"event_name":"Purifier","player_choice":"One Purge","floor":3,"damage_taken":0},{"event_name":"Golden Wing","player_choice":"Card Removal","floor":5,"damage_taken":0},{"event_name":"Bonfire Elementals","player_choice":"UNCOMMON","floor":20,"damage_taken":0},{"event_name":"Cursed Tome","player_choice":"Ignored","floor":25,"damage_taken":0}],"boss_relics":[{"not_picked":["Runic Cube","Lizard Tail"],"picked":"Black Blood"}],"potions_floor_spawned":[1,7,11,13,14,22,27,31],"seed_played":"-6622379739380296164","killed_by":"Champ","ascension_level":0,"is_trial":false}