{"gold_per_floor":[112,112,132,148,168,199,209,209,209,236,246,266,266,291,291,396,396,407,417,94,193,206,231,146,146,146,146,173,173,190,221,221,320,320,333,35,49,98,115,115,143,143,143,177,177,177,197,217,217,217],"floor_reached":51,"playtime":3814,"items_purged":[],"score":1231,"play_id":"de6d150e-72b1-4f22-96d9-dde2b1f96fab","local_time":"20180628003459","is_ascension_mode":true,"campfire_choices":[{"data":"Zap","floor":8.0,"key":"SMITH"},{"data":"Defragment","floor":15.0,"key":"SMITH"},{"data":"Sunder","floor":27.0,"key":"SMITH"},{"data":"Seek","floor":32.0,"key":"SMITH"},{"data":"Cold Snap","floor":40,"key":"SMITH"},{"data":"Echo Form","floor":42,"key":"SMITH"},{"data":"Reboot","floor":46,"key":"SMITH"},{"data":"Conserve Battery","floor":49,"key":"SMITH"}],"neow_cost":"","seed_source_timestamp":20252245702845,"circlet_count":0,"master_deck":["Strike_B","Strike_B","Strike_B","Strike_B","Defend_B","Defend_B","Defend_B","Defend_B","Zap+1","Dualcast","AscendersBane","Defragment+1","Conserve Battery","Defragment+1","Conserve Battery+1","Chill","Cold Snap+1","Leap","Seek+1","Ball Lightning","Reboot+1","Echo Form+1","Hologram+1","Hologram","Sunder+1","Turbo+1","Redo+1","Stack+1","Echo Form","Rebound","Creative AI","Coolheaded+1","Reboot+1","Ball Lightning+1","Madness+1","Madness+1"],"special_seed":0,"relics":["Cracked Core","Strawberry","Juzu Bracelet","Bottled Flame","Pear","Incense Burner","Cursed Key","Toxic Egg 2","Omamori","Dream Catcher","Ancient Tea Set","Cables","Bag of Preparation","Kunai","Snecko Eye","Sundial","Bird Faced Urn","Meat on the Bone","The Courier","Frozen Egg 2"],"potions_floor_usage":[38,41],"damage_taken":[{"damage":14.0,"enemies":"Small Slimes","floor":1.0,"turns":4.0},{"damage":0.0,"enemies":"Cultist","floor":3.0,"turns":3.0},{"damage":0.0,"enemies":"2 Louse","floor":4.0,"turns":2.0},{"damage":7.0,"enemies":"Exordium Wildlife","floor":5.0,"turns":3.0},{"damage":13.0,"enemies":"Lagavulin","floor":6.0,"turns":7.0},{"damage":5.0,"enemies":"Gremlin Gang","floor":7.0,"turns":2.0},{"damage":17.0,"enemies":"Gremlin Nob","floor":10.0,"turns":4.0},{"damage":0.0,"enemies":"Blue Slaver","floor":11.0,"turns":4.0},{"damage":1.0,"enemies":"Large Slime","floor":12.0,"turns":5.0},{"damage":5.0,"enemies":"3 Sentries","floor":14.0,"turns":7.0},{"damage":0.0,"enemies":"Hexaghost","floor":16.0,"turns":9.0},{"damage":4.0,"enemies":"Shell Parasite","floor":18.0,"turns":5.0},{"damage":0.0,"enemies":"Spheric Guardian","floor":19.0,"turns":3.0},{"damage":0.0,"enemies":"3 Cultists","floor":22.0,"turns":5.0},{"damage":21.0,"enemies":"Slavers","floor":23.0,"turns":5.0},{"damage":16.0,"enemies":"Gremlin Leader","floor":28.0,"turns":7.0},{"damage":0.0,"enemies":"Centurion and Healer","floor":30.0,"turns":5.0},{"damage":10.0,"enemies":"Slavers","floor":31.0,"turns":6.0},{"damage":58.0,"enemies":"Champ","floor":33.0,"turns":8.0},{"damage":10,"enemies":"3 Darklings","floor":35,"turns":4},{"damage":7,"enemies":"Orb Walker","floor":37,"turns":4},{"damage":0,"floor":38,"turns":5},{"damage":13,"enemies":"3 Darklings","floor":39,"turns":8},{"damage":25,"enemies":"Giant Head","floor":41,"turns":9},{"damage":2,"enemies":"2 Orb Walkers","floor":44,"turns":4},{"damage":0,"enemies":"Sphere and 2 Shapes","floor":47,"turns":3},{"damage":14,"enemies":"Maw","floor":48,"turns":6},{"damage":74,"enemies":"Awakened One","floor":50,"turns":9}],"seed_played":"-2405020676765865190","potions_obtained":[{"floor":4.0,"key":"Fire Potion"},{"floor":5.0,"key":"AttackPotion"},{"floor":6.0,"key":"Explosive Potion"},{"floor":11.0,"key":"FocusPotion"},{"floor":12.0,"key":"Fire Potion"},{"floor":13.0,"key":"FocusPotion"},{"floor":22.0,"key":"PowerPotion"},{"floor":28.0,"key":"Weak Potion"},{"floor":30.0,"key":"Fruit Juice"},{"floor":37,"key":"Fire Potion"},{"floor":39,"key":"Fruit Juice"},{"floor":47,"key":"Explosive Potion"},{"floor":48,"key":"Explosive Potion"}],"is_trial":false,"path_per_floor":["M","?","M","M","M","E","M","R","T","E","M","M","?","E","R","B",null,"M","M","$","?","M","E","?","?","T","R","E","?","M","E","R","B",null,"M","$","M","?","M","R","E","R","T","E","?","R","M","M","R","B"],"character_chosen":"DEFECT","items_purchased":["Toxic Egg 2","Sunder","Sundial"],"campfire_rested":0,"item_purchase_floors":[],"current_hp_per_floor":[61,61,61,61,54,41,36,36,36,29,29,28,28,23,23,23,75,71,71,71,71,71,50,50,50,50,50,34,64,64,59,59,1,73,63,63,56,56,91,91,102,102,102,102,89,89,99,100,100,70],"gold":217,"neow_bonus":"","is_prod":false,"is_daily":false,"chose_seed":false,"campfire_upgraded":8,"win_rate":0,"timestamp":1530138899,"path_taken":["M","?","M","M","M","E","M","R","T","E","M","M","?","E","R","BOSS","M","M","$","?","M","E","?","?","T","R","E","?","M","E","R","BOSS","M","$","M","?","M","R","E","R","T","E","?","R","M","M","R","BOSS"],"build_version":"2018-06-21v2","purchased_purges":0,"victory":true,"max_hp_per_floor":[82,82,82,82,82,82,82,82,82,92,92,92,92,92,92,92,92,92,92,92,92,92,92,92,92,92,92,92,92,92,97,97,97,97,97,97,97,97,97,97,102,102,102,102,102,102,102,102,102,102],"card_choices":[{"not_picked":["Sweeping Beam","Gash"],"picked":"Defragment","floor":1.0},{"not_picked":["Scrape","Streamline"],"picked":"Conserve Battery","floor":3.0},{"not_picked":["Auto Shields","Go for the Eyes"],"picked":"Defragment","floor":4.0},{"not_picked":["Gash","Fission"],"picked":"Conserve Battery","floor":5.0},{"not_picked":["Gash","Beam Cell"],"picked":"Chill","floor":6.0},{"not_picked":["Genetic Algorithm","Rebound"],"picked":"Cold Snap","floor":7.0},{"not_picked":["Barrage","Static Discharge"],"picked":"Leap","floor":10.0},{"not_picked":["Force Field","Barrage"],"picked":"Seek","floor":11.0},{"not_picked":["Chill","Coolheaded"],"picked":"Ball Lightning","floor":12.0},{"not_picked":["Conserve Battery","Beam Cell"],"picked":"Reboot","floor":14.0},{"not_picked":["Machine Learning","Core Surge"],"picked":"Echo Form","floor":16.0},{"not_picked":["Reinforced Body+1","Undo"],"picked":"Hologram+1","floor":18.0},{"not_picked":["Recycle+1","Steam"],"picked":"Hologram","floor":19.0},{"not_picked":["Compile Driver","Barrage"],"picked":"Turbo+1","floor":22.0},{"not_picked":["Beam Cell+1","Auto Shields+1"],"picked":"Redo+1","floor":23.0},{"not_picked":["Gash","Reinforced Body+1"],"picked":"Stack+1","floor":28.0},{"not_picked":["Steam+1","Stack+1"],"picked":"Echo Form","floor":30.0},{"not_picked":["Steam+1","Genetic Algorithm+1"],"picked":"Rebound","floor":31.0},{"not_picked":["Meteor Strike","Buffer"],"picked":"Creative AI","floor":33.0},{"not_picked":["Leap+1","Go for the Eyes","Rebound+1"],"picked":"SKIP","floor":35},{"not_picked":["Steam+1","Stack+1","Streamline"],"picked":"SKIP","floor":37},{"not_picked":["Barrage+1","Steam+1"],"picked":"Coolheaded+1","floor":38},{"not_picked":["Capacitor","Rebound+1"],"picked":"Reboot+1","floor":39},{"not_picked":["Recycle+1","Hyperbeam"],"picked":"Ball Lightning+1","floor":41},{"not_picked":["Genetic Algorithm+1","Heatsinks","Compile Driver"],"picked":"SKIP","floor":44},{"not_picked":["Conserve Battery+1","Beam Cell+1","Gash+1"],"picked":"SKIP","floor":47},{"not_picked":["Seek+1","Barrage+1","Streamline+1"],"picked":"SKIP","floor":48}],"player_experience":782952,"relics_obtained":[{"floor":6.0,"key":"Juzu Bracelet"},{"floor":9.0,"key":"Bottled Flame"},{"floor":10.0,"key":"Pear"},{"floor":14.0,"key":"Incense Burner"},{"floor":23.0,"key":"Omamori"},{"floor":26.0,"key":"Cables"},{"floor":28.0,"key":"Bag of Preparation"},{"floor":31.0,"key":"Kunai"},{"floor":38,"key":"Bird Faced Urn"},{"floor":41,"key":"Meat on the Bone"},{"floor":43,"key":"The Courier"},{"floor":44,"key":"Frozen Egg 2"}],"event_choices":[{"event_name":"Upgrade Shrine","player_choice":"Upgraded","floor":2.0,"damage_taken":0.0},{"event_name":"The Lab","player_choice":"Got Potions","floor":13.0,"damage_taken":0.0},{"event_name":"Nest","player_choice":"Stole From Cult","floor":21.0,"damage_taken":0.0},{"event_name":"Addict","player_choice":"Obtained Relic","floor":24.0,"damage_taken":0.0},{"event_name":"The Mausoleum","player_choice":"Yes","floor":25.0,"damage_taken":0.0},{"event_name":"The Library","player_choice":"Heal","floor":29.0,"damage_taken":0.0},{"event_name":"Mysterious Sphere","player_choice":"Fight","floor":38,"damage_taken":0},{"event_name":"Winding Halls","player_choice":"Embrace Madness","floor":45,"damage_taken":0}],"boss_relics":[{"not_picked":["Orrery","Runic Pyramid"],"picked":"Cursed Key"},{"not_picked":["White Beast Statue","Philosopher\u0027s Stone"],"picked":"Snecko Eye"}],"items_purged_floors":[],"is_endless":false,"potions_floor_spawned":[4,5,6,11,12,22,28,30,37,39,47,48],"ascension_level":10}