{"gold_per_floor":[113,124,8,22,52,52,85,97,97,121,141,151,177,191,191,293,293,303,303,285,128,0,33,33,33,58,76,76,3,17,48,48,48],"floor_reached":33,"playtime":5198,"items_purged":[],"score":297,"play_id":"2c0a3450-b51b-42ba-96ed-a5631041bc02","local_time":"20190129233154","is_ascension_mode":false,"campfire_choices":[{"data":"Flechettes","floor":6,"key":"SMITH"},{"data":"Concentrate","floor":15,"key":"SMITH"},{"data":"Noxious Fumes","floor":28,"key":"SMITH"},{"floor":32,"key":"REST"}],"neow_cost":"NONE","seed_source_timestamp":17749525802200,"circlet_count":0,"master_deck":["Defend_G","Defend_G","Defend_G","Defend_G","Defend_G","Strike_G","Strike_G+1","Strike_G","Strike_G","Strike_G","Survivor","Neutralize","Cloak And Dagger","Predator","Deflect","Flechettes+1","Dagger Spray","Sucker Punch+1","Concentrate+1","Caltrops","Noxious Fumes+1","PiercingWail","Glass Knife","Blur","Backflip","Well Laid Plans","Terror","Predator","Footwork+1","Flechettes","Cloak And Dagger+1","After Image"],"relics":["Ring of the Snake","NeowsBlessing","Tiny Chest","Paper Crane","Smiling Mask","Whetstone","Bag of Marbles","Sozu","Happy Flower","Blood Vial","Vajra","Ancient Tea Set"],"potions_floor_usage":[7,13,16,16,33],"damage_taken":[{"damage":0,"enemies":"Cultist","floor":1,"turns":1},{"damage":0,"enemies":"Small Slimes","floor":2,"turns":1},{"damage":0,"enemies":"Jaw Worm","floor":4,"turns":1},{"damage":13,"enemies":"Lagavulin","floor":7,"turns":7},{"damage":0,"enemies":"Gremlin Gang","floor":8,"turns":2},{"damage":0,"enemies":"Looter","floor":11,"turns":3},{"damage":0,"enemies":"Blue Slaver","floor":12,"turns":3},{"damage":3,"enemies":"Gremlin Nob","floor":13,"turns":3},{"damage":0,"enemies":"Exordium Wildlife","floor":14,"turns":3},{"damage":45,"enemies":"Slime Boss","floor":16,"turns":12},{"damage":7,"enemies":"Shell Parasite","floor":18,"turns":5},{"damage":3,"enemies":"2 Thieves","floor":20,"turns":4},{"damage":10,"enemies":"Book of Stabbing","floor":23,"turns":5},{"damage":1,"enemies":"Snecko","floor":27,"turns":3},{"damage":19,"enemies":"Sentry and Sphere","floor":30,"turns":6},{"damage":21,"enemies":"Gremlin Leader","floor":31,"turns":5},{"damage":38,"enemies":"Collector","floor":33,"turns":6}],"seed_played":"-8962453174605531600","potions_obtained":[{"floor":2,"key":"Regen Potion"},{"floor":4,"key":"GhostInAJar"},{"floor":8,"key":"Swift Potion"},{"floor":12,"key":"Ancient Potion"},{"floor":16,"key":"Ancient Potion"}],"is_trial":false,"path_per_floor":["M","M","$","M","?","R","E","M","T","T","M","M","E","M","R","B",null,"M","?","M","$","?","E","T","$","T","M","R","$","M","E","R","B"],"character_chosen":"THE_SILENT","items_purchased":["Deflect","Flechettes","Well Laid Plans","Terror","Flechettes"],"campfire_rested":1,"item_purchase_floors":[3,3,21,21,29],"current_hp_per_floor":[70,70,70,70,63,63,50,50,50,50,50,50,47,47,47,17,70,63,63,60,60,60,50,50,50,50,51,51,51,34,15,36,0],"gold":48,"neow_bonus":"THREE_ENEMY_KILL","is_prod":false,"is_daily":false,"chose_seed":false,"campfire_upgraded":3,"win_rate":0.0,"timestamp":1548822714,"path_taken":["M","M","?","?","?","R","E","M","T","?","M","M","E","?","R","BOSS","M","?","M","$","?","E","?","?","T","?","R","$","M","E","R","BOSS"],"build_version":"2019-01-23","purchased_purges":0,"victory":false,"max_hp_per_floor":[70,70,70,70,70,70,70,70,70,70,70,70,70,70,70,70,70,70,70,70,70,70,70,70,70,70,70,70,70,70,70,70,70],"card_choices":[{"not_picked":["Acrobatics","Dagger Throw"],"picked":"Cloak And Dagger","floor":1},{"not_picked":["Dagger Spray","Skewer"],"picked":"Predator","floor":2},{"not_picked":["Outmaneuver","Heel Hook"],"picked":"Dagger Spray","floor":4},{"not_picked":["Bane","Skewer"],"picked":"Sucker Punch","floor":7},{"not_picked":["Dagger Spray","Eviscerate"],"picked":"Concentrate","floor":8},{"not_picked":["Eviscerate","Bane"],"picked":"Caltrops","floor":11},{"not_picked":["All Out Attack","Dagger Throw","Blade Dance"],"picked":"SKIP","floor":12},{"not_picked":["Storm of Steel","Acrobatics"],"picked":"Noxious Fumes","floor":13},{"not_picked":["Endless Agony","Accuracy"],"picked":"PiercingWail","floor":14},{"not_picked":["Storm of Steel","Night Terror"],"picked":"Glass Knife","floor":16},{"not_picked":["Dagger Throw","Deflect"],"picked":"Blur","floor":18},{"not_picked":["Caltrops","Flying Knee"],"picked":"Backflip","floor":20},{"not_picked":["PiercingWail","Flying Knee"],"picked":"Predator","floor":23},{"not_picked":["Tactician","Accuracy"],"picked":"Footwork+1","floor":27},{"not_picked":["Sucker Punch","Blade Dance"],"picked":"Cloak And Dagger+1","floor":30},{"not_picked":["Infinite Blades+1","Malaise"],"picked":"After Image","floor":31}],"player_experience":166615,"relics_obtained":[{"floor":7,"key":"Paper Crane"},{"floor":9,"key":"Smiling Mask"},{"floor":10,"key":"Whetstone"},{"floor":13,"key":"Bag of Marbles"},{"floor":23,"key":"Happy Flower"},{"floor":24,"key":"Blood Vial"},{"floor":26,"key":"Vajra"},{"floor":31,"key":"Ancient Tea Set"}],"event_choices":[{"damage_healed":0,"gold_gain":0,"player_choice":"Success","damage_taken":7,"relics_obtained":["Tiny Chest"],"max_hp_gain":0,"max_hp_loss":0,"event_name":"Scrap Ooze","floor":5,"gold_loss":0},{"damage_healed":0,"gold_gain":0,"player_choice":"Ignored","damage_taken":0,"max_hp_gain":0,"max_hp_loss":0,"event_name":"Beggar","floor":19,"gold_loss":0},{"damage_healed":0,"gold_gain":0,"player_choice":"Paid Fearfully","damage_taken":0,"max_hp_gain":0,"max_hp_loss":0,"event_name":"Masked Bandits","floor":22,"gold_loss":128}],"is_beta":false,"boss_relics":[{"not_picked":["Lizard Tail","Snecko Eye"],"picked":"Sozu"}],"items_purged_floors":[],"is_endless":false,"potions_floor_spawned":[2,4,8,12,16,20,23,31],"killed_by":"Collector","ascension_level":0}