{"gold_per_floor":[117,129,129,129,142,142,259,259,259,294,294,405,14,24,24,24],"floor_reached":16,"playtime":516,"items_purged":[],"score":189,"play_id":"72f63d31-0e8c-435a-b8a1-6e8ea4f60c42","local_time":"20181017111937","is_ascension_mode":true,"campfire_choices":[{"data":"hubris:CleavingFinish","floor":6.0,"key":"SMITH"},{"data":"Eclipse","floor":8.0,"key":"SMITH"},{"floor":11,"key":"REST"},{"floor":15,"key":"REST"}],"neow_cost":"NONE","seed_source_timestamp":2115622980668,"circlet_count":0,"master_deck":["Strike_R","Strike_R","Strike_R","Strike_R","Defend_R","Defend_R","Defend_R","Defend_R","Bash","AscendersBane","Eclipse+1","Sword Boomerang","Flame Barrier","hubris:CleavingFinish+1","Ghostly Armor","True Grit","Dual Strike","Heavy Blade"],"special_seed":0,"relics":["Burning Blood","hubris:Reverence","infinitespire:Burning Sword","RollingBoulder","ClockworkSouvenir"],"potions_floor_usage":[],"damage_taken":[{"damage":2.0,"enemies":"2 Louse","floor":1.0,"turns":2.0},{"damage":7.0,"enemies":"Cultist","floor":2.0,"turns":4.0},{"damage":0.0,"enemies":"Jaw Worm","floor":5.0,"turns":3.0},{"damage":11.0,"enemies":"Exordium Thugs","floor":7.0,"turns":4.0},{"damage":62,"enemies":"Lagavulin","floor":10,"turns":10},{"damage":9,"enemies":"2 Fungi Beasts","floor":12,"turns":2},{"damage":1,"enemies":"Looter","floor":14,"turns":3},{"damage":68,"enemies":"RustBeast","floor":16,"turns":11}],"seed_played":"2868206303325365524","potions_obtained":[{"floor":1.0,"key":"ReplayShieldPotion"},{"floor":5.0,"key":"Elixir"},{"floor":12,"key":"Energy Potion"}],"is_trial":false,"path_per_floor":["M","M","?","$","M","R","M","R","T","E","R","M","$","M","R"],"character_chosen":"IRONCLAD","items_purchased":["RollingBoulder","ClockworkSouvenir"],"campfire_rested":2,"item_purchase_floors":[13,13],"current_hp_per_floor":[75,74,74,74,75,75,70,70,70,14,36,33,33,38,60,0],"gold":24,"neow_bonus":"ONE_RANDOM_RARE_CARD","is_prod":false,"is_daily":false,"chose_seed":false,"campfire_upgraded":2,"win_rate":0,"timestamp":1539767977,"path_taken":["M","M","?","$","M","R","M","R","T","E","R","M","$","M","R","BOSS"],"build_version":"2018-10-04v2","purchased_purges":0,"victory":false,"max_hp_per_floor":[75,75,75,75,75,75,75,75,75,75,75,75,75,75,75,75],"card_choices":[{"not_picked":["Clash","Intimidate"],"picked":"Sword Boomerang","floor":1.0},{"not_picked":["Sword Boomerang","Armaments"],"picked":"Flame Barrier","floor":2.0},{"not_picked":["Rage","Combust"],"picked":"hubris:CleavingFinish","floor":5.0},{"not_picked":["Run Through","Rage"],"picked":"Ghostly Armor","floor":7.0},{"not_picked":["Hemokinesis","Sever Soul"],"picked":"True Grit","floor":10},{"not_picked":["ReplayTheSpireMod:Strike From Hell","Searing Blow"],"picked":"Dual Strike","floor":12},{"not_picked":["Feel No Pain","Carnage"],"picked":"Heavy Blade","floor":14}],"player_experience":996463,"relics_obtained":[{"floor":9.0,"key":"hubris:Reverence"},{"floor":10,"key":"infinitespire:Burning Sword"}],"event_choices":[{"event_name":"Purifier","player_choice":"One Purge","floor":3.0,"damage_taken":0.0}],"is_beta":false,"boss_relics":[],"items_purged_floors":[],"is_endless":false,"potions_floor_spawned":[1,5,12,14],"killed_by":"RustBeast","ascension_level":17}