{"gold_per_floor":[114,129,129,144,159,189,189,98,173,173,173,188,203,218,218,318,318,243,243,258,273,288,288,318,333,333,348,348,363,363,48,48,148,148,163,178,193,193,49,64,64,79,79,94,94,109,109,139,139,139],"floor_reached":51,"playtime":3128,"items_purged":["Writhe"],"score":755,"play_id":"4b0749ea-3e58-42b5-acdb-d287b79c6bc4","local_time":"20180808155845","daily_mods":["Allstar","Uncertain Future","Night Terrors"],"is_ascension_mode":false,"campfire_choices":[{"data":"Chaos","floor":7.0,"key":"SMITH"},{"data":"Hologram","floor":10,"key":"SMITH"},{"floor":15,"key":"REST"},{"data":"Buffer","floor":23,"key":"SMITH"},{"data":"Sunder","floor":28,"key":"SMITH"},{"floor":32,"key":"REST"},{"floor":45,"key":"REST"},{"floor":47,"key":"REST"},{"floor":49,"key":"REST"}],"neow_cost":"","seed_source_timestamp":0,"circlet_count":0,"master_deck":["Strike_B","Strike_B","Defend_B","Defend_B","Defend_B","Defend_B","Zap","Dualcast","Thinking Ahead","Deep Breath","Flash of Steel","Panache","Jack Of All Trades","Hello World+1","Chaos+1","Cold Snap","Rebound","Stack","White Noise","Hologram+1","Cold Snap","Gash","Leap","Buffer+1","Streamline","Glacier","Blizzard+1","Sunder+1","Reinforced Body","Buffer","Stack+1","Capacitor","Doom and Gloom","All For One","Sunder","Fusion+1","Leap","Sunder","Leap+1","Thunder Strike","Consume","Hologram+1","Skim"],"special_seed":17751,"relics":["Cracked Core","Sundial","Bottled Flame","Snecko Eye","Regal Pillow","Cables","Runic Capacitor","Fusion Hammer","The Courier","Torii"],"potions_floor_usage":[14,44],"damage_taken":[{"damage":0.0,"enemies":"Small Slimes","floor":1.0,"turns":2.0},{"damage":11.0,"enemies":"Jaw Worm","floor":2.0,"turns":3.0},{"damage":0.0,"enemies":"Cultist","floor":4.0,"turns":3.0},{"damage":0.0,"enemies":"Gremlin Gang","floor":5.0,"turns":4.0},{"damage":30.0,"enemies":"Gremlin Nob","floor":6.0,"turns":5.0},{"damage":12,"enemies":"3 Louse","floor":12,"turns":3},{"damage":14,"enemies":"Lots of Slimes","floor":13,"turns":3},{"damage":0,"enemies":"Red Slaver","floor":14,"turns":3},{"damage":22,"enemies":"The Guardian","floor":16,"turns":9},{"damage":8,"enemies":"2 Thieves","floor":18,"turns":5},{"damage":1,"enemies":"Shell Parasite","floor":20,"turns":5},{"damage":4,"enemies":"Snake Plant","floor":21,"turns":5},{"damage":2,"enemies":"Cultist and Chosen","floor":22,"turns":7},{"damage":4,"enemies":"Book of Stabbing","floor":24,"turns":9},{"damage":17,"enemies":"3 Cultists","floor":25,"turns":4},{"damage":0,"enemies":"Snecko","floor":27,"turns":5},{"damage":0,"enemies":"Centurion and Healer","floor":29,"turns":6},{"damage":14,"enemies":"Champ","floor":33,"turns":14},{"damage":0,"enemies":"Flame Bruiser 1 Orb","floor":35,"turns":7},{"damage":8,"enemies":"Orb Walker","floor":36,"turns":4},{"damage":4,"enemies":"Sphere and 2 Shapes","floor":37,"turns":6},{"damage":3,"enemies":"Flame Bruiser 2 Orb","floor":40,"turns":5},{"damage":30,"enemies":"3 Darklings","floor":42,"turns":6},{"damage":6,"enemies":"Jaw Worm Horde","floor":44,"turns":4},{"damage":17,"enemies":"Flame Bruiser 2 Orb","floor":46,"turns":7},{"damage":0,"enemies":"Giant Head","floor":48,"turns":9},{"damage":14,"enemies":"Time Eater","floor":50,"turns":16}],"seed_played":"-1865023326789257994","potions_obtained":[{"floor":2.0,"key":"LiquidBronze"},{"floor":4.0,"key":"EssenceOfSteel"},{"floor":13,"key":"Block Potion"},{"floor":14,"key":"Ancient Potion"},{"floor":21,"key":"Regen Potion"},{"floor":46,"key":"Weak Potion"}],"is_trial":false,"path_per_floor":["M","M","?","M","M","E","R","$","T","R","?","M","M","M","R","B",null,"M","?","M","M","M","R","E","M","T","M","R","M","?","$","R","B",null,"M","M","M","?","$","M","?","M","T","M","R","M","R","E","R","B"],"character_chosen":"DEFECT","items_purchased":["White Noise","Hologram","Capacitor","Doom and Gloom","Runic Capacitor","Sunder"],"campfire_rested":5,"item_purchase_floors":[8,8,31,31,31,39],"current_hp_per_floor":[75,64,64,64,64,34,34,34,34,34,34,22,8,8,70,48,70,62,62,61,57,55,55,51,34,34,34,34,34,34,34,65,51,65,65,57,53,65,65,62,62,32,32,38,60,43,55,55,50,36],"gold":139,"neow_bonus":"","is_prod":false,"is_daily":true,"chose_seed":false,"campfire_upgraded":4,"win_rate":0,"timestamp":1533769125,"path_taken":["M","M","?","?","M","E","R","$","T","R","?","M","M","M","R","BOSS","M","?","M","?","M","R","E","M","T","M","R","M","?","$","R","BOSS","M","M","M","?","$","M","?","M","T","M","R","?","R","E","R","BOSS"],"build_version":"2018-08-07v3","purchased_purges":1,"victory":true,"max_hp_per_floor":[75,75,75,75,75,75,75,75,75,75,75,75,75,75,70,70,70,70,70,70,70,70,70,70,70,70,70,70,70,70,70,65,65,65,65,65,65,65,65,65,65,65,65,65,60,60,55,55,50,50],"card_choices":[{"not_picked":["Sweeping Beam","Leap"],"picked":"Hello World","floor":1.0},{"not_picked":["Steam","Compile Driver"],"picked":"Chaos","floor":2.0},{"not_picked":["Beam Cell","Hologram"],"picked":"Cold Snap","floor":4.0},{"not_picked":["Meteor Strike","Tempest"],"picked":"Rebound","floor":5.0},{"not_picked":["Barrage","Heatsinks"],"picked":"Stack","floor":6.0},{"not_picked":["Coolheaded","Heatsinks"],"picked":"Cold Snap","floor":12},{"not_picked":["Rebound","Force Field"],"picked":"Gash","floor":13},{"not_picked":["Heatsinks","Thunder Strike"],"picked":"Leap","floor":14},{"not_picked":["Meteor Strike","Multi-Cast"],"picked":"Buffer","floor":16},{"not_picked":["White Noise","Redo"],"picked":"Streamline","floor":18},{"not_picked":["Streamline","Tempest"],"picked":"Blizzard+1","floor":21},{"not_picked":["Tempest","Double Energy"],"picked":"Sunder","floor":24},{"not_picked":["Gash","Genetic Algorithm"],"picked":"Reinforced Body","floor":25},{"not_picked":["Gash","Beam Cell"],"picked":"Buffer","floor":27},{"not_picked":["Ball Lightning","Force Field"],"picked":"Stack+1","floor":29},{"not_picked":["Buffer","Reboot"],"picked":"All For One","floor":33},{"not_picked":["Streamline","Leap+1"],"picked":"Sunder","floor":35},{"not_picked":["Sweeping Beam+1","Beam Cell+1"],"picked":"Fusion+1","floor":36},{"not_picked":["Self Repair","BootSequence+1"],"picked":"Leap","floor":37},{"not_picked":["Gash+1","Reprogram"],"picked":"Leap+1","floor":40},{"not_picked":["Redo+1","Compile Driver"],"picked":"Consume","floor":42},{"not_picked":["Beam Cell+1","Barrage+1"],"picked":"Hologram+1","floor":44},{"not_picked":["Self Repair+1","Sweeping Beam+1","Steam"],"picked":"SKIP","floor":46},{"not_picked":["Reinforced Body","Darkness+1"],"picked":"Skim","floor":48}],"player_experience":764766,"relics_obtained":[{"floor":6.0,"key":"Sundial"},{"floor":9,"key":"Bottled Flame"},{"floor":24,"key":"Regal Pillow"},{"floor":26,"key":"Cables"},{"floor":43,"key":"The Courier"},{"floor":48,"key":"Torii"}],"event_choices":[{"event_name":"Living Wall","player_choice":"Grow","floor":3.0,"damage_taken":0.0},{"event_name":"Bonfire Elementals","player_choice":"BASIC","floor":11,"damage_taken":0},{"event_name":"The Library","player_choice":"Read","floor":19,"damage_taken":0},{"event_name":"Ghosts","player_choice":"Ignored","floor":30,"damage_taken":0},{"event_name":"Winding Halls","player_choice":"Writhe","floor":38,"damage_taken":0},{"event_name":"Transmorgrifier","player_choice":"Transform","floor":41,"damage_taken":0}],"is_beta":true,"boss_relics":[{"not_picked":["Calling Bell","Astrolabe"],"picked":"Snecko Eye"},{"not_picked":["Empty Cage","Eternal Feather"],"picked":"Fusion Hammer"}],"items_purged_floors":[39],"is_endless":false,"potions_floor_spawned":[2,4,13,14,21,22,24,33,35,40,46],"ascension_level":0}