{"gold_per_floor":[113,113,132,90,107,107,134,134,134,134,134,134,152,173,173,271,271,290,205,190,290,270,270,295,43,66,97,34,34],"floor_reached":29,"playtime":1085,"items_purged":["Strike_R"],"score":368,"play_id":"5dd9deac-8074-4dc5-9562-5b643375f210","local_time":"20181002223708","is_ascension_mode":true,"campfire_choices":[{"data":"Clothesline","floor":6,"key":"SMITH"},{"floor":8,"key":"REST"},{"data":"Cleave","floor":10,"key":"SMITH"},{"data":"Ghostly Armor","floor":12,"key":"SMITH"},{"data":"Thunderclap","floor":15,"key":"SMITH"},{"floor":23,"key":"REST"}],"neow_cost":"","seed_source_timestamp":10946022595235,"circlet_count":0,"master_deck":["Strike_R","Strike_R","Strike_R","Strike_R+1","Defend_R","Defend_R","Defend_R","Defend_R","Bash+1","AscendersBane","Cleave+1","Dual Wield","Clothesline+1","Ghostly Armor+1","Thunderclap+1","Immolate","True Grit","Second Wind","Shockwave","Shrug It Off","Armaments"],"relics":["Burning Blood","Frozen Egg 2","Singing Bowl","Golden Idol","Orrery","Dodecahedron","Gremlin Horn","MawBank"],"potions_floor_usage":[7,20,27,29],"damage_taken":[{"damage":8,"enemies":"Small Slimes","floor":1,"turns":5},{"damage":3,"enemies":"2 Louse","floor":3,"turns":3},{"damage":1,"enemies":"Cultist","floor":5,"turns":3},{"damage":25,"enemies":"3 Sentries","floor":7,"turns":7},{"damage":11,"enemies":"Large Slime","floor":13,"turns":6},{"damage":1,"enemies":"Blue Slaver","floor":14,"turns":4},{"damage":35,"enemies":"The Guardian","floor":16,"turns":14},{"damage":45,"enemies":"Shell Parasite","floor":18,"turns":8},{"damage":11,"enemies":"2 Thieves","floor":20,"turns":4},{"damage":26,"enemies":"Centurion and Healer","floor":24,"turns":10},{"damage":25,"enemies":"Snake Plant","floor":27,"turns":7},{"damage":22,"enemies":"Sentry and Sphere","floor":29,"turns":4}],"seed_played":"5960116186630946344","potions_obtained":[{"floor":1,"key":"Fire Potion"},{"floor":3,"key":"Weak Potion"},{"floor":14,"key":"Energy Potion"},{"floor":22,"key":"Strength Potion"},{"floor":24,"key":"SkillPotion"}],"is_trial":false,"path_per_floor":["M","?","M","?","M","R","E","R","T","R","?","R","M","M","R","B",null,"M","?","M","?","?","R","M","$","T","M","$"],"character_chosen":"IRONCLAD","items_purchased":["Gremlin Horn"],"campfire_rested":2,"item_purchase_floors":[25],"current_hp_per_floor":[70,54,57,57,62,62,43,67,67,67,67,67,64,69,69,40,71,34,34,31,31,31,56,36,36,36,17,17,0],"gold":34,"neow_bonus":"","is_prod":false,"is_daily":false,"chose_seed":false,"campfire_upgraded":4,"win_rate":0,"timestamp":1538512628,"path_taken":["M","?","?","?","M","R","E","R","T","R","?","R","M","M","R","BOSS","M","?","?","?","?","R","?","?","T","M","$","M"],"build_version":"2018-09-27","purchased_purges":1,"victory":false,"max_hp_per_floor":[80,80,80,80,80,80,80,80,80,80,74,74,76,76,76,76,80,82,82,84,84,84,84,84,84,84,84,84,84],"card_choices":[{"not_picked":["Corruption","Headbutt"],"picked":"Cleave","floor":1},{"not_picked":["Sentinel","Cleave"],"picked":"Dual Wield","floor":3},{"not_picked":["Evolve","Dual Wield"],"picked":"Clothesline","floor":5},{"not_picked":["Entrench","Sentinel"],"picked":"Ghostly Armor","floor":7},{"not_picked":["Sword Boomerang","Battle Trance","Dual Wield"],"picked":"Singing Bowl","floor":13},{"not_picked":["Reaper","Wild Strike"],"picked":"Thunderclap","floor":14},{"not_picked":["Brutality+1","Exhume"],"picked":"Immolate","floor":16},{"not_picked":["Bloodletting","Dual Wield"],"picked":"True Grit","floor":17},{"not_picked":["Corruption+1","Sword Boomerang","Wild Strike"],"picked":"Singing Bowl","floor":17},{"not_picked":["Flex","Wild Strike"],"picked":"Second Wind","floor":17},{"not_picked":["Thunderclap","Clash"],"picked":"Shockwave","floor":17},{"not_picked":["Sword Boomerang","Second Wind","Anger"],"picked":"Singing Bowl","floor":17},{"not_picked":["Sword Boomerang","True Grit","Feel No Pain+1"],"picked":"Singing Bowl","floor":18},{"not_picked":["Cleave","Havoc","Pommel Strike+1"],"picked":"Singing Bowl","floor":20},{"not_picked":["Impervious","Sword Boomerang"],"picked":"Shrug It Off","floor":24},{"not_picked":["Bloodletting","Uppercut"],"picked":"Armaments","floor":27}],"player_experience":796156,"relics_obtained":[{"floor":7,"key":"Frozen Egg 2"},{"floor":9,"key":"Singing Bowl"},{"floor":26,"key":"MawBank"}],"event_choices":[{"event_name":"Shining Light","player_choice":"Entered Light","floor":2,"damage_taken":0},{"event_name":"World of Goop","player_choice":"Left","floor":4,"damage_taken":0},{"event_name":"Golden Idol","player_choice":"Lose Max HP","floor":11,"damage_taken":0},{"event_name":"Addict","player_choice":"Obtained Relic","floor":19,"damage_taken":0},{"event_name":"Golden Shrine","player_choice":"Pray","floor":21,"damage_taken":0},{"event_name":"The Woman in Blue","player_choice":"Bought 1 Potion","floor":22,"damage_taken":0}],"is_beta":false,"boss_relics":[{"not_picked":["Fusion Hammer","Black Blood"],"picked":"Orrery"}],"items_purged_floors":[28],"is_endless":false,"potions_floor_spawned":[1,3,14,24],"killed_by":"Sentry and Sphere","ascension_level":13}