{"gold_per_floor":[366,366,389,160,178,241,241,256,256,271,287,562,562,580,580,709,709,732,732],"floor_reached":19,"playtime":1338,"items_purged":["Injury"],"score":298,"play_id":"44116cb5-e5bc-459a-b209-f239d0f658a9","local_time":"20181205170714","is_ascension_mode":true,"campfire_choices":[{"data":"True Grit","floor":7,"key":"SMITH"},{"data":"Uppercut","floor":13,"key":"SMITH"},{"data":"Inflame","floor":15,"key":"SMITH"}],"neow_cost":"PERCENT_DAMAGE","seed_source_timestamp":0,"circlet_count":0,"master_deck":["Strike_R","Strike_R","Strike_R","Strike_R","Strike_R","Defend_R","Defend_R","Defend_R","Defend_R","Bash","Inflame+1","Uppercut+1","Seeing Red","True Grit+1","Seeing Red","Shrug It Off","Ghostly Armor","Regret","Immolate","Demon Form","Dual Wield"],"special_seed":0,"relics":["Burning Blood","Golden Idol","Happy Flower","Tiny Chest","Bag of Preparation","Black Star"],"potions_floor_usage":[],"damage_taken":[{"damage":11.0,"enemies":"Jaw Worm","floor":1.0,"turns":4.0},{"damage":11,"enemies":"Small Slimes","floor":3,"turns":4},{"damage":0,"enemies":"Cultist","floor":5,"turns":3},{"damage":14,"enemies":"Gremlin Nob","floor":6,"turns":4},{"damage":8,"enemies":"Blue Slaver","floor":8,"turns":3},{"damage":5,"enemies":"Red Slaver","floor":10,"turns":5},{"damage":6,"enemies":"Looter","floor":11,"turns":3},{"damage":3,"enemies":"Large Slime","floor":14,"turns":7},{"damage":41,"enemies":"Hexaghost","floor":16,"turns":10},{"damage":19,"enemies":"Shell Parasite","floor":18,"turns":5},{"damage":72,"enemies":"Spheric Guardian","floor":19,"turns":7}],"seed_played":"-8209398021477934880","potions_obtained":[{"floor":1.0,"key":"Fire Potion"},{"floor":3,"key":"Explosive Potion"},{"floor":14,"key":"Swift Potion"},{"floor":16,"key":"Weak Potion"}],"is_trial":false,"path_per_floor":["M","?","M","$","M","E","R","M","T","M","M","?","R","M","R","B",null,"M","M"],"character_chosen":"IRONCLAD","items_purchased":["Happy Flower"],"campfire_rested":0,"item_purchase_floors":[4],"current_hp_per_floor":[51,51,46,46,52,44,44,42,42,43,43,43,43,46,46,11,80,67,0],"gold":732,"neow_bonus":"TWO_FIFTY_GOLD","is_prod":false,"is_daily":false,"chose_seed":false,"campfire_upgraded":3,"win_rate":0,"timestamp":1544004434,"path_taken":["M","?","M","$","M","E","R","M","T","M","M","?","R","M","R","BOSS","M","?"],"build_version":"2018-11-15","purchased_purges":1,"victory":false,"max_hp_per_floor":[80,80,80,80,80,80,80,80,80,80,80,80,80,80,80,80,80,80,80],"card_choices":[{"not_picked":["Rupture","Carnage"],"picked":"Inflame","floor":1.0},{"not_picked":["Combust","Warcry"],"picked":"Uppercut","floor":3},{"not_picked":["Clothesline","Burning Pact"],"picked":"Seeing Red","floor":5},{"not_picked":["Twin Strike","Rampage"],"picked":"True Grit","floor":6},{"not_picked":["Cleave","Wild Strike"],"picked":"Seeing Red","floor":8},{"not_picked":["Twin Strike","Rage"],"picked":"Shrug It Off","floor":10},{"not_picked":["Warcry","Reckless Charge"],"picked":"Ghostly Armor","floor":11},{"not_picked":["Entrench","Headbutt"],"picked":"Immolate","floor":14},{"not_picked":["Impervious","Bludgeon"],"picked":"Demon Form","floor":16},{"not_picked":["Infernal Blade","Combust"],"picked":"Dual Wield","floor":18}],"player_experience":177042,"relics_obtained":[{"floor":6,"key":"Tiny Chest"},{"floor":9,"key":"Bag of Preparation"}],"event_choices":[{"damage_healed":0.0,"max_hp_gain":0.0,"max_hp_loss":0.0,"gold_gain":0.0,"event_name":"Golden Idol","player_choice":"Take Wound","floor":2.0,"gold_loss":0.0,"damage_taken":0.0,"relics_obtained":["Golden Idol"],"cards_obtained":["Injury"]},{"damage_healed":0,"gold_gain":275,"player_choice":"Desecrate","damage_taken":0,"max_hp_gain":0,"max_hp_loss":0,"event_name":"Golden Shrine","floor":12,"gold_loss":0,"cards_obtained":["Regret"]}],"is_beta":false,"boss_relics":[{"not_picked":["Cursed Key","Empty Cage"],"picked":"Black Star"}],"items_purged_floors":[4],"is_endless":false,"potions_floor_spawned":[1,3,14,16],"killed_by":"Spheric Guardian","ascension_level":2}