{"gold_per_floor":[119,119,119,132,150,150,191,191,191,227,246,280,280,305,305,395,395,408,442,465,465],"floor_reached":21,"playtime":1785,"items_purged":[],"score":444,"play_id":"7da19aaf-601d-4720-8d8a-b56ed5ca2b86","local_time":"20181014221430","is_ascension_mode":true,"campfire_choices":[{"data":"Skewer","floor":6.0,"key":"SMITH"},{"data":"Blade Dance","floor":13.0,"key":"SMITH"},{"floor":15.0,"key":"REST"}],"neow_cost":"NONE","seed_source_timestamp":132783815219361,"circlet_count":0,"master_deck":["Defend_G","Defend_G","Defend_G","Defend_G","Defend_G","Strike_G","Strike_G","Strike_G","Strike_G","Strike_G","Survivor","Neutralize","AscendersBane","After Image","Skewer+1","Dagger Spray","Flying Knee","Die Die Die","Blade Dance+1","Predator","Flying Knee","A Thousand Cuts+1","Backstab","Crippling Poison"],"special_seed":0,"relics":["Ring of the Serpent","Golden Idol","Frozen Egg 2","PreservedInsect","Paper Crane","Du-Vu Doll","Snake Skull","Red Mask"],"potions_floor_usage":[21],"damage_taken":[{"damage":3.0,"enemies":"Small Slimes","floor":1.0,"turns":5.0},{"damage":0.0,"enemies":"2 Louse","floor":4.0,"turns":3.0},{"damage":4.0,"enemies":"Jaw Worm","floor":5.0,"turns":6.0},{"damage":6.0,"enemies":"Gremlin Nob","floor":7.0,"turns":3.0},{"damage":27.0,"enemies":"Lagavulin","floor":10.0,"turns":7.0},{"damage":6.0,"enemies":"Looter","floor":11.0,"turns":3.0},{"damage":0.0,"enemies":"Gremlin Nob","floor":12.0,"turns":2.0},{"damage":28.0,"enemies":"Slime Boss","floor":16.0,"turns":10.0},{"damage":14.0,"enemies":"Chosen","floor":18.0,"turns":4.0},{"damage":28.0,"enemies":"Masked Bandits","floor":19.0,"turns":4.0},{"damage":16.0,"enemies":"2 Thieves","floor":20.0,"turns":5.0},{"damage":0,"enemies":"Chosen and Byrds","floor":21,"turns":2}],"seed_played":"-983827931417193913","potions_obtained":[{"floor":1.0,"key":"Explosive Potion"},{"floor":4.0,"key":"SteroidPotion"},{"floor":11.0,"key":"Energy Potion"},{"floor":12.0,"key":"Regen Potion"},{"floor":20.0,"key":"FearPotion"}],"is_trial":false,"path_per_floor":["M","?","?","M","M","R","E","?","T","E","M","E","R","T","R","B",null,"M","?","M"],"character_chosen":"THE_SILENT","items_purchased":[],"campfire_rested":1,"item_purchase_floors":[],"current_hp_per_floor":[56,56,49,49,45,45,39,61,61,34,28,28,28,28,47,19,54,40,21,5,5],"gold":465,"neow_bonus":"ONE_RANDOM_RARE_CARD","is_prod":false,"is_daily":false,"chose_seed":false,"campfire_upgraded":2,"win_rate":0,"timestamp":1539548070,"path_taken":["M","?","?","M","M","R","E","?","T","E","M","E","R","?","R","BOSS","M","?","?","M"],"build_version":"2018-10-11","purchased_purges":0,"victory":false,"max_hp_per_floor":[66,66,66,66,66,66,66,66,66,66,66,66,66,66,66,66,66,66,66,66,66],"card_choices":[{"not_picked":["Blade Dance","Caltrops"],"picked":"Skewer","floor":1.0},{"not_picked":["Poisoned Stab","Prepared"],"picked":"Dagger Spray","floor":4.0},{"not_picked":["Acrobatics","Expertise"],"picked":"Flying Knee","floor":5.0},{"not_picked":["Well Laid Plans","Expertise"],"picked":"Die Die Die","floor":7.0},{"not_picked":["Night Terror","Expertise"],"picked":"Blade Dance","floor":10.0},{"not_picked":["Concentrate","Deadly Poison"],"picked":"Predator","floor":11.0},{"not_picked":["Quick Slash","Underhanded Strike"],"picked":"Flying Knee","floor":12.0},{"not_picked":["Unload","Bullet Time"],"picked":"A Thousand Cuts+1","floor":16.0},{"not_picked":["Crippling Poison","Finisher"],"picked":"Backstab","floor":18.0},{"not_picked":["Blade Dance","Quick Slash"],"picked":"Crippling Poison","floor":20.0}],"player_experience":1442020,"relics_obtained":[{"floor":7.0,"key":"Frozen Egg 2"},{"floor":9.0,"key":"PreservedInsect"},{"floor":10.0,"key":"Paper Crane"},{"floor":12.0,"key":"Du-Vu Doll"},{"floor":14.0,"key":"Snake Skull"},{"floor":19.0,"key":"Red Mask"}],"event_choices":[{"event_name":"Golden Idol","player_choice":"Take Wound","floor":2.0,"damage_taken":0.0},{"event_name":"Golden Wing","player_choice":"Card Removal","floor":3.0,"damage_taken":0.0},{"event_name":"Big Fish","player_choice":"Banana","floor":8.0,"damage_taken":0.0},{"event_name":"Masked Bandits","player_choice":"Fought Bandits","floor":19.0,"damage_taken":0.0}],"is_beta":false,"boss_relics":[{"not_picked":["Busted Crown","Lizard Tail"],"picked":"Ring of the Serpent"}],"items_purged_floors":[],"is_endless":false,"potions_floor_spawned":[1,4,11,12,20],"killed_by":"Chosen and Byrds","ascension_level":20}