{"path_per_floor":["M","M","?","?","M","R","$","M","T","R","M","?","R","?","R","B",null,"M","M","?","M","M","R","$","R","T","M","R","M","$","E","R","B",null,"M","$","M","$","?","R","M","E","T","R","?","M","R","M","R","B"],"character_chosen":"THE_SILENT","items_purchased":["Predator","Cloak And Dagger","Omamori","Infinite Blades","Footwork"],"gold_per_floor":[119,129,129,129,145,145,14,28,81,81,97,97,97,47,47,144,144,160,177,177,188,198,198,49,49,49,62,62,80,8,36,36,141,141,156,156,171,21,21,21,37,67,67,67,67,79,79,96,96,96],"floor_reached":51,"campfire_rested":2,"playtime":1917,"current_hp_per_floor":[70,70,70,70,70,70,70,70,70,70,69,69,69,69,69,50,70,70,70,70,70,61,61,61,61,61,50,50,50,50,43,64,25,70,70,70,70,70,61,70,58,33,33,45,45,36,48,38,70,49],"items_purged":["Strike_G"],"gold":96,"score":712,"play_id":"bc617337-8b3e-49da-9293-4f05eb14f2c0","local_time":"20180424212857","is_prod":false,"is_daily":false,"chose_seed":false,"is_ascension_mode":false,"campfire_upgraded":10,"timestamp":1524598137,"path_taken":["M","M","?","?","M","R","$","M","T","R","M","?","R","?","R","BOSS","M","M","?","?","M","R","$","R","T","M","R","M","$","E","R","BOSS","M","$","M","$","?","R","?","E","T","R","?","M","R","M","R","BOSS"],"build_version":"2018-04-19","seed_source_timestamp":2108153183970,"purchased_purges":1,"victory":true,"master_deck":["Defend_G+1","Defend_G+1","Defend_G+1","Defend_G+1","Defend_G+1","Strike_G+1","Strike_G+1","Strike_G+1","Survivor+1","Neutralize","Bouncing Flask+1","Sucker Punch+1","Glass Knife+1","Footwork+1","Predator+1","Cloak And Dagger+1","Envenom+1","Deflect","Wraith Form v2","Adrenaline","PiercingWail","Dagger Spray+1","Cloak And Dagger+1","Dodge and Roll+1","Malaise+1","Infinite Blades","Caltrops","A Thousand Cuts+1","Footwork","Madness","Madness","Terror+1","Cloak And Dagger+1","Bane+1","Escape Plan+1"],"max_hp_per_floor":[70,70,70,70,70,70,70,70,70,70,70,70,70,70,70,70,70,70,70,70,70,70,70,70,70,70,70,70,70,70,70,70,70,70,70,70,70,70,70,70,70,70,70,70,70,70,70,70,70,70],"relics":["Ring of the Snake","Bag of Marbles","Orichalcum","Cursed Key","Omamori","Question Card","Bag of Preparation","Eternal Feather","Toolbox","Bottled Lightning"],"card_choices":[{"not_picked":["Dagger Throw","Bane"],"picked":"Bouncing Flask","floor":1},{"not_picked":["Flechettes","PiercingWail"],"picked":"Sucker Punch","floor":2},{"not_picked":["Eviscerate","Dagger Spray"],"picked":"Envenom","floor":8},{"not_picked":["Escape Plan","Flying Knee"],"picked":"Deflect","floor":11},{"not_picked":["Envenom","Night Terror"],"picked":"Adrenaline","floor":16},{"not_picked":["Sucker Punch","Outmaneuver"],"picked":"PiercingWail","floor":18},{"not_picked":["Acrobatics","Dagger Throw"],"picked":"Dagger Spray","floor":19},{"not_picked":["Escape Plan","Eviscerate"],"picked":"Cloak And Dagger","floor":21},{"not_picked":["All Out Attack","Poisoned Stab"],"picked":"Dodge and Roll","floor":22},{"not_picked":["Expertise","Cloak And Dagger","Quick Slash"],"picked":"Malaise","floor":27},{"not_picked":["Setup","Infinite Blades","Eviscerate"],"picked":"Caltrops","floor":31},{"not_picked":["Doppelganger","Adrenaline","Die Die Die"],"picked":"A Thousand Cuts","floor":33},{"not_picked":["Caltrops","Leg Sweep","Sucker Punch"],"picked":"Terror","floor":41},{"not_picked":["A Thousand Cuts","PiercingWail","Heel Hook"],"picked":"Cloak And Dagger","floor":42},{"not_picked":["Setup","Flying Knee","Backflip"],"picked":"Bane","floor":46},{"not_picked":["Cloak And Dagger","Poisoned Stab","Footwork"],"picked":"Escape Plan","floor":48}],"player_experience":548821,"potions_floor_usage":[18,21,27,42,42,48,50],"damage_taken":[{"damage":0,"enemies":"2 Louse","floor":1,"turns":3},{"damage":0,"enemies":"Jaw Worm","floor":2,"turns":5},{"damage":0,"enemies":"Small Slimes","floor":5,"turns":3},{"damage":0,"enemies":"2 Fungi Beasts","floor":8,"turns":3},{"damage":1,"enemies":"3 Louse","floor":11,"turns":2},{"damage":19,"enemies":"Hexaghost","floor":16,"turns":8},{"damage":0,"enemies":"Chosen","floor":18,"turns":3},{"damage":0,"enemies":"Spheric Guardian","floor":19,"turns":5},{"damage":0,"enemies":"Snecko","floor":21,"turns":3},{"damage":9,"enemies":"Snake Plant","floor":22,"turns":4},{"damage":11,"enemies":"Cultist and Chosen","floor":27,"turns":5},{"damage":0,"enemies":"Centurion and Healer","floor":29,"turns":6},{"damage":7,"enemies":"Gremlin Leader","floor":31,"turns":6},{"damage":39,"enemies":"Champ","floor":33,"turns":12},{"damage":0,"enemies":"3 Shapes","floor":35,"turns":3},{"damage":0,"enemies":"Orb Walker","floor":37,"turns":3},{"damage":12,"enemies":"4 Shapes","floor":41,"turns":5},{"damage":25,"enemies":"2 Orb Walkers","floor":42,"turns":3},{"damage":9,"enemies":"Maw","floor":46,"turns":8},{"damage":10,"enemies":"3 Darklings","floor":48,"turns":5},{"damage":21,"enemies":"Time Eater","floor":50,"turns":13}],"event_choices":[{"event_name":"Living Wall","player_choice":"Grow","floor":3,"damage_taken":0},{"event_name":"Match and Keep!","player_choice":"2 cards matched","floor":4,"damage_taken":0},{"event_name":"Transmorgrifier","player_choice":"Transform","floor":12,"damage_taken":0},{"event_name":"World of Goop","player_choice":"Left","floor":14,"damage_taken":0},{"event_name":"Back to Basics","player_choice":"Simplicity","floor":20,"damage_taken":0},{"event_name":"Winding Halls","player_choice":"Embrace Madness","floor":39,"damage_taken":0},{"event_name":"Mysterious Sphere","player_choice":"Ignore","floor":45,"damage_taken":0}],"boss_relics":[{"not_picked":["Pandora\u0027s Box","Orrery"],"picked":"Cursed Key"},{"not_picked":["Runic Pyramid","Black Star"],"picked":"Eternal Feather"}],"potions_floor_spawned":[1,8,11,22,29,33,41,48],"seed_played":"1045229075707098331","ascension_level":0,"is_trial":false}