{"path_per_floor":["M","M","M","?","M","R","E","R","T","E","M","?","E","M","R","B",null,"M","M","M","$","?","R","E","R","T","E","M","R","$","M","R","B",null,"M","?","M","M","M","R","E","R","T","M","M","M","M","M","R","B"],"character_chosen":"DEFECT","items_purchased":["Molten Egg 2"],"gold_per_floor":[12,25,36,36,49,49,81,81,108,139,158,179,209,229,229,326,326,281,281,281,19,19,19,19,19,19,19,19,19,19,19,19,19,19,19,19,19,19,19,19,19,19,19,19,19,19,19,19,19,19],"floor_reached":51,"campfire_rested":1,"playtime":3842,"item_purchase_floors":[21],"current_hp_per_floor":[80,73,80,85,81,81,47,47,47,37,44,50,50,56,56,42,81,88,94,93,93,93,93,93,93,93,71,71,71,71,73,73,37,80,80,80,80,65,65,65,58,58,58,57,57,57,57,57,85,71],"items_purged":[],"gold":19,"score":1093,"play_id":"fa543701-6cca-4e4a-8883-e0ddafcbd0df","local_time":"20180616220816","is_prod":false,"is_daily":false,"chose_seed":false,"is_ascension_mode":true,"campfire_upgraded":9,"win_rate":0,"timestamp":1529179696,"campfire_choices":[{"data":"Zap","floor":6,"key":"SMITH"},{"data":"Defragment","floor":8,"key":"SMITH"},{"data":"Glacier","floor":15,"key":"SMITH"},{"data":"Biased Cognition","floor":23,"key":"SMITH"},{"data":"Dualcast","floor":25,"key":"SMITH"},{"data":"Electrodynamics","floor":29,"key":"SMITH"},{"data":"Barrage","floor":32,"key":"SMITH"},{"data":"Echo Form","floor":40,"key":"SMITH"},{"data":"Glacier","floor":42,"key":"SMITH"},{"floor":49,"key":"REST"}],"path_taken":["M","M","M","?","M","R","E","R","T","E","M","?","E","M","R","BOSS","M","M","M","$","?","R","E","R","T","E","M","R","$","?","R","BOSS","M","?","M","M","M","R","E","R","T","M","?","M","?","M","R","BOSS"],"build_version":"2018-06-14v2","seed_source_timestamp":29311446721620,"purchased_purges":0,"victory":true,"master_deck":["Strike_B","Strike_B","Strike_B","Strike_B","Defend_B+1","Defend_B","Defend_B","Defend_B","Zap+1","Dualcast+1","Hologram","Self Repair","Defragment+1","Glacier+1","Electrodynamics+1","Chill+1","Barrage+1","Glacier+1","Chill","Cold Snap","Biased Cognition+1","Leap+1","Coolheaded+1","Rebound+1","FTL+1","Compile Driver+1","Go for the Eyes+1","Sweeping Beam+1","Echo Form+1","Compile Driver+1","Doom and Gloom+1","Compile Driver+1","FTL+1","Sweeping Beam+1","Consume+1","Consume","Hologram+1","Hello World+1","FTL+1"],"max_hp_per_floor":[89,89,89,94,94,94,94,94,94,94,94,94,94,94,94,94,94,94,94,94,94,94,94,94,94,94,94,94,94,94,94,94,94,94,94,94,94,94,94,94,94,94,94,94,94,94,94,94,94,94],"relics":["Cracked Core","Bag of Marbles","Boot","Lantern","Odd Mushroom","Cables","Ectoplasm","Molten Egg 2","Pen Nib","Orichalcum","Anchor","Inserter","War Paint","Vajra"],"card_choices":[{"not_picked":["Conserve Battery","Melter"],"picked":"Hologram","floor":1},{"not_picked":["Rebound","Turbo"],"picked":"Self Repair","floor":2},{"not_picked":["Scrape","Auto Shields"],"picked":"Defragment","floor":3},{"not_picked":["Loop","Defragment"],"picked":"Glacier","floor":5},{"not_picked":["Consume","Amplify"],"picked":"Electrodynamics","floor":7},{"not_picked":["Static Discharge","Hologram"],"picked":"Chill","floor":10},{"not_picked":["Streamline","Beam Cell"],"picked":"Barrage","floor":11},{"not_picked":["Steam","Aggregate"],"picked":"Glacier","floor":12},{"not_picked":["Beam Cell","Streamline"],"picked":"Chill","floor":13},{"not_picked":["Reprogram","Loop"],"picked":"Cold Snap","floor":14},{"not_picked":["Core Surge","Amplify"],"picked":"Biased Cognition","floor":16},{"not_picked":["Rip and Tear","Compile Driver+1"],"picked":"Leap+1","floor":18},{"not_picked":["Streamline","BootSequence+1"],"picked":"Coolheaded+1","floor":19},{"not_picked":["Redo","Beam Cell+1"],"picked":"Rebound+1","floor":20},{"not_picked":["Streamline+1","Coolheaded"],"picked":"FTL+1","floor":24},{"not_picked":["Melter+1","Stack"],"picked":"Compile Driver+1","floor":27},{"not_picked":["Recycle","Steam"],"picked":"Go for the Eyes+1","floor":28},{"not_picked":["Melter+1","Streamline+1"],"picked":"Sweeping Beam+1","floor":31},{"not_picked":["Meteor Strike+1","Thunder Strike+1"],"picked":"Echo Form","floor":33},{"not_picked":["Rebound+1","Sweeping Beam+1"],"picked":"Compile Driver+1","floor":35},{"not_picked":["Stack","Amplify"],"picked":"Doom and Gloom+1","floor":37},{"not_picked":["Sweeping Beam+1","Streamline+1"],"picked":"Compile Driver+1","floor":38},{"not_picked":["Melter+1","Turbo"],"picked":"FTL+1","floor":39},{"not_picked":["Self Repair+1","Go for the Eyes+1"],"picked":"Sweeping Beam+1","floor":41},{"not_picked":["Rip and Tear+1","Cold Snap+1"],"picked":"Consume+1","floor":44},{"not_picked":["Go for the Eyes+1","Barrage+1"],"picked":"Consume","floor":45},{"not_picked":["Rebound+1","Cold Snap+1"],"picked":"Hologram+1","floor":46},{"not_picked":["Sweeping Beam+1","Reprogram"],"picked":"Hello World+1","floor":47},{"not_picked":["BootSequence","Beam Cell+1"],"picked":"FTL+1","floor":48}],"player_experience":756097,"potions_floor_usage":[3,7,7,18,20,24,24,48,50,50],"damage_taken":[{"damage":2,"enemies":"Jaw Worm","floor":1,"turns":3},{"damage":7,"enemies":"Small Slimes","floor":2,"turns":4},{"damage":0,"enemies":"Cultist","floor":3,"turns":3},{"damage":11,"enemies":"Blue Slaver","floor":5,"turns":5},{"damage":34,"enemies":"Gremlin Nob","floor":7,"turns":5},{"damage":17,"enemies":"Lagavulin","floor":10,"turns":8},{"damage":0,"enemies":"Looter","floor":11,"turns":3},{"damage":1,"floor":12,"turns":2},{"damage":0,"enemies":"Gremlin Nob","floor":13,"turns":4},{"damage":1,"enemies":"Exordium Thugs","floor":14,"turns":4},{"damage":21,"enemies":"Hexaghost","floor":16,"turns":12},{"damage":0,"enemies":"2 Thieves","floor":18,"turns":3},{"damage":0,"enemies":"Shell Parasite","floor":19,"turns":6},{"damage":8,"enemies":"Centurion and Healer","floor":20,"turns":5},{"damage":0,"enemies":"Slavers","floor":24,"turns":4},{"damage":29,"enemies":"Gremlin Leader","floor":27,"turns":13},{"damage":0,"enemies":"Chosen and Byrds","floor":28,"turns":3},{"damage":5,"enemies":"3 Cultists","floor":31,"turns":4},{"damage":43,"enemies":"Champ","floor":33,"turns":9},{"damage":0,"enemies":"Orb Walker","floor":35,"turns":3},{"damage":0,"enemies":"3 Shapes","floor":37,"turns":3},{"damage":15,"enemies":"Maw","floor":38,"turns":6},{"damage":0,"enemies":"Sphere and 2 Shapes","floor":39,"turns":4},{"damage":7,"enemies":"Giant Head","floor":41,"turns":8},{"damage":1,"enemies":"3 Darklings","floor":44,"turns":3},{"damage":0,"enemies":"Maw","floor":45,"turns":7},{"damage":0,"enemies":"4 Shapes","floor":46,"turns":3},{"damage":0,"enemies":"Sphere and 2 Shapes","floor":47,"turns":1},{"damage":0,"enemies":"3 Darklings","floor":48,"turns":3},{"damage":14,"enemies":"Donu and Deca","floor":50,"turns":7}],"relics_obtained":[{"floor":7,"key":"Bag of Marbles"},{"floor":9,"key":"Boot"},{"floor":10,"key":"Lantern"},{"floor":12,"key":"Odd Mushroom"},{"floor":13,"key":"Cables"},{"floor":24,"key":"Pen Nib"},{"floor":26,"key":"Orichalcum"},{"floor":27,"key":"Anchor"},{"floor":41,"key":"War Paint"},{"floor":43,"key":"Vajra"}],"event_choices":[{"event_name":"Big Fish","player_choice":"Donut","floor":4,"damage_taken":0},{"event_name":"Mushrooms","player_choice":"Fought Mushrooms","floor":12,"damage_taken":0},{"event_name":"Match and Keep!","player_choice":"1 cards matched","floor":22,"damage_taken":0},{"event_name":"Falling","player_choice":"Removed Attack","floor":36,"damage_taken":0}],"boss_relics":[{"not_picked":["Orrery","Snecko Eye"],"picked":"Ectoplasm"},{"not_picked":["Tiny House","Empty Cage"],"picked":"Inserter"}],"items_purged_floors":[],"is_endless":false,"potions_floor_spawned":[2,3,5,12,14,16,18,19,24,35,37,45],"seed_played":"-4407608520921304341","ascension_level":8,"potions_obtained":[{"floor":2,"key":"FearPotion"},{"floor":3,"key":"Block Potion"},{"floor":5,"key":"Strength Potion"},{"floor":12,"key":"Swift Potion"},{"floor":14,"key":"Block Potion"},{"floor":16,"key":"LiquidBronze"},{"floor":18,"key":"Poison Potion"},{"floor":19,"key":"Swift Potion"},{"floor":24,"key":"PowerPotion"},{"floor":35,"key":"Poison Potion"},{"floor":37,"key":"Explosive Potion"}],"is_trial":false}