{"path_per_floor":["M","?","M","M","M","E","R","M","T","R","M","M","M","$","R","B",null,"M","?","$","?","M","E","R","M","T","R","E","?","$","M","R","B",null,"M","?","?","$","M","R","$","M","T","R","$","?","M","M","R"],"character_chosen":"THE_SILENT","items_purchased":["Accuracy","Sucker Punch","Slice","Bag of Preparation","Footwork","Accuracy","Noxious Fumes"],"gold_per_floor":[112,167,177,190,207,241,241,257,257,257,276,289,299,51,51,156,156,175,175,28,28,46,71,71,91,91,91,121,121,82,97,97,192,192,205,205,205,29,49,49,49,68,91,91,12,12,29,44,44,44],"floor_reached":50,"campfire_rested":4,"playtime":2616,"current_hp_per_floor":[68,68,68,68,58,56,56,56,56,56,51,43,33,33,54,22,70,69,69,69,69,69,47,47,36,36,57,37,21,21,13,34,29,70,65,65,65,65,65,65,65,36,36,57,57,76,65,56,56,0],"items_purged":["Strike_G","Strike_G"],"gold":44,"score":484,"play_id":"60fdfccf-0ded-492b-a657-3c7955d5b046","local_time":"20180422171954","is_prod":false,"is_daily":false,"chose_seed":false,"is_ascension_mode":false,"campfire_upgraded":5,"timestamp":1524410394,"path_taken":["M","?","M","M","M","E","R","?","T","R","M","?","M","$","R","BOSS","M","?","$","?","M","E","R","M","T","R","E","?","?","?","R","BOSS","M","?","?","?","M","R","$","?","T","R","?","?","M","M","R","BOSS"],"build_version":"2018-04-19","seed_source_timestamp":0,"purchased_purges":2,"victory":false,"master_deck":["Defend_G","Defend_G","Defend_G","Defend_G","Defend_G","Strike_G","Strike_G","Strike_G","Survivor","Neutralize","Backstab","Footwork","Sucker Punch+1","Dodge and Roll","Dodge and Roll","Infinite Blades+1","Cloak And Dagger+1","Infinite Blades","Accuracy","Sucker Punch","Glass Knife+1","Terror","Glass Knife+1","Slice+1","Deflect+1","Setup+1","Die Die Die","Footwork","Backflip","After Image","Accuracy","Noxious Fumes","Writhe","Deflect+1"],"max_hp_per_floor":[70,70,70,70,70,70,70,70,70,70,70,70,70,70,70,70,70,70,70,70,70,70,70,70,70,70,70,70,70,70,70,70,70,70,70,70,70,70,70,70,70,70,70,70,70,76,76,76,76,76],"relics":["Ring of the Snake","Bottled Flame","Sundial","Sozu","Bag of Preparation","Darkstone Periapt","Dead Branch","Girya","Nilry\u0027s Codex","Runic Dome","Art of War"],"card_choices":[{"not_picked":["Finisher","Dagger Spray"],"picked":"Backstab","floor":0.0},{"not_picked":["Poisoned Stab","Underhanded Strike"],"picked":"Footwork","floor":1.0},{"not_picked":["Dagger Spray","Well Laid Plans"],"picked":"Sucker Punch","floor":3.0},{"not_picked":["Dagger Throw","Outmaneuver"],"picked":"Dodge and Roll","floor":5.0},{"not_picked":["Phantasmal Killer","Underhanded Strike"],"picked":"Dodge and Roll","floor":6.0},{"not_picked":["Distraction","Accuracy"],"picked":"Infinite Blades","floor":8.0},{"not_picked":["Outmaneuver","Sucker Punch"],"picked":"Cloak And Dagger","floor":11.0},{"not_picked":["Deadly Poison","Masterful Stab"],"picked":"Infinite Blades","floor":12.0},{"not_picked":["Envenom","Tactician"],"picked":"Glass Knife","floor":16.0},{"not_picked":["Finisher","Infinite Blades"],"picked":"Terror","floor":18.0},{"not_picked":["Quick Slash","Acrobatics"],"picked":"Slice","floor":22.0},{"not_picked":["Flying Knee","Sucker Punch"],"picked":"Deflect","floor":23.0},{"not_picked":["Bane","Acrobatics"],"picked":"Setup","floor":25.0},{"not_picked":["Sucker Punch","Prepared"],"picked":"Die Die Die","floor":28.0},{"not_picked":["Bane","Underhanded Strike"],"picked":"Backflip","floor":31.0},{"not_picked":["Grand Finale","Wraith Form v2"],"picked":"After Image","floor":33.0},{"not_picked":["Riddle With Holes","Heel Hook"],"picked":"Deflect","floor":48.0}],"player_experience":508546,"potions_floor_usage":[50],"damage_taken":[{"damage":2.0,"enemies":"Small Slimes","floor":1.0,"turns":4.0},{"damage":0.0,"enemies":"2 Louse","floor":3.0,"turns":2.0},{"damage":0.0,"enemies":"Cultist","floor":4.0,"turns":3.0},{"damage":10.0,"enemies":"Red Slaver","floor":5.0,"turns":5.0},{"damage":2.0,"enemies":"3 Sentries","floor":6.0,"turns":8.0},{"damage":0.0,"enemies":"Exordium Wildlife","floor":8.0,"turns":10.0},{"damage":5.0,"enemies":"Exordium Thugs","floor":11.0,"turns":7.0},{"damage":8.0,"enemies":"Gremlin Gang","floor":12.0,"turns":4.0},{"damage":10.0,"enemies":"Large Slime","floor":13.0,"turns":5.0},{"damage":32.0,"enemies":"Slime Boss","floor":16.0,"turns":12.0},{"damage":1.0,"enemies":"Chosen","floor":18.0,"turns":5.0},{"damage":0.0,"enemies":"3 Byrds","floor":22.0,"turns":5.0},{"damage":22.0,"enemies":"Slavers","floor":23.0,"turns":7.0},{"damage":11.0,"enemies":"Snecko","floor":25.0,"turns":5.0},{"damage":20.0,"enemies":"Book of Stabbing","floor":28.0,"turns":4.0},{"damage":8.0,"enemies":"Centurion and Healer","floor":31.0,"turns":4.0},{"damage":5.0,"enemies":"Champ","floor":33.0,"turns":12.0},{"damage":5.0,"enemies":"Orb Walker","floor":35.0,"turns":3.0},{"damage":0.0,"enemies":"3 Shapes","floor":39.0,"turns":4.0},{"damage":29.0,"enemies":"Maw","floor":42.0,"turns":7.0},{"damage":11.0,"enemies":"4 Shapes","floor":47.0,"turns":7.0},{"damage":9.0,"enemies":"Sphere and 2 Shapes","floor":48.0,"turns":8.0},{"damage":57,"enemies":"Time Eater","floor":50,"turns":10}],"event_choices":[{"event_name":"Golden Wing","player_choice":"Gained Gold","floor":2.0,"damage_taken":0.0},{"event_name":"Duplicator","player_choice":"One dupe","floor":19.0,"damage_taken":0.0},{"event_name":"The Lab","player_choice":"Got Potions","floor":21.0,"damage_taken":0.0},{"event_name":"Cursed Tome","player_choice":"Obtained Book","floor":29.0,"damage_taken":0.0},{"event_name":"Match and Keep!","player_choice":"0 cards matched","floor":37.0,"damage_taken":0.0},{"event_name":"Winding Halls","player_choice":"Writhe","floor":46.0,"damage_taken":0.0}],"boss_relics":[],"potions_floor_spawned":[3,5,11,12,13,16,25,28,31,33,47],"seed_played":"1199798488609476834","killed_by":"Time Eater","ascension_level":0,"is_trial":false}