{"path_per_floor":["M","?","M","M","?","E","?","?","T","M","M","$","M","E","R","B",null,"M","?","M","M","M","R","?","?","T","R","M","?","M","M","R"],"character_chosen":"THE_SILENT","items_purchased":["Lee\u0027s Waffle","Poisoned Stab"],"gold_per_floor":[118,118,137,151,151,187,187,287,287,306,325,76,92,127,127,246,284,302,252,273,286,310,310,310,310,337,337,360,360,376,390,390],"floor_reached":33,"campfire_rested":3,"playtime":4300,"current_hp_per_floor":[70,70,70,70,63,47,47,47,47,47,46,77,71,66,66,32,82,61,61,51,29,1,40,40,40,40,79,73,83,43,32,74],"items_purged":[],"gold":390,"score":299,"play_id":"366b8d1d-ab73-43d0-96ba-422422cea24a","local_time":"20180321105014","is_prod":false,"is_daily":false,"is_ascension_mode":true,"campfire_upgraded":1,"timestamp":1521625814,"path_taken":["M","?","?","M","?","E","?","?","T","M","?","$","M","E","R","BOSS","M","?","M","M","M","R","?","?","T","R","?","?","M","?","R","BOSS"],"build_version":"2018-03-15v3","purchased_purges":1,"victory":false,"master_deck":["Defend_G","Defend_G","Defend_G","Defend_G","Defend_G","Strike_G","Strike_G","Strike_G","Strike_G","Strike_G+1","Survivor","Neutralize","Blur+1","Backstab","Dodge and Roll","Sucker Punch","Deadly Poison","Dagger Spray","Poisoned Stab+1","Quick Slash","Slice","Storm of Steel","Leg Sweep","Noxious Fumes+1","Poisoned Stab","Bane","PiercingWail","Slice","Dagger Throw+1","Sucker Punch","Noxious Fumes","Poisoned Stab","Dash+1"],"max_hp_per_floor":[70,70,70,70,70,70,70,70,70,70,70,77,77,77,77,77,82,82,82,82,82,82,82,82,82,82,82,82,92,92,92,92],"relics":["Ring of the Snake","NeowsBlessing","Golden Idol","Omamori","Prayer Wheel","Lee\u0027s Waffle","Regal Pillow","Tiny House","Dream Catcher","Pear"],"card_choices":[{"not_picked":["Caltrops","Sucker Punch"],"picked":"Blur"},{"not_picked":["Dagger Throw","Catalyst"],"picked":"Backstab"},{"not_picked":["Acrobatics","Blade Dance"],"picked":"Dodge and Roll"},{"not_picked":["Malaise","Backflip"],"picked":"Sucker Punch"},{"not_picked":["Dagger Throw","Riddle With Holes"],"picked":"Deadly Poison"},{"not_picked":["Flechettes","Concentrate"],"picked":"Dagger Spray"},{"not_picked":["Outmaneuver","Underhanded Strike"],"picked":"Quick Slash"},{"not_picked":["Dodge and Roll","Dagger Spray"],"picked":"Slice"},{"not_picked":["Tactician","Venomology"],"picked":"Storm of Steel"},{"not_picked":["Deadly Poison","Escape Plan"],"picked":"Leg Sweep"},{"not_picked":["Deflect","Backflip"],"picked":"Noxious Fumes"},{"not_picked":["Choke","Underhanded Strike"],"picked":"Poisoned Stab"},{"not_picked":["Cloak And Dagger","Terror"],"picked":"Bane"},{"not_picked":["Expertise","Footwork"],"picked":"PiercingWail"},{"not_picked":["Underhanded Strike","Masterful Stab"],"picked":"Slice"},{"not_picked":["Deflect","Expertise"],"picked":"Dagger Throw"},{"not_picked":["Tactician","Predator"],"picked":"Sucker Punch"},{"not_picked":["Dodge and Roll","Quick Slash"],"picked":"Noxious Fumes"},{"not_picked":["Dodge and Roll","Riddle With Holes"],"picked":"Poisoned Stab"},{"not_picked":["Infinite Blades","Bane"],"picked":"Dash"}],"player_experience":243587,"potions_floor_usage":[16,16,16,20,28,33,33,33],"damage_taken":[{"damage":0,"enemies":"Small Slimes","floor":1,"turns":1},{"damage":0,"enemies":"2 Louse","floor":3,"turns":1},{"damage":0,"enemies":"Cultist","floor":4,"turns":1},{"damage":16,"enemies":"3 Sentries","floor":6,"turns":15},{"damage":0,"enemies":"Large Slime","floor":10,"turns":8},{"damage":1,"enemies":"3 Louse","floor":11,"turns":4},{"damage":6,"enemies":"2 Fungi Beasts","floor":13,"turns":3},{"damage":5,"enemies":"Lagavulin","floor":14,"turns":8},{"damage":49,"enemies":"Slime Boss","floor":16,"turns":17},{"damage":21,"enemies":"Spheric Guardian","floor":18,"turns":7},{"damage":10,"enemies":"Shell Parasite","floor":20,"turns":7},{"damage":22,"enemies":"Snecko","floor":21,"turns":7},{"damage":28,"enemies":"Sentry and Sphere","floor":22,"turns":6},{"damage":6,"enemies":"Centurion and Healer","floor":28,"turns":6},{"damage":40,"enemies":"Cultist and Chosen","floor":30,"turns":7},{"damage":11,"enemies":"Snake Plant","floor":31,"turns":4},{"damage":78,"enemies":"Champ","floor":33,"turns":12}],"event_choices":[{"event_name":"Golden Idol","player_choice":"Take Wound","floor":2,"damage_taken":0},{"event_name":"Golden Wing","player_choice":"Card Removal","floor":5,"damage_taken":0},{"event_name":"Upgrade Shrine","player_choice":"Upgraded","floor":7,"damage_taken":0},{"event_name":"Golden Shrine","player_choice":"Pray","floor":8,"damage_taken":0},{"event_name":"The Joust","player_choice":"Bet on Murderer","floor":19,"damage_taken":0},{"event_name":"Drug Dealer","player_choice":"Ignored","floor":24,"damage_taken":0},{"event_name":"Upgrade Shrine","player_choice":"Upgraded","floor":25,"damage_taken":0},{"event_name":"The Mausoleum","player_choice":"Yes","floor":29,"damage_taken":0}],"boss_relics":[{"not_picked":["Question Card","Snecko Eye"],"picked":"Tiny House"}],"potions_floor_spawned":[1,3,10,13,18,22,30,31],"seed_played":"-4429554190619223664","killed_by":"Champ","ascension_level":1,"is_trial":false}