{"gold_per_floor":[16,35,47,63,75,75,103,103,103,115,302,279,307,333,345,456,468,498,21,31,43,142,142,162,162,217,217,233,245,258,273,273,273],"floor_reached":33,"playtime":2358,"items_purged":["Doubt"],"score":255,"play_id":"15a95bb2-d394-4e0f-acc5-adae54b3fc2d","local_time":"20181206004017","is_ascension_mode":false,"campfire_choices":[{"data":"Poisoned Stab","floor":6,"key":"SMITH"},{"data":"Crippling Poison","floor":8,"key":"SMITH"},{"data":"Neutralize","floor":10,"key":"SMITH"},{"data":"Bane","floor":15,"key":"SMITH"},{"floor":23,"key":"REST"},{"data":"Calculated Gamble","floor":25,"key":"SMITH"},{"floor":32,"key":"REST"}],"neow_cost":"NO_GOLD","seed_source_timestamp":809028520639983,"circlet_count":0,"master_deck":["Defend_G","Defend_G","Defend_G","Defend_G","Defend_G","Strike_G","Strike_G","Strike_G","Strike_G","Strike_G","Survivor","Neutralize+1","The Bomb","Dramatic Entrance","Crippling Poison+1","Escape Plan","Calculated Gamble+1","Poisoned Stab+1","Bane+1","PiercingWail","A Thousand Cuts","Leg Sweep+1","Acrobatics","Backflip","Blur","Bane","Poisoned Stab","Blade Dance"],"relics":["Ring of the Serpent","Centennial Puzzle","MawBank","Bottled Tornado","Lantern","Happy Flower"],"potions_floor_usage":[14,20,24,28,29,29,33],"damage_taken":[{"damage":2,"enemies":"Cultist","floor":1,"turns":4},{"damage":0,"enemies":"Jaw Worm","floor":2,"turns":6},{"damage":1,"enemies":"2 Louse","floor":3,"turns":3},{"damage":4,"enemies":"Large Slime","floor":4,"turns":5},{"damage":3,"enemies":"Exordium Wildlife","floor":5,"turns":3},{"damage":18,"enemies":"3 Sentries","floor":7,"turns":5},{"damage":0,"enemies":"Exordium Thugs","floor":13,"turns":3},{"damage":5,"enemies":"Looter","floor":14,"turns":2},{"damage":44,"enemies":"The Guardian","floor":16,"turns":11},{"damage":14,"enemies":"2 Thieves","floor":18,"turns":3},{"damage":10,"enemies":"Spheric Guardian","floor":20,"turns":5},{"damage":1,"enemies":"Snake Plant","floor":21,"turns":5},{"damage":5,"enemies":"Chosen and Byrds","floor":24,"turns":6},{"damage":6,"enemies":"Snecko","floor":28,"turns":4},{"damage":10,"enemies":"Sentry and Sphere","floor":29,"turns":5},{"damage":1,"enemies":"Chosen and Byrds","floor":30,"turns":5},{"damage":6,"enemies":"Shelled Parasite and Fungi","floor":31,"turns":4},{"damage":50,"enemies":"Collector","floor":33,"turns":8}],"seed_played":"-6578417047499209814","potions_obtained":[{"floor":4,"key":"Ancient Potion"},{"floor":7,"key":"PowerPotion"},{"floor":16,"key":"SteroidPotion"},{"floor":20,"key":"Explosive Potion"},{"floor":21,"key":"EntropicBrew"},{"floor":31,"key":"Explosive Potion"}],"is_trial":false,"path_per_floor":["M","M","M","M","M","R","E","R","T","R","?","?","M","M","R","B",null,"M","$","M","M","?","R","M","R","T","?","M","M","M","M","R","B"],"character_chosen":"THE_SILENT","items_purchased":["Bottled Tornado","Lantern"],"campfire_rested":2,"item_purchase_floors":[19,19],"current_hp_per_floor":[68,68,67,63,60,60,42,42,42,42,42,59,59,54,54,10,70,56,56,46,45,45,66,61,61,61,61,55,45,44,38,59,9],"gold":273,"neow_bonus":"RANDOM_COLORLESS_2","is_prod":false,"is_daily":false,"chose_seed":false,"campfire_upgraded":5,"win_rate":0.0,"timestamp":1544010017,"path_taken":["M","M","?","M","M","R","E","R","T","R","?","?","M","M","R","BOSS","M","$","M","M","?","R","M","R","T","?","?","M","M","M","R","BOSS"],"build_version":"2018-11-15","purchased_purges":1,"victory":false,"max_hp_per_floor":[70,70,70,70,70,70,70,70,70,70,70,70,70,70,70,70,70,70,70,70,70,70,70,70,70,70,70,70,70,70,70,70,70],"card_choices":[{"not_picked":["Slice","Well Laid Plans"],"picked":"Crippling Poison","floor":1},{"not_picked":["All Out Attack","Cloak And Dagger"],"picked":"Escape Plan","floor":2},{"not_picked":["Underhanded Strike","Dagger Throw","Dodge and Roll"],"picked":"SKIP","floor":3},{"not_picked":["Endless Agony","Underhanded Strike"],"picked":"Calculated Gamble","floor":4},{"not_picked":["Prepared","Concentrate"],"picked":"Poisoned Stab","floor":5},{"not_picked":["Endless Agony","Dagger Spray"],"picked":"Bane","floor":7},{"not_picked":["All Out Attack","Infinite Blades","Finisher"],"picked":"SKIP","floor":13},{"not_picked":["Cloak And Dagger","Dagger Throw"],"picked":"PiercingWail","floor":14},{"not_picked":["Tools of the Trade","Grand Finale"],"picked":"A Thousand Cuts","floor":16},{"not_picked":["Dodge and Roll","Quick Slash"],"picked":"Leg Sweep+1","floor":18},{"not_picked":["Prepared+1","Sucker Punch+1","Dagger Throw"],"picked":"SKIP","floor":20},{"not_picked":["Blade Dance","Concentrate+1"],"picked":"Acrobatics","floor":21},{"not_picked":["Blade Dance","Slice"],"picked":"Backflip","floor":24},{"not_picked":["Adrenaline","Deadly Poison"],"picked":"Blur","floor":28},{"not_picked":["Tactician","Calculated Gamble+1"],"picked":"Bane","floor":29},{"not_picked":["Caltrops","Dagger Throw"],"picked":"Poisoned Stab","floor":30},{"not_picked":["Setup+1","Masterful Stab"],"picked":"Blade Dance","floor":31}],"player_experience":385723,"relics_obtained":[{"floor":7,"key":"Centennial Puzzle"},{"floor":9,"key":"MawBank"},{"floor":26,"key":"Happy Flower"}],"event_choices":[{"damage_healed":0,"gold_gain":175,"player_choice":"AGREE","damage_taken":0,"max_hp_gain":0,"max_hp_loss":0,"event_name":"Liars Game","floor":11,"gold_loss":0,"cards_obtained":["Doubt"]},{"damage_healed":17,"gold_gain":0,"player_choice":"Healed","damage_taken":0,"max_hp_gain":0,"max_hp_loss":0,"event_name":"The Cleric","floor":12,"gold_loss":35},{"damage_healed":0,"gold_gain":99,"player_choice":"Stole From Cult","damage_taken":0,"max_hp_gain":0,"max_hp_loss":0,"event_name":"Nest","floor":22,"gold_loss":0},{"damage_healed":0,"gold_gain":0,"player_choice":"Ignored","damage_taken":0,"max_hp_gain":0,"max_hp_loss":0,"event_name":"Ghosts","floor":27,"gold_loss":0}],"is_beta":false,"boss_relics":[{"not_picked":["Runic Pyramid","Eternal Feather"],"picked":"Ring of the Serpent"}],"items_purged_floors":[19],"is_endless":false,"potions_floor_spawned":[4,7,16,20,21,28,31],"killed_by":"Collector","ascension_level":0}