{"gold_per_floor":[111,123,23,40,40,40,72,72,102,102,102,102,102,131,131,227,227,237,237,237,109,34,34,34,61,112,125,125,158,158,192,192,192],"floor_reached":33,"playtime":1155,"items_purged":["Strike_G","Strike_G"],"score":473,"play_id":"e757832b-ca1f-41a5-9d09-bf16e792aac8","local_time":"20190201231700","is_ascension_mode":true,"campfire_choices":[{"data":"Poisoned Stab","floor":6,"key":"SMITH"},{"data":"Crippling Poison","floor":8,"key":"SMITH"},{"floor":13,"key":"REST"},{"data":"Neutralize","floor":15,"key":"SMITH"},{"floor":23,"key":"REST"},{"floor":28,"key":"REST"},{"floor":30,"key":"REST"},{"floor":32,"key":"REST"}],"neow_cost":"NONE","seed_source_timestamp":35825912678800,"circlet_count":0,"master_deck":["AscendersBane","Defend_G","Defend_G","Defend_G","Defend_G+1","Strike_G","Survivor","Neutralize+1","Dagger Spray+1","Poisoned Stab+1","Poisoned Stab","Crippling Poison+1","PiercingWail","Venomology","PiercingWail","Crippling Poison","Footwork","Terror"],"relics":["Ring of the Snake","Ancient Tea Set","Gremlin Horn","Tiny Chest","Smiling Mask","Lizard Tail","Darkstone Periapt","Bag of Marbles","Kunai","Molten Egg 2"],"potions_floor_usage":[16,16,25,29,31,33],"damage_taken":[{"damage":1,"enemies":"2 Louse","floor":1,"turns":4},{"damage":0,"enemies":"Small Slimes","floor":2,"turns":5},{"damage":3,"enemies":"Jaw Worm","floor":4,"turns":5},{"damage":10,"enemies":"3 Sentries","floor":7,"turns":8},{"damage":9,"enemies":"Lagavulin","floor":14,"turns":5},{"damage":38,"enemies":"Slime Boss","floor":16,"turns":9},{"damage":1,"enemies":"3 Byrds","floor":18,"turns":4},{"damage":26,"enemies":"Slavers","floor":25,"turns":5},{"damage":13,"enemies":"2 Thieves","floor":27,"turns":4},{"damage":20,"enemies":"Gremlin Leader","floor":29,"turns":7},{"damage":47,"enemies":"Book of Stabbing","floor":31,"turns":9},{"damage":65,"enemies":"Automaton","floor":33,"turns":12}],"seed_played":"4109127964776440669","potions_obtained":[{"floor":4,"key":"Poison Potion"},{"floor":14,"key":"Strength Potion"}],"is_trial":false,"path_per_floor":["M","M","$","M","?","R","E","R","T","?","?","?","R","E","R","B",null,"M","?","?","$","?","R","$","E","T","M","R","E","R","E","R","B"],"character_chosen":"THE_SILENT","items_purchased":["Poisoned Stab","Crippling Poison"],"campfire_rested":5,"item_purchase_floors":[3,21],"current_hp_per_floor":[62,62,62,59,59,59,49,49,49,42,42,28,49,40,40,2,53,52,39,39,39,39,61,61,35,35,22,44,24,46,37,59,0],"gold":192,"neow_bonus":"RANDOM_COMMON_RELIC","is_prod":false,"is_daily":false,"chose_seed":false,"campfire_upgraded":3,"win_rate":0,"timestamp":1549055820,"path_taken":["M","M","$","M","?","R","E","R","T","?","?","?","R","E","R","BOSS","M","?","?","$","?","R","?","E","T","M","R","E","R","E","R","BOSS"],"build_version":"2019-01-23","purchased_purges":2,"victory":false,"max_hp_per_floor":[70,70,70,70,70,70,70,70,70,70,70,70,70,70,70,70,70,70,75,75,75,75,75,75,75,75,75,75,75,75,75,75,75],"card_choices":[{"not_picked":["Quick Slash","Infinite Blades"],"picked":"Dagger Spray","floor":1},{"not_picked":["Cloak And Dagger","Concentrate","Underhanded Strike"],"picked":"SKIP","floor":2},{"not_picked":["Dagger Spray","Quick Slash"],"picked":"Poisoned Stab","floor":4},{"not_picked":["Dagger Throw","Cloak And Dagger"],"picked":"Crippling Poison","floor":7},{"not_picked":["Escape Plan","Flechettes"],"picked":"PiercingWail","floor":14},{"not_picked":["Grand Finale","Phantasmal Killer"],"picked":"Venomology","floor":16},{"not_picked":["Underhanded Strike+1","Deadly Poison"],"picked":"PiercingWail","floor":18},{"not_picked":["Outmaneuver","Dagger Throw+1","Choke"],"picked":"SKIP","floor":25},{"not_picked":["Slice","Escape Plan","Eviscerate"],"picked":"SKIP","floor":27},{"not_picked":["Quick Slash","Dagger Spray"],"picked":"Footwork","floor":29},{"not_picked":["Backflip","Acrobatics+1"],"picked":"Terror","floor":31}],"player_experience":553823,"relics_obtained":[{"floor":7,"key":"Gremlin Horn"},{"floor":9,"key":"Tiny Chest"},{"floor":14,"key":"Smiling Mask"},{"floor":25,"key":"Darkstone Periapt"},{"floor":26,"key":"Bag of Marbles"},{"floor":29,"key":"Kunai"},{"floor":31,"key":"Molten Egg 2"}],"event_choices":[{"damage_healed":0,"gold_gain":0,"player_choice":"Leave","damage_taken":0,"max_hp_gain":0,"max_hp_loss":0,"event_name":"The Cleric","floor":5,"gold_loss":0},{"cards_removed":["Strike_G"],"damage_healed":0,"gold_gain":0,"player_choice":"Card Removal","damage_taken":7,"max_hp_gain":0,"max_hp_loss":0,"event_name":"Golden Wing","floor":10,"gold_loss":0},{"cards_removed":["Strike_G"],"damage_healed":0,"gold_gain":0,"player_choice":"Forget","damage_taken":0,"max_hp_gain":0,"max_hp_loss":0,"event_name":"Living Wall","floor":11,"gold_loss":0},{"damage_healed":0,"gold_gain":0,"player_choice":"Entered Light","damage_taken":14,"max_hp_gain":0,"max_hp_loss":0,"event_name":"Shining Light","floor":12,"gold_loss":0,"cards_upgraded":["Defend_G","Dagger Spray"]},{"damage_healed":0,"gold_gain":0,"player_choice":"Shed Blood","damage_taken":18,"max_hp_gain":5,"max_hp_loss":0,"event_name":"Forgotten Altar","floor":19,"gold_loss":0},{"damage_healed":0,"gold_gain":0,"player_choice":"Ignored","damage_taken":0,"max_hp_gain":0,"max_hp_loss":0,"event_name":"Ghosts","floor":20,"gold_loss":0},{"cards_removed":["Defend_G"],"damage_healed":0,"gold_gain":0,"player_choice":"Gave Gold","damage_taken":0,"max_hp_gain":0,"max_hp_loss":0,"event_name":"Beggar","floor":22,"gold_loss":75}],"is_beta":false,"boss_relics":[{"not_picked":["Calling Bell","Cursed Key"],"picked":"Lizard Tail"}],"items_purged_floors":[3,21],"is_endless":false,"potions_floor_spawned":[4,14],"killed_by":"Automaton","ascension_level":11}