{"path_per_floor":["M","?","$","M","?","R","E","M","T","M","R","?","$","M","R","B",null,"M","M","$","?","T","E","?","M","T","M","T","M","M","M","R","B",null,"M","$","M","?","M","R","M","T","T","$","M","?","T","M","R","B"],"character_chosen":"IRONCLAD","items_purchased":["Armaments","Paper Frog","Champion Belt","Strawberry","Dodecahedron","Explosive Potion","Ice Cream"],"gold_per_floor":[144,144,15,60,60,60,150,195,195,240,240,447,97,142,142,442,442,487,532,107,107,107,197,197,242,317,362,387,432,477,522,522,822,912,957,357,402,402,447,447,492,492,492,17,62,0,0,45,45,45],"floor_reached":51,"campfire_rested":6,"playtime":2065,"current_hp_per_floor":[80,64,64,67,67,75,43,45,45,46,70,44,44,46,65,30,65,62,64,64,64,64,65,65,63,63,65,65,63,65,63,60,58,65,65,72,72,72,72,67,67,67,67,67,67,67,67,67,62,46],"items_purged":["Defend_R","Regret","Strike_R","Defend_R","Reaper"],"gold":45,"score":721,"play_id":"f02ac9e7-1c0b-4a27-b118-3875e3967b1d","local_time":"20180315235043","daily_mods":["Time Dilation","Midas","Night Terrors"],"is_prod":false,"is_daily":true,"is_ascension_mode":false,"campfire_upgraded":0,"timestamp":1521154243,"path_taken":["M","?","$","M","?","R","E","M","T","M","R","?","$","?","R","BOSS","M","M","$","?","?","E","?","M","T","M","?","M","M","?","R","BOSS","M","$","?","?","M","R","M","?","T","?","?","?","?","M","R","BOSS"],"build_version":"2018-03-09","purchased_purges":5,"victory":true,"master_deck":["Strike_R+1","Strike_R","Strike_R","Bash+1","Seeing Red","Armaments","Offering+1","Whirlwind+1","Carnage+1","Sword Boomerang+1","Flex+1","Bash","Offering","Feed","Flex+1"],"max_hp_per_floor":[80,80,80,80,80,75,75,75,75,75,70,70,70,70,65,65,65,65,65,65,65,65,65,65,65,65,65,65,65,65,65,60,60,65,65,72,72,72,72,67,67,67,67,67,67,67,67,67,62,66],"relics":["Burning Blood","Anchor","Lantern","Omamori","Tiny Chest","Paper Frog","Astrolabe","Champion Belt","Ancient Tea Set","Ornamental Fan","Centennial Puzzle","War Paint","Tiny House","Strawberry","Dodecahedron","Magic Flower","Frozen Eye","Ice Cream","Red Mask","Red Skull"],"card_choices":[{"not_picked":["Bloodletting","Iron Wave"],"picked":"Seeing Red"},{"not_picked":["Ghostly Armor","Wild Strike"],"picked":"Offering"},{"not_picked":["Bloodletting","Armaments"],"picked":"Dropkick"},{"not_picked":["Exhume","Fiend Fire"],"picked":"Reaper"},{"not_picked":["Pommel Strike","Thunderclap"],"picked":"Flex"},{"not_picked":["Demon Form","Brutality"],"picked":"Feed"},{"not_picked":["True Grit","Cleave"],"picked":"Flex"}],"player_experience":152541,"potions_floor_usage":[7,16,23,23,33,39,50],"damage_taken":[{"damage":6,"enemies":"Jaw Worm","floor":1,"turns":3},{"damage":3,"enemies":"Small Slimes","floor":4,"turns":3},{"damage":38,"enemies":"Lagavulin","floor":7,"turns":6},{"damage":4,"enemies":"Cultist","floor":8,"turns":2},{"damage":5,"enemies":"Large Slime","floor":10,"turns":4},{"damage":32,"enemies":"3 Sentries","floor":12,"turns":8},{"damage":4,"enemies":"Exordium Thugs","floor":14,"turns":2},{"damage":41,"enemies":"Hexaghost","floor":16,"turns":8},{"damage":9,"enemies":"Spheric Guardian","floor":18,"turns":3},{"damage":4,"enemies":"Shell Parasite","floor":19,"turns":1},{"damage":4,"enemies":"Gremlin Leader","floor":23,"turns":4},{"damage":8,"enemies":"Chosen and Byrds","floor":25,"turns":3},{"damage":11,"enemies":"Cultist and Chosen","floor":27,"turns":3},{"damage":8,"enemies":"Snake Plant","floor":29,"turns":1},{"damage":4,"enemies":"Snecko","floor":30,"turns":2},{"damage":8,"enemies":"Centurion and Healer","floor":31,"turns":1},{"damage":8,"enemies":"Champ","floor":33,"turns":2},{"damage":1,"enemies":"3 Darklings","floor":35,"turns":2},{"damage":0,"enemies":"Orb Walker","floor":37,"turns":2},{"damage":5,"enemies":"Maw","floor":39,"turns":3},{"damage":8,"enemies":"3 Darklings","floor":41,"turns":1},{"damage":4,"enemies":"4 Shapes","floor":45,"turns":1},{"damage":8,"enemies":"Maw","floor":48,"turns":1},{"damage":31,"enemies":"Donu and Deca","floor":50,"turns":4}],"event_choices":[{"event_name":"Shining Light","player_choice":"Entered Light","floor":2,"damage_taken":0},{"event_name":"Big Fish","player_choice":"Box","floor":5,"damage_taken":0},{"event_name":"Dead Adventurer","player_choice":"Searched \u00272\u0027 times","floor":12,"damage_taken":0},{"event_name":"Match and Keep!","player_choice":"2 cards matched","floor":21,"damage_taken":0},{"event_name":"Duplicator","player_choice":"One dupe","floor":24,"damage_taken":0},{"event_name":"Tomb of Lord Red Mask","player_choice":"Paid","floor":46,"damage_taken":0}],"boss_relics":[{"not_picked":["Runic Pyramid","White Beast Statue"],"picked":"Astrolabe"},{"not_picked":["Question Card","Runic Dome"],"picked":"Tiny House"}],"potions_floor_spawned":[1,4,14,18,19,27,30,33,41,48],"seed_played":"-8839551872236863781","ascension_level":0,"is_trial":false}