{"gold_per_floor":[118,132,132,148,168,198,198,226,226,226],"floor_reached":10,"playtime":293,"items_purged":[],"score":152,"play_id":"ce250ef2-bada-4bbe-a091-b688bf205152","local_time":"20190112083926","is_ascension_mode":true,"campfire_choices":[{"data":"Trip","floor":7,"key":"SMITH"}],"neow_cost":"NONE","seed_source_timestamp":109795448966900,"circlet_count":0,"master_deck":["AscendersBane","Strike_B","Strike_B","Strike_B","Defend_B","Defend_B","Defend_B","Defend_B","Zap","Dualcast","Trip+1","Steam","Rebound","Undo","Sweeping Beam","Loop","Rainbow","Streamline"],"relics":["Cracked Core","Calipers","Question Card","The Courier"],"potions_floor_usage":[6,10],"damage_taken":[{"damage":0,"enemies":"Cultist","floor":1,"turns":2},{"damage":0,"enemies":"Small Slimes","floor":2,"turns":3},{"damage":0,"enemies":"2 Louse","floor":4,"turns":3},{"damage":0,"enemies":"Looter","floor":5,"turns":3},{"damage":8,"enemies":"Lagavulin","floor":6,"turns":6},{"damage":53,"enemies":"3 Sentries","floor":8,"turns":9},{"damage":33,"enemies":"Gremlin Nob","floor":10,"turns":3}],"seed_played":"3138483788444805831","potions_obtained":[{"floor":1,"key":"EssenceOfSteel"},{"floor":2,"key":"Strength Potion"}],"is_trial":false,"path_per_floor":["M","M","?","M","M","E","R","E","T","E"],"character_chosen":"DEFECT","items_purchased":[],"campfire_rested":0,"item_purchase_floors":[],"current_hp_per_floor":[64,64,64,64,64,56,56,3,3,0],"gold":226,"neow_bonus":"RANDOM_COLORLESS","is_prod":false,"is_daily":false,"chose_seed":false,"campfire_upgraded":1,"win_rate":0,"timestamp":1547249966,"path_taken":["M","M","?","?","M","E","R","E","T","E"],"build_version":"2019-01-10","purchased_purges":0,"victory":false,"max_hp_per_floor":[71,71,71,71,71,71,71,71,71,71],"card_choices":[{"not_picked":["Beam Cell","Undo"],"picked":"Steam","floor":1},{"not_picked":["Leap","Redo"],"picked":"Rebound","floor":2},{"not_picked":["Redo","Barrage"],"picked":"Sweeping Beam","floor":4},{"not_picked":["Hyperbeam","Chaos"],"picked":"Loop","floor":5},{"not_picked":["Cold Snap","Coolheaded"],"picked":"Rainbow","floor":6},{"not_picked":["Double Energy","Redo"],"picked":"Streamline","floor":8}],"player_experience":1034418,"relics_obtained":[{"floor":6,"key":"Calipers"},{"floor":8,"key":"Question Card"},{"floor":9,"key":"The Courier"}],"event_choices":[{"damage_healed":0,"gold_gain":0,"cards_transformed":["Strike_B"],"player_choice":"Transformed","damage_taken":0,"max_hp_gain":0,"max_hp_loss":0,"event_name":"Transmorgrifier","floor":3,"gold_loss":0,"cards_obtained":["Undo"]}],"is_beta":false,"boss_relics":[],"items_purged_floors":[],"is_endless":false,"potions_floor_spawned":[1,2],"killed_by":"Gremlin Nob","ascension_level":19}