{"gold_per_floor":[117,117,130,180,200,232,232,250,302,302],"floor_reached":10,"playtime":392,"items_purged":[],"score":133,"play_id":"d704109d-ca04-417a-9197-d9b413620f75","local_time":"20190201131141","is_ascension_mode":true,"campfire_choices":[{"floor":7,"key":"REST"}],"neow_cost":"NONE","seed_source_timestamp":71303087196300,"circlet_count":0,"master_deck":["AscendersBane","Strike_R","Strike_R","Strike_R","Strike_R","Defend_R","Defend_R","Defend_R","Defend_R","Bash","Shockwave","Metallicize","Sword Boomerang","Rampage","Cleave"],"relics":["Burning Blood","Mummified Hand","Potion Belt"],"potions_floor_usage":[10],"damage_taken":[{"damage":14,"enemies":"Jaw Worm","floor":1,"turns":6},{"damage":15,"enemies":"Small Slimes","floor":3,"turns":7},{"damage":3,"enemies":"Cultist","floor":5,"turns":5},{"damage":39,"enemies":"Gremlin Nob","floor":6,"turns":5},{"damage":4,"enemies":"Looter","floor":8,"turns":4},{"damage":55,"enemies":"Lagavulin Event","floor":10,"turns":6}],"seed_played":"6316294184174981348","potions_obtained":[{"floor":1,"key":"FearPotion"},{"floor":5,"key":"FearPotion"}],"is_trial":false,"path_per_floor":["M","?","M","?","M","E","R","M","T","?"],"character_chosen":"IRONCLAD","items_purchased":[],"campfire_rested":1,"item_purchase_floors":[],"current_hp_per_floor":[60,60,51,51,54,21,43,45,45,0],"gold":302,"neow_bonus":"REMOVE_CARD","is_prod":false,"is_daily":false,"chose_seed":false,"campfire_upgraded":0,"win_rate":0,"timestamp":1549044701,"path_taken":["M","?","M","?","?","E","R","M","T","?"],"build_version":"2019-01-23","purchased_purges":0,"victory":false,"max_hp_per_floor":[75,75,75,75,75,75,75,75,75,75],"card_choices":[{"not_picked":["Corruption","Armaments"],"picked":"Shockwave","floor":1},{"not_picked":["Rupture","Armaments"],"picked":"Metallicize","floor":3},{"not_picked":["Flex","Heavy Blade"],"picked":"Sword Boomerang","floor":5},{"not_picked":["Entrench","Sword Boomerang"],"picked":"Rampage","floor":6},{"not_picked":["Armaments","Warcry"],"picked":"Cleave","floor":8}],"player_experience":1154636,"relics_obtained":[{"floor":6,"key":"Mummified Hand"},{"floor":9,"key":"Potion Belt"}],"event_choices":[{"damage_healed":0,"gold_gain":0,"player_choice":"Leave","damage_taken":0,"max_hp_gain":0,"max_hp_loss":0,"event_name":"The Cleric","floor":2,"gold_loss":0},{"damage_healed":0,"gold_gain":50,"player_choice":"Pray","damage_taken":0,"max_hp_gain":0,"max_hp_loss":0,"event_name":"Golden Shrine","floor":4,"gold_loss":0},{"damage_healed":0,"gold_gain":0,"player_choice":"Searched \u00272\u0027 times","damage_taken":0,"max_hp_gain":0,"max_hp_loss":0,"event_name":"Dead Adventurer","floor":10,"gold_loss":0}],"is_beta":false,"boss_relics":[],"items_purged_floors":[],"is_endless":false,"potions_floor_spawned":[1,5],"killed_by":"Lagavulin Event","ascension_level":19}