{"gold_per_floor":[113,288,298,298,316,316,328,346,346,366,366,366,378,412,412,508,508,525,538,563,563,574,574,609,114,114,129,149,149,149,166,166,269,269,284,244,300,240,253,253,68,68,93,110,130,145,164,181,181,181],"floor_reached":51,"playtime":4286,"items_purged":["Deep Breath"],"score":1008,"play_id":"627f2c34-12e7-47a5-afba-9de318cbb418","local_time":"20181002203903","daily_mods":["Draft","Green Cards","Colorless Cards"],"is_ascension_mode":true,"campfire_choices":[{"data":"Whirlwind","floor":6,"key":"SMITH"},{"data":"Cloak And Dagger","floor":11,"key":"SMITH"},{"data":"True Grit","floor":15,"key":"SMITH"},{"data":"Flex","floor":23,"key":"SMITH"},{"data":"Heavy Blade","floor":29,"key":"SMITH"},{"data":"Terror","floor":32,"key":"SMITH"},{"floor":40,"key":"REST"},{"floor":49,"key":"REST"}],"neow_cost":"","seed_source_timestamp":0,"circlet_count":0,"master_deck":["AscendersBane","Blade Dance+1","Heavy Blade+1","Blind+1","Whirlwind+1","Blade Dance","True Grit+1","Backflip","Deflect","Cloak And Dagger+1","Sword Boomerang","Deflect","Metallicize","Deep Breath+1","Escape Plan","Storm of Steel","Power Through+1","Demon Form+1","Flash of Steel+1","Prepared+1","Chrysalis+1","Flex+1","Flame Barrier","Terror+1","Blur+1","Limit Break","Shrug It Off+1","Inflame","Riddle With Holes","Footwork","Bullet Time","Backflip+1"],"relics":["Burning Blood","Self Forming Clay","Regal Pillow","Question Card","Astrolabe","Anchor","Happy Flower","Bottled Tornado","Lee\u0027s Waffle","The Courier","Sozu","Tiny Chest","Blood Vial"],"potions_floor_usage":[10,14,24,31,33,35,50],"damage_taken":[{"damage":0,"enemies":"Cultist","floor":1,"turns":3},{"damage":0,"enemies":"Small Slimes","floor":3,"turns":4},{"damage":4,"enemies":"Jaw Worm","floor":5,"turns":4},{"damage":1,"enemies":"2 Fungi Beasts","floor":7,"turns":3},{"damage":1,"enemies":"Looter","floor":8,"turns":2},{"damage":0,"enemies":"Red Slaver","floor":10,"turns":2},{"damage":0,"enemies":"3 Louse","floor":13,"turns":1},{"damage":12,"enemies":"3 Sentries","floor":14,"turns":7},{"damage":31,"enemies":"Hexaghost","floor":16,"turns":14},{"damage":6,"enemies":"3 Byrds","floor":18,"turns":4},{"damage":24,"enemies":"Chosen","floor":19,"turns":8},{"damage":10,"enemies":"Shelled Parasite and Fungi","floor":22,"turns":5},{"damage":21,"enemies":"Slavers","floor":24,"turns":4},{"damage":15,"enemies":"3 Cultists","floor":27,"turns":4},{"damage":2,"enemies":"Cultist and Chosen","floor":28,"turns":4},{"damage":20,"enemies":"Sentry and Sphere","floor":31,"turns":4},{"damage":64,"enemies":"Automaton","floor":33,"turns":8},{"damage":36,"enemies":"3 Shapes","floor":35,"turns":2},{"damage":25,"enemies":"3 Darklings","floor":39,"turns":3},{"damage":0,"enemies":"Sphere and 2 Shapes","floor":44,"turns":4},{"damage":18,"enemies":"Maw","floor":45,"turns":5},{"damage":0,"enemies":"Spire Growth","floor":46,"turns":4},{"damage":17,"enemies":"Reptomancer","floor":47,"turns":4},{"damage":18,"enemies":"3 Darklings","floor":48,"turns":8},{"damage":58,"enemies":"Awakened One","floor":50,"turns":7}],"seed_played":"8177813708627030992","potions_obtained":[{"floor":1,"key":"SteroidPotion"},{"floor":7,"key":"FearPotion"},{"floor":10,"key":"Explosive Potion"},{"floor":27,"key":"Dexterity Potion"},{"floor":28,"key":"LiquidBronze"},{"floor":31,"key":"Block Potion"},{"floor":33,"key":"Explosive Potion"}],"is_trial":true,"path_per_floor":["M","?","M","?","M","R","M","M","T","M","R","?","M","E","R","B",null,"M","M","T","?","M","R","E","$","T","M","M","R","?","M","R","B",null,"M","?","T","$","M","R","$","?","T","M","M","M","M","M","R","B"],"character_chosen":"IRONCLAD","items_purchased":["Bottled Tornado","Terror","Lee\u0027s Waffle","Riddle With Holes","Footwork","Well Laid Plans"],"campfire_rested":2,"item_purchase_floors":[25,25,25,41,41,41],"current_hp_per_floor":[78,78,80,64,66,66,71,76,76,80,80,73,79,73,73,48,72,72,54,54,54,50,50,35,87,87,78,82,82,82,68,68,10,68,38,38,38,38,19,60,60,60,60,68,58,66,57,47,87,35],"gold":181,"neow_bonus":"","is_prod":false,"is_daily":false,"chose_seed":false,"campfire_upgraded":6,"win_rate":0,"timestamp":1538505543,"path_taken":["M","?","?","?","M","R","?","M","T","M","R","?","M","E","R","BOSS","M","M","?","?","M","R","E","$","T","M","M","R","?","M","R","BOSS","M","?","?","$","?","R","$","?","T","M","M","M","M","M","R","BOSS"],"build_version":"2018-09-27","purchased_purges":1,"victory":true,"max_hp_per_floor":[80,80,80,80,80,80,80,80,80,80,80,80,80,80,80,80,80,80,80,80,80,80,80,80,87,87,87,87,87,87,87,87,87,87,87,87,87,87,87,87,87,87,87,87,87,87,87,87,87,87],"card_choices":[{"not_picked":["Dark Shackles","Dagger Throw"],"picked":"Blade Dance","floor":0},{"not_picked":["Flying Knee","Bane"],"picked":"Heavy Blade","floor":0},{"not_picked":["Warcry","Outmaneuver"],"picked":"Blind","floor":0},{"not_picked":["Body Slam","Heavy Blade"],"picked":"Headbutt","floor":0},{"not_picked":["Dual Wield","Prepared"],"picked":"Whirlwind","floor":0},{"not_picked":["Clash","Perfected Strike"],"picked":"Blade Dance","floor":0},{"not_picked":["Heavy Blade","Clothesline"],"picked":"True Grit","floor":0},{"not_picked":["Twin Strike","Discovery"],"picked":"Backflip","floor":0},{"not_picked":["Concentrate","Entrench"],"picked":"Wild Strike","floor":0},{"not_picked":["Havoc","Heel Hook"],"picked":"Deflect","floor":0},{"not_picked":["Body Slam","PanicButton"],"picked":"Cloak And Dagger","floor":0},{"not_picked":["Pommel Strike","Prepared"],"picked":"Sword Boomerang","floor":0},{"not_picked":["Impatience","Underhanded Strike"],"picked":"Blade Dance","floor":0},{"not_picked":["Iron Wave","Body Slam"],"picked":"Deflect","floor":0},{"not_picked":["PanicButton","Outmaneuver"],"picked":"Metallicize","floor":0},{"not_picked":["Cleave","Anger"],"picked":"Deep Breath","floor":1},{"not_picked":["Bane","Purity","Pommel Strike"],"picked":"SKIP","floor":3},{"not_picked":["Cleave","Clash"],"picked":"Escape Plan","floor":5},{"not_picked":["Perfected Strike","Clothesline","Anger"],"picked":"SKIP","floor":7},{"not_picked":["Phantasmal Killer","Acrobatics"],"picked":"Deep Breath","floor":8},{"not_picked":["Forethought","Mind Blast","Distraction"],"picked":"SKIP","floor":10},{"not_picked":["Body Slam","Choke","Anger"],"picked":"SKIP","floor":13},{"not_picked":["Body Slam","Reflex","Power Through"],"picked":"SKIP","floor":14},{"not_picked":["Master of Strategy","Grand Finale","Violence"],"picked":"Storm of Steel","floor":16},{"not_picked":["Poisoned Stab+1","Underhanded Strike","Bane"],"picked":"Prepared+1","floor":18},{"not_picked":["Rampage","Shockwave","Pommel Strike"],"picked":"Chrysalis","floor":19},{"not_picked":["Sucker Punch","Blade Dance","True Grit"],"picked":"Flex","floor":22},{"not_picked":["Poisoned Stab+1","Slice","Havoc"],"picked":"Flame Barrier","floor":24},{"not_picked":["Forethought","Warcry","Terror+1","Finesse"],"picked":"SKIP","floor":27},{"not_picked":["Barricade","Enlightenment","Prepared","True Grit"],"picked":"SKIP","floor":28},{"not_picked":["Discovery","Warcry+1","Blade Dance+1"],"picked":"Blur+1","floor":31},{"not_picked":["Metamorphosis","Fiend Fire","The Bomb"],"picked":"Limit Break","floor":33},{"not_picked":["Perfected Strike+1","Iron Wave+1","Bane+1"],"picked":"Shrug It Off+1","floor":35},{"not_picked":["Sword Boomerang+1","Poisoned Stab+1","Forethought+1"],"picked":"Inflame","floor":39},{"not_picked":["Blade Dance+1","Heavy Blade+1","Cleave","Anger+1"],"picked":"SKIP","floor":44},{"not_picked":["Flying Knee+1","Pommel Strike","Outmaneuver+1","Flex+1"],"picked":"SKIP","floor":45},{"not_picked":["Headbutt+1","Iron Wave+1","Clothesline+1","Terror"],"picked":"SKIP","floor":46},{"not_picked":["Setup","Acrobatics","Rupture+1"],"picked":"Bullet Time","floor":47},{"not_picked":["Infernal Blade+1","Intimidate","Reflex+1"],"picked":"Backflip+1","floor":48}],"player_experience":786388,"relics_obtained":[{"floor":9,"key":"Self Forming Clay"},{"floor":14,"key":"Question Card"},{"floor":20,"key":"Anchor"},{"floor":24,"key":"Happy Flower"},{"floor":26,"key":"The Courier"},{"floor":37,"key":"Tiny Chest"},{"floor":43,"key":"Blood Vial"}],"event_choices":[{"event_name":"Liars Game","player_choice":"agreed","floor":2,"damage_taken":0},{"event_name":"Shining Light","player_choice":"Entered Light","floor":4,"damage_taken":0},{"event_name":"Scrap Ooze","player_choice":"success","floor":12,"damage_taken":7},{"event_name":"Cursed Tome","player_choice":"Ignored","floor":21,"damage_taken":0},{"event_name":"Back to Basics","player_choice":"Elegance","floor":30,"damage_taken":0},{"event_name":"Designer","player_choice":"Upgrade 2 Random Cards","floor":36,"damage_taken":0},{"event_name":"Falling","player_choice":"Removed Power","floor":42,"damage_taken":0}],"is_beta":false,"boss_relics":[{"not_picked":["Black Blood","Runic Dome"],"picked":"Astrolabe"},{"not_picked":["Orrery","Empty Cage"],"picked":"Sozu"}],"items_purged_floors":[38],"is_endless":false,"potions_floor_spawned":[1,7,10,27,28,31,33,39,44,45],"ascension_level":11}