{"gold_per_floor":[118,118,19,19,31,31,59,59,59,78,78],"floor_reached":11,"playtime":237,"items_purged":["Regret"],"score":142,"play_id":"3dbad067-5ddf-451c-bf22-e7710dc0ce49","local_time":"20190111125710","is_ascension_mode":true,"campfire_choices":[{"data":"True Grit","floor":6.0,"key":"SMITH"},{"data":"True Grit","floor":8.0,"key":"SMITH"}],"neow_cost":"NONE","seed_source_timestamp":640273671839119,"circlet_count":0,"master_deck":["AscendersBane","Strike_R","Strike_R","Strike_R","Strike_R","Strike_R","Defend_R","Defend_R","Defend_R","Defend_R","Bash","Wild Strike","True Grit+1","Pain","Flame Barrier","True Grit+1","Sever Soul"],"special_seed":0,"relics":["Mark of Pain","Potion Belt","WarpedTongs","Ornamental Fan","Darkstone Periapt"],"potions_floor_usage":[11,11],"damage_taken":[{"damage":5.0,"enemies":"2 Louse","floor":1.0,"turns":3.0},{"damage":1.0,"enemies":"Jaw Worm","floor":5.0,"turns":3.0},{"damage":17.0,"enemies":"3 Sentries","floor":7.0,"turns":8.0},{"damage":2,"enemies":"Cultist","floor":10,"turns":2},{"damage":45,"enemies":"Gremlin Nob","floor":11,"turns":4}],"seed_played":"6926261430016457147","potions_obtained":[{"floor":7.0,"key":"SkillPotion"},{"floor":10,"key":"Dexterity Potion"}],"is_trial":false,"path_per_floor":["M","?","$","?","M","R","E","R","T","M","E"],"character_chosen":"IRONCLAD","items_purchased":["True Grit"],"campfire_rested":0,"item_purchase_floors":[3],"current_hp_per_floor":[63,63,63,63,62,62,45,45,45,43,0],"gold":78,"neow_bonus":"BOSS_RELIC","is_prod":false,"is_daily":false,"chose_seed":false,"campfire_upgraded":2,"win_rate":0,"timestamp":1547240230,"path_taken":["M","?","$","?","M","R","E","R","T","M","E"],"build_version":"2019-01-10","purchased_purges":1,"victory":false,"max_hp_per_floor":[75,75,75,75,75,75,75,75,75,75,75],"card_choices":[{"not_picked":["Havoc","Clothesline"],"picked":"Wild Strike","floor":1.0},{"not_picked":["Second Wind","Heavy Blade"],"picked":"Flame Barrier","floor":5.0},{"not_picked":["Clash","Anger"],"picked":"True Grit","floor":7.0},{"not_picked":["Warcry","Sword Boomerang"],"picked":"Sever Soul","floor":10}],"player_experience":1010524,"relics_obtained":[{"floor":7.0,"key":"Ornamental Fan"},{"floor":9,"key":"Darkstone Periapt"}],"event_choices":[{"damage_healed":0.0,"max_hp_gain":0.0,"max_hp_loss":0.0,"gold_gain":0.0,"event_name":"Big Fish","player_choice":"Box","floor":2.0,"gold_loss":0.0,"damage_taken":0.0,"relics_obtained":["Potion Belt"],"cards_obtained":["Regret"]},{"damage_healed":0.0,"max_hp_gain":0.0,"max_hp_loss":0.0,"gold_gain":0.0,"event_name":"Accursed Blacksmith","player_choice":"Rummage","floor":4.0,"gold_loss":0.0,"damage_taken":0.0,"relics_obtained":["WarpedTongs"],"cards_obtained":["Pain"]}],"is_beta":true,"boss_relics":[],"items_purged_floors":[3],"is_endless":false,"potions_floor_spawned":[7,10],"killed_by":"Gremlin Nob","ascension_level":20}