{"gold_per_floor":[118,24,36,111,111,111,131,164,164,197,197,226,237,12,12,85,85,98,98,98,23,23,23,53,64,114,14,14,29,29,40,40,40],"floor_reached":33,"playtime":826,"items_purged":["Decay"],"score":536,"play_id":"1460f5c4-26e6-4bb8-b5e7-ce91cee3636a","local_time":"20180813232927","is_ascension_mode":true,"campfire_choices":[{"data":"Perfected Strike","floor":6.0,"key":"SMITH"},{"data":"Perfected Strike","floor":15,"key":"SMITH"},{"data":"Armaments","floor":23,"key":"SMITH"},{"data":"Limit Break","floor":28,"key":"SMITH"},{"data":"Uppercut","floor":30,"key":"SMITH"},{"floor":32,"key":"REST"}],"neow_cost":"NONE","seed_source_timestamp":7466795053050,"circlet_count":0,"master_deck":["Strike_R+1","Strike_R+1","Strike_R+1","Strike_R+1","Strike_R+1","Defend_R+1","Defend_R+1","Defend_R+1","Defend_R+1","Bash","AscendersBane","Inflame","Metallicize","Perfected Strike+1","Disarm+1","True Grit+1","Perfected Strike+1","Clothesline","Seeing Red","Pommel Strike","Power Through","Impervious","Armaments+1","Ghostly Armor","Limit Break+1","Shrug It Off","Uppercut+1","Twin Strike+1","Perfected Strike"],"special_seed":0,"relics":["Burning Blood","NeowsBlessing","Charon\u0027s Ashes","Mummified Hand","Ornamental Fan","Orichalcum","Darkstone Periapt","Medical Kit","Philosopher\u0027s Stone","War Paint","Omamori"],"potions_floor_usage":[13,18,18,25,33],"damage_taken":[{"damage":0.0,"enemies":"2 Louse","floor":1.0,"turns":1.0},{"damage":0.0,"enemies":"Jaw Worm","floor":3.0,"turns":1.0},{"damage":0.0,"enemies":"Cultist","floor":7.0,"turns":1.0},{"damage":23.0,"enemies":"Lagavulin","floor":8.0,"turns":8.0},{"damage":0.0,"enemies":"Gremlin Nob","floor":10.0,"turns":2.0},{"damage":9,"enemies":"3 Sentries","floor":12,"turns":6},{"damage":11,"enemies":"Exordium Thugs","floor":13,"turns":4},{"damage":9,"enemies":"Slime Boss","floor":16,"turns":7},{"damage":0,"enemies":"Chosen","floor":18,"turns":4},{"damage":31,"enemies":"Slavers","floor":24,"turns":5},{"damage":32,"enemies":"3 Byrds","floor":25,"turns":4},{"damage":2,"enemies":"Centurion and Healer","floor":29,"turns":7},{"damage":9,"enemies":"Snake Plant","floor":31,"turns":3},{"damage":68,"enemies":"Collector","floor":33,"turns":6}],"seed_played":"-6169870402309192136","potions_obtained":[{"floor":8.0,"key":"SkillPotion"},{"floor":10.0,"key":"Weak Potion"},{"floor":12,"key":"EssenceOfSteel"},{"floor":16,"key":"Weak Potion"},{"floor":18,"key":"Ancient Potion"},{"floor":24,"key":"Energy Potion"},{"floor":31,"key":"GamblersBrew"}],"is_trial":false,"path_per_floor":["M","$","M","?","T","R","M","E","T","E","?","E","M","$","R","B",null,"M","?","?","$","?","R","E","M","T","$","R","M","R","M","R"],"character_chosen":"IRONCLAD","items_purchased":["Metallicize","Perfected Strike","Medical Kit","Power Through","Shrug It Off","Uppercut"],"campfire_rested":1,"item_purchase_floors":[2,2,14,14,27,27],"current_hp_per_floor":[74,74,75,64,64,64,70,53,53,59,59,56,51,51,51,48,68,74,80,80,80,80,80,55,29,29,29,29,33,33,30,54,0],"gold":40,"neow_bonus":"THREE_ENEMY_KILL","is_prod":false,"is_daily":false,"chose_seed":false,"campfire_upgraded":5,"win_rate":0,"timestamp":1534228167,"path_taken":["M","$","M","?","?","R","?","E","T","E","?","E","M","$","R","BOSS","M","?","?","$","?","R","E","M","T","?","R","M","R","M","R","BOSS"],"build_version":"2018-08-08","purchased_purges":1,"victory":false,"max_hp_per_floor":[75,75,75,75,75,75,75,75,75,75,75,75,75,75,75,75,75,75,81,81,81,81,81,81,81,81,81,81,81,81,81,81,81],"card_choices":[{"not_picked":["Flex","Heavy Blade"],"picked":"Inflame","floor":1.0},{"not_picked":["Warcry","Anger"],"picked":"Disarm","floor":3.0},{"not_picked":["Cleave","Headbutt"],"picked":"True Grit","floor":7.0},{"not_picked":["True Grit","Bludgeon"],"picked":"Perfected Strike","floor":8.0},{"not_picked":["Headbutt","Sword Boomerang"],"picked":"Clothesline","floor":10.0},{"not_picked":["Rage","Body Slam"],"picked":"Seeing Red","floor":12},{"not_picked":["True Grit","Searing Blow"],"picked":"Pommel Strike","floor":13},{"not_picked":["Reaper","Bludgeon"],"picked":"Impervious","floor":16},{"not_picked":["True Grit","Twin Strike"],"picked":"Armaments","floor":18},{"not_picked":["Armaments","Hemokinesis"],"picked":"Ghostly Armor","floor":24},{"not_picked":["Havoc","Ghostly Armor"],"picked":"Limit Break","floor":25},{"not_picked":["Flex","Intimidate"],"picked":"Twin Strike+1","floor":29},{"not_picked":["Wild Strike","Whirlwind"],"picked":"Perfected Strike","floor":31}],"player_experience":818308,"relics_obtained":[{"floor":5.0,"key":"Charon\u0027s Ashes"},{"floor":8.0,"key":"Mummified Hand"},{"floor":9.0,"key":"Ornamental Fan"},{"floor":10.0,"key":"Orichalcum"},{"floor":12,"key":"Darkstone Periapt"},{"floor":24,"key":"War Paint"},{"floor":26,"key":"Omamori"}],"event_choices":[{"event_name":"World of Goop","player_choice":"Gather Gold","floor":4.0,"damage_taken":0.0},{"event_name":"The Cleric","player_choice":"Leave","floor":11,"damage_taken":0},{"event_name":"Forgotten Altar","player_choice":"Smashed Altar","floor":19,"damage_taken":0},{"event_name":"Back to Basics","player_choice":"Simplicity","floor":20,"damage_taken":0},{"event_name":"Vampires","player_choice":"Ignored","floor":22,"damage_taken":0}],"is_beta":true,"boss_relics":[{"not_picked":["Tiny House","Runic Cube"],"picked":"Philosopher\u0027s Stone"}],"items_purged_floors":[21],"is_endless":false,"potions_floor_spawned":[8,10,12,16,18,24,31],"killed_by":"Collector","ascension_level":15}