{"gold_per_floor":[116,116,128,145,158,158,186,186,186,199,199,84,39,58,58,183,183,167,167,82,82,100,100,123,123],"floor_reached":25,"playtime":1089,"items_purged":["Strike_R"],"score":266,"play_id":"8b0ea3b7-7e13-41cf-9509-9b2f447b9943","local_time":"20190201073729","is_ascension_mode":true,"campfire_choices":[{"data":"Bash","floor":6,"key":"SMITH"},{"data":"Shrug It Off","floor":8,"key":"SMITH"},{"floor":15,"key":"REST"},{"data":"1","floor":23,"key":"LIFT"}],"neow_cost":"TEN_PERCENT_HP_LOSS","seed_source_timestamp":1253979162268177,"circlet_count":0,"master_deck":["Strike_R","Strike_R","Strike_R","Strike_R","Defend_R","Defend_R","Defend_R","Defend_R","Bash+1","Dark Embrace","Clothesline+1","Headbutt","Headbutt","Headbutt","Shrug It Off+1","Ghostly Armor","Evolve","True Grit","Spot Weakness","Reaper","Shockwave+1","J.A.X.","Ghostly","Ghostly","Ghostly","Ghostly","Ghostly","Clothesline"],"relics":["Burning Blood","Turnip","Nunchaku","Golden Idol","Runic Pyramid","Girya","Smiling Mask"],"potions_floor_usage":[25],"damage_taken":[{"damage":30,"enemies":"Cultist","floor":1,"turns":7},{"damage":8,"enemies":"Jaw Worm","floor":3,"turns":4},{"damage":8,"enemies":"Small Slimes","floor":4,"turns":4},{"damage":5,"enemies":"2 Fungi Beasts","floor":5,"turns":4},{"damage":22,"enemies":"Gremlin Nob","floor":7,"turns":4},{"damage":11,"enemies":"Large Slime","floor":10,"turns":6},{"damage":6,"enemies":"Looter","floor":14,"turns":4},{"damage":32,"enemies":"The Guardian","floor":16,"turns":12},{"damage":28,"enemies":"2 Thieves","floor":18,"turns":4},{"damage":12,"enemies":"Chosen","floor":22,"turns":6},{"damage":30,"enemies":"Slavers","floor":25,"turns":1}],"seed_played":"8038098546294221325","potions_obtained":[{"floor":3,"key":"AttackPotion"},{"floor":4,"key":"LiquidBronze"},{"floor":7,"key":"SneckoOil"},{"floor":16,"key":"FearPotion"},{"floor":22,"key":"Explosive Potion"}],"is_trial":false,"path_per_floor":["M","?","M","M","M","R","E","R","T","M","?","$","$","M","R","B",null,"M","?","?","?","M","R","T","E"],"character_chosen":"IRONCLAD","items_purchased":["Evolve","True Grit"],"campfire_rested":1,"item_purchase_floors":[12,13],"current_hp_per_floor":[48,48,46,44,45,45,29,29,29,24,24,24,24,24,44,18,67,45,45,45,33,27,27,27,0],"gold":123,"neow_bonus":"THREE_RARE_CARDS","is_prod":false,"is_daily":false,"chose_seed":false,"campfire_upgraded":2,"win_rate":0,"timestamp":1549003049,"path_taken":["M","?","M","M","?","R","E","R","T","M","?","?","$","M","R","BOSS","M","?","?","?","M","R","?","E"],"build_version":"2019-01-23","purchased_purges":1,"victory":false,"max_hp_per_floor":[72,72,72,72,72,72,72,72,72,72,67,67,67,67,67,67,67,67,67,67,33,33,33,33,33],"card_choices":[{"not_picked":["Exhume","Immolate"],"picked":"Dark Embrace","floor":0},{"not_picked":["Heavy Blade","Dual Wield"],"picked":"Clothesline","floor":1},{"not_picked":["Flex","Immolate"],"picked":"Headbutt","floor":3},{"not_picked":["Wild Strike","Havoc"],"picked":"Headbutt","floor":4},{"not_picked":["Bloodletting","Havoc"],"picked":"Headbutt","floor":5},{"not_picked":["Body Slam","Dual Wield"],"picked":"Shrug It Off","floor":7},{"not_picked":["Clash","Infernal Blade"],"picked":"Ghostly Armor","floor":10},{"not_picked":["Cleave","Feel No Pain"],"picked":"Spot Weakness","floor":14},{"not_picked":["Exhume","Immolate"],"picked":"Reaper","floor":16},{"not_picked":["Anger+1","Sword Boomerang"],"picked":"Shockwave+1","floor":18},{"not_picked":["Spot Weakness","Wild Strike"],"picked":"Clothesline","floor":22}],"player_experience":472204,"relics_obtained":[{"floor":7,"key":"Turnip"},{"floor":9,"key":"Nunchaku"},{"floor":24,"key":"Smiling Mask"}],"event_choices":[{"damage_healed":0,"gold_gain":0,"player_choice":"Upgraded","damage_taken":0,"max_hp_gain":0,"max_hp_loss":0,"event_name":"Upgrade Shrine","floor":2,"gold_loss":0,"cards_upgraded":["Clothesline"]},{"damage_healed":0,"gold_gain":0,"player_choice":"Lose Max HP","damage_taken":0,"relics_obtained":["Golden Idol"],"max_hp_gain":0,"max_hp_loss":5,"event_name":"Golden Idol","floor":11,"gold_loss":0},{"damage_healed":0,"gold_gain":0,"player_choice":"Obtain J.A.X.","damage_taken":0,"max_hp_gain":0,"max_hp_loss":0,"event_name":"Drug Dealer","floor":19,"gold_loss":0,"cards_obtained":["J.A.X."]},{"damage_healed":0,"gold_gain":0,"player_choice":"Obtained Relic","damage_taken":0,"relics_obtained":["Girya"],"max_hp_gain":0,"max_hp_loss":0,"event_name":"Addict","floor":20,"gold_loss":85},{"damage_healed":0,"gold_gain":0,"player_choice":"Became a Ghost","damage_taken":0,"max_hp_gain":0,"max_hp_loss":34,"event_name":"Ghosts","floor":21,"gold_loss":0,"cards_obtained":["Ghostly","Ghostly","Ghostly","Ghostly","Ghostly"]}],"is_beta":false,"boss_relics":[{"not_picked":["Black Star","Empty Cage"],"picked":"Runic Pyramid"}],"items_purged_floors":[12],"is_endless":false,"potions_floor_spawned":[3,4,7,16,22],"killed_by":"Slavers","ascension_level":4}