{"path_per_floor":["M","?","M","$","M","E","M","E","T","M","M","E","T","$","R","B",null,"M","M","$","M","?"],"character_chosen":"THE_SILENT","items_purchased":["Noxious Fumes","Bag of Marbles","Backstab","Footwork"],"gold_per_floor":[115,190,204,58,70,100,119,145,145,156,174,201,201,15,15,114,114,126,146,105,119,119,119],"floor_reached":23,"campfire_rested":1,"playtime":2234,"current_hp_per_floor":[68,57,50,50,48,31,30,25,25,25,23,17,17,17,40,26,64,56,56,56,27,27,0],"items_purged":["Strike_G"],"gold":119,"score":288,"play_id":"d70c2842-006c-4c7b-98fe-dd9139abc5ba","local_time":"20180421225546","is_prod":false,"is_daily":false,"chose_seed":false,"is_ascension_mode":true,"campfire_upgraded":0,"timestamp":1524344146,"path_taken":["M","?","M","$","?","E","M","E","T","M","M","E","?","?","R","BOSS","M","M","$","?","?","E"],"build_version":"2018-04-19","seed_source_timestamp":25538175418247,"purchased_purges":1,"victory":false,"master_deck":["Defend_G","Defend_G","Defend_G","Defend_G","Defend_G","Strike_G","Strike_G","Strike_G","Strike_G","Survivor","Neutralize","Footwork","Sucker Punch","Noxious Fumes","Cloak And Dagger","Deadly Poison","Leg Sweep","All Out Attack","Blade Dance","Slice","Blur","Backstab","A Thousand Cuts","Deflect+1","Sucker Punch+1","Footwork","Deadly Poison"],"max_hp_per_floor":[77,77,77,77,77,77,77,77,77,77,77,77,77,77,77,77,77,77,77,77,77,77,77],"relics":["Ring of the Snake","Matryoshka","Ornamental Fan","Happy Flower","Kunai","Orichalcum","Lantern","Ancient Tea Set","Bag of Marbles","Sozu"],"card_choices":[{"not_picked":["Accuracy","Underhanded Strike"],"picked":"Footwork","floor":1.0},{"not_picked":["Setup","Heel Hook"],"picked":"Sucker Punch","floor":3},{"not_picked":["Blur","Bane"],"picked":"Cloak And Dagger","floor":5},{"not_picked":["Dodge and Roll","Concentrate"],"picked":"Deadly Poison","floor":6},{"not_picked":["Acrobatics","Grand Finale"],"picked":"Leg Sweep","floor":7},{"not_picked":["Slice","Outmaneuver"],"picked":"All Out Attack","floor":8},{"not_picked":["Poisoned Stab","Dodge and Roll"],"picked":"Blade Dance","floor":10},{"not_picked":["Flying Knee","Expertise"],"picked":"Slice","floor":11},{"not_picked":["Setup","Quick Slash"],"picked":"Blur","floor":12},{"not_picked":["Night Terror","Phantasmal Killer"],"picked":"A Thousand Cuts","floor":16},{"not_picked":["Bane","Prepared"],"picked":"Deflect","floor":18},{"not_picked":["Slice","Flying Knee"],"picked":"Sucker Punch","floor":19},{"not_picked":["Tactician","Reflex"],"picked":"Deadly Poison","floor":21}],"player_experience":617529,"potions_floor_usage":[8,10,12,12],"damage_taken":[{"damage":2.0,"enemies":"Jaw Worm","floor":1.0,"turns":5.0},{"damage":7,"enemies":"Small Slimes","floor":3,"turns":5},{"damage":2,"enemies":"Cultist","floor":5,"turns":5},{"damage":17,"enemies":"Lagavulin","floor":6,"turns":10},{"damage":1,"enemies":"Exordium Thugs","floor":7,"turns":7},{"damage":5,"enemies":"3 Sentries","floor":8,"turns":8},{"damage":0,"enemies":"Exordium Wildlife","floor":10,"turns":4},{"damage":2,"enemies":"Gremlin Gang","floor":11,"turns":4},{"damage":6,"enemies":"Lagavulin","floor":12,"turns":8},{"damage":14,"enemies":"Slime Boss","floor":16,"turns":11},{"damage":8,"enemies":"2 Thieves","floor":18,"turns":4},{"damage":0,"enemies":"3 Byrds","floor":19,"turns":6},{"damage":29,"enemies":"Sentry and Sphere","floor":21,"turns":8},{"damage":31,"enemies":"Gremlin Leader","floor":23,"turns":4}],"event_choices":[{"event_name":"World of Goop","player_choice":"Gather Gold","floor":2.0,"damage_taken":0.0},{"event_name":"The Woman in Blue","player_choice":"Bought 0 Potions","floor":22,"damage_taken":0}],"boss_relics":[{"not_picked":["Calling Bell","Tiny House"],"picked":"Sozu"}],"potions_floor_spawned":[1,3,7,10,19,21],"seed_played":"-8704003026370768512","killed_by":"Gremlin Leader","ascension_level":7,"is_trial":false}