{"gold_per_floor":[114,39,39,39,55,55,85,100,100,12,12,30,64,80,80,152,152,164,164,164,174,11,39,39,50,50,50,50,61,75,31,31,104,104,104],"floor_reached":35,"playtime":1233,"items_purged":[],"score":820,"play_id":"95451e6b-c74b-46e9-b9b7-0e55ec4c370d","local_time":"20181224012533","is_ascension_mode":true,"campfire_choices":[{"data":"Reckless Charge","floor":6.0,"key":"SMITH"},{"data":"Flame Barrier","floor":11.0,"key":"SMITH"},{"data":"True Grit","floor":15.0,"key":"SMITH"},{"floor":24.0,"key":"REST"},{"data":"Evolve","floor":27,"key":"SMITH"},{"data":"Inflame","floor":32,"key":"SMITH"}],"neow_cost":"NONE","seed_source_timestamp":23549236152533,"circlet_count":0,"master_deck":["AscendersBane","Strike_R","Strike_R","Strike_R","Strike_R","Defend_R","Defend_R","Defend_R","Defend_R","Bash+1","Pommel Strike","Reckless Charge+1","Dropkick","Flame Barrier+1","Evolve+1","Power Through","Intimidate","True Grit+1","Impervious","Second Wind","Power Through+1","Fiend Fire","Whirlwind","Shrug It Off","Inflame+1","Double Tap"],"special_seed":0,"relics":["Burning Blood","NeowsBlessing","Mummified Hand","Bronze Scales","Ice Cream","Cursed Key","Shuriken","Sozu"],"potions_floor_usage":[],"damage_taken":[{"damage":0.0,"enemies":"2 Louse","floor":1.0,"turns":1.0},{"damage":0.0,"enemies":"Small Slimes","floor":5.0,"turns":1.0},{"damage":0.0,"enemies":"Gremlin Nob","floor":7.0,"turns":1.0},{"damage":1.0,"enemies":"Cultist","floor":8.0,"turns":3.0},{"damage":13.0,"enemies":"3 Louse","floor":12.0,"turns":3.0},{"damage":20.0,"enemies":"Lagavulin","floor":13.0,"turns":7.0},{"damage":4.0,"enemies":"Looter","floor":14.0,"turns":3.0},{"damage":44.0,"enemies":"The Guardian","floor":16.0,"turns":14.0},{"damage":0.0,"enemies":"Chosen","floor":18.0,"turns":4.0},{"damage":0.0,"enemies":"3 Byrds","floor":21.0,"turns":2.0},{"damage":29.0,"enemies":"Book of Stabbing","floor":23.0,"turns":5.0},{"damage":5.0,"enemies":"Centurion and Healer","floor":25.0,"turns":8.0},{"damage":10,"enemies":"Cultist and Chosen","floor":29,"turns":7},{"damage":28,"enemies":"Chosen and Byrds","floor":30,"turns":4},{"damage":27,"enemies":"Champ","floor":33,"turns":17}],"seed_played":"-3842861347168970011","potions_obtained":[{"floor":1.0,"key":"FearPotion"},{"floor":12.0,"key":"Dexterity Potion"},{"floor":18.0,"key":"Dexterity Potion"},{"floor":23.0,"key":"BloodPotion"},{"floor":29,"key":"EssenceOfSteel"},{"floor":33,"key":"SteroidPotion"}],"is_trial":false,"path_per_floor":["M","?","?","?","M","R","E","M","T","$","R","M","E","M","R","B",null,"M","?","?","M","$","E","R","M","T","R","?","M","M","$","R","B",null,"M"],"character_chosen":"IRONCLAD","items_purchased":["Evolve","Fiend Fire","Inflame"],"campfire_rested":1,"item_purchase_floors":[10,22,31],"current_hp_per_floor":[74,74,79,79,80,80,80,80,80,80,80,73,59,61,61,23,66,72,72,49,55,55,32,57,66,66,66,66,62,40,40,40,19,69,0],"gold":104,"neow_bonus":"THREE_ENEMY_KILL","is_prod":false,"is_daily":false,"chose_seed":false,"campfire_upgraded":5,"win_rate":0,"timestamp":1545582333,"path_taken":["M","?","?","?","M","R","E","?","T","$","R","M","E","M","R","BOSS","M","?","?","M","$","E","R","M","T","R","?","M","M","$","R","BOSS","M"],"build_version":"2018-12-20","purchased_purges":0,"victory":false,"max_hp_per_floor":[75,75,80,80,80,80,80,80,80,80,80,80,80,80,80,80,80,80,80,85,85,85,85,85,85,85,85,85,85,85,85,85,85,85,85],"card_choices":[{"not_picked":["Flex","Sentinel"],"picked":"Pommel Strike","floor":1.0},{"not_picked":["Thunderclap","Anger"],"picked":"Reckless Charge","floor":5.0},{"not_picked":["Anger","Cleave"],"picked":"Dropkick","floor":7.0},{"not_picked":["Cleave","Anger"],"picked":"Flame Barrier","floor":8.0},{"not_picked":["Flame Barrier","Pommel Strike"],"picked":"Power Through","floor":12.0},{"not_picked":["Sword Boomerang","Perfected Strike"],"picked":"Intimidate","floor":13.0},{"not_picked":["Dropkick","Seeing Red"],"picked":"True Grit","floor":14.0},{"not_picked":["Exhume","Juggernaut"],"picked":"Impervious","floor":16.0},{"not_picked":["True Grit","Rupture","Heavy Blade"],"picked":"SKIP","floor":18.0},{"not_picked":["Flex","Wild Strike"],"picked":"Power Through+1","floor":21.0},{"not_picked":["Combust","Reckless Charge","Corruption"],"picked":"SKIP","floor":23.0},{"not_picked":["Seeing Red","Anger","Power Through+1"],"picked":"SKIP","floor":25.0},{"not_picked":["Iron Wave","Sword Boomerang"],"picked":"Whirlwind","floor":29},{"not_picked":["Hemokinesis","Fire Breathing"],"picked":"Shrug It Off","floor":30},{"not_picked":["Feed","Berserk"],"picked":"Double Tap","floor":33}],"player_experience":832950,"relics_obtained":[{"floor":7.0,"key":"Mummified Hand"},{"floor":9.0,"key":"Bronze Scales"},{"floor":13.0,"key":"Ice Cream"},{"floor":23.0,"key":"Shuriken"}],"event_choices":[{"cards_removed":["Strike_R"],"damage_healed":0.0,"max_hp_gain":0.0,"max_hp_loss":0.0,"gold_gain":0.0,"event_name":"The Cleric","player_choice":"Card Removal","floor":2.0,"gold_loss":75.0,"damage_taken":0.0},{"damage_healed":0.0,"max_hp_gain":5.0,"max_hp_loss":0.0,"gold_gain":0.0,"event_name":"Big Fish","player_choice":"Donut","floor":3.0,"gold_loss":0.0,"damage_taken":0.0},{"damage_healed":0.0,"max_hp_gain":0.0,"max_hp_loss":0.0,"gold_gain":0.0,"event_name":"Accursed Blacksmith","player_choice":"Forge","floor":4.0,"gold_loss":0.0,"damage_taken":0.0,"cards_upgraded":["Bash"]},{"damage_healed":0.0,"max_hp_gain":0.0,"max_hp_loss":0.0,"gold_gain":0.0,"event_name":"The Library","player_choice":"Read","floor":19.0,"gold_loss":0.0,"damage_taken":0.0,"cards_obtained":["Second Wind"]},{"damage_healed":0.0,"max_hp_gain":5.0,"max_hp_loss":0.0,"gold_gain":0.0,"event_name":"Forgotten Altar","player_choice":"Shed Blood","floor":20.0,"gold_loss":0.0,"damage_taken":28.0},{"damage_healed":0,"gold_gain":0,"player_choice":"Ignored","damage_taken":0,"max_hp_gain":0,"max_hp_loss":0,"event_name":"Ghosts","floor":28,"gold_loss":0}],"is_beta":false,"boss_relics":[{"not_picked":["Black Blood","Empty Cage"],"picked":"Cursed Key"},{"not_picked":["Astrolabe","Velvet Choker"],"picked":"Sozu"}],"items_purged_floors":[],"is_endless":false,"potions_floor_spawned":[1,12,18,23,29,33],"killed_by":"3 Shapes","ascension_level":20}