{"gold_per_floor":[112,287,19,19,94,120,120,131,185,20,36,51,1,17,17,122,122,137,0,14,14,26,26,36,36,36,36,36,36,50,61,61,61],"floor_reached":33,"playtime":1719,"items_purged":["Doubt","Defend_B","Strike_B"],"score":272,"play_id":"051748a2-0fa5-4a09-9cd5-ad962bfff2dc","local_time":"20181123180739","is_ascension_mode":false,"campfire_choices":[{"data":"Chaos","floor":7,"key":"SMITH"},{"data":"Madness","floor":15,"key":"SMITH"},{"data":"Madness","floor":23,"key":"SMITH"},{"floor":25,"key":"REST"},{"data":"Bouncing Flask","floor":27,"key":"SMITH"},{"data":"Chill","floor":32,"key":"SMITH"}],"neow_cost":"NONE","seed_source_timestamp":696066659589009,"circlet_count":0,"master_deck":["Strike_B","Strike_B","Strike_B","Defend_B","Defend_B","Defend_B","Zap","Dualcast","Chaos+1","Shrug It Off","Chill+1","Madness+1","Beam Cell","Dark Shackles","Iron Wave","Slice","Electrodynamics","Crippling Poison","Madness+1","Bouncing Flask+1","Catalyst+1"],"relics":["Cracked Core","NeowsBlessing","PrismaticShard","Smiling Mask","Centennial Puzzle","Eternal Feather","Enchiridion","Bird Faced Urn"],"potions_floor_usage":[11,18,31,33],"damage_taken":[{"damage":0,"enemies":"Cultist","floor":1,"turns":1},{"damage":0,"enemies":"Lagavulin","floor":6,"turns":1},{"damage":0,"enemies":"Jaw Worm","floor":8,"turns":1},{"damage":0,"enemies":"2 Louse","floor":11,"turns":2},{"damage":0,"enemies":"2 Fungi Beasts","floor":12,"turns":3},{"damage":3,"enemies":"Looter","floor":14,"turns":3},{"damage":44,"enemies":"Slime Boss","floor":16,"turns":8},{"damage":3,"enemies":"2 Thieves","floor":18,"turns":4},{"damage":4,"enemies":"Spheric Guardian","floor":20,"turns":4},{"damage":5,"enemies":"Snecko","floor":22,"turns":5},{"damage":29,"enemies":"Snake Plant","floor":24,"turns":5},{"damage":5,"enemies":"Cultist and Chosen","floor":30,"turns":6},{"damage":1,"enemies":"Chosen and Byrds","floor":31,"turns":4},{"damage":89,"enemies":"Champ","floor":33,"turns":9}],"seed_played":"-5475645685480797224","potions_obtained":[{"floor":8,"key":"PowerPotion"},{"floor":14,"key":"GamblersBrew"},{"floor":22,"key":"Dexterity Potion"},{"floor":30,"key":"Explosive Potion"}],"is_trial":false,"path_per_floor":["M","?","$","?","?","E","R","M","T","$","M","M","$","M","R","B",null,"M","?","M","?","M","R","M","R","T","R","?","?","M","M","R","B"],"character_chosen":"DEFECT","items_purchased":["PrismaticShard","Madness","Beam Cell"],"campfire_rested":1,"item_purchase_floors":[3,10,10],"current_hp_per_floor":[75,75,75,80,69,69,69,69,69,69,69,69,69,66,66,22,80,77,77,73,57,52,61,32,68,68,80,65,65,64,67,79,0],"gold":61,"neow_bonus":"THREE_ENEMY_KILL","is_prod":false,"is_daily":false,"chose_seed":false,"campfire_upgraded":5,"win_rate":0,"timestamp":1542949659,"path_taken":["M","?","?","?","?","E","R","M","T","?","M","M","$","M","R","BOSS","M","?","M","?","M","R","M","R","T","R","?","?","?","M","R","BOSS"],"build_version":"2018-11-15","purchased_purges":3,"victory":false,"max_hp_per_floor":[75,75,75,80,80,80,80,80,80,80,80,80,80,80,80,80,80,80,80,80,80,80,80,80,80,80,80,85,85,85,85,85,85],"card_choices":[{"not_picked":["Conserve Battery","Reprogram"],"picked":"Chaos","floor":1},{"not_picked":["Fire Breathing","Poisoned Stab"],"picked":"Shrug It Off","floor":6},{"not_picked":["Storm","Havoc"],"picked":"Chill","floor":8},{"not_picked":["Scrape","Headbutt"],"picked":"Dark Shackles","floor":11},{"not_picked":["Twin Strike","Coolheaded"],"picked":"Iron Wave","floor":12},{"not_picked":["Expertise","Sucker Punch"],"picked":"Slice","floor":14},{"not_picked":["Offering","Seek"],"picked":"Electrodynamics","floor":16},{"not_picked":["Sucker Punch+1","Heel Hook"],"picked":"Crippling Poison","floor":18},{"not_picked":["Blur","Rupture","Gash+1"],"picked":"SKIP","floor":20},{"not_picked":["Bane","True Grit+1"],"picked":"Madness","floor":22},{"not_picked":["Thunderclap","Recycle"],"picked":"Bouncing Flask","floor":24},{"not_picked":["Blur","Leg Sweep"],"picked":"Catalyst+1","floor":30},{"not_picked":["Cleave","Prepared+1","Acrobatics+1"],"picked":"SKIP","floor":31}],"player_experience":347197,"relics_obtained":[{"floor":6,"key":"Smiling Mask"},{"floor":9,"key":"Centennial Puzzle"},{"floor":21,"key":"Enchiridion"},{"floor":26,"key":"Bird Faced Urn"}],"event_choices":[{"damage_healed":0,"gold_gain":175,"player_choice":"AGREE","damage_taken":0,"max_hp_gain":0,"max_hp_loss":0,"event_name":"Liars Game","floor":2,"gold_loss":0,"cards_obtained":["Doubt"]},{"damage_healed":0,"gold_gain":0,"player_choice":"Donut","damage_taken":0,"max_hp_gain":5,"max_hp_loss":0,"event_name":"Big Fish","floor":4,"gold_loss":0},{"damage_healed":0,"gold_gain":75,"player_choice":"Gather Gold","damage_taken":11,"max_hp_gain":0,"max_hp_loss":0,"event_name":"World of Goop","floor":5,"gold_loss":0},{"damage_healed":0,"gold_gain":0,"player_choice":"Paid Fearfully","damage_taken":0,"max_hp_gain":0,"max_hp_loss":0,"event_name":"Masked Bandits","floor":19,"gold_loss":137},{"damage_healed":0,"gold_gain":0,"player_choice":"Obtained Book","damage_taken":16,"max_hp_gain":0,"max_hp_loss":0,"event_name":"Cursed Tome","floor":21,"gold_loss":0},{"damage_healed":0,"gold_gain":0,"player_choice":"Shed Blood","damage_taken":20,"max_hp_gain":5,"max_hp_loss":0,"event_name":"Forgotten Altar","floor":28,"gold_loss":0},{"damage_healed":0,"gold_gain":0,"player_choice":"Ignored","damage_taken":0,"max_hp_gain":0,"max_hp_loss":0,"event_name":"Beggar","floor":29,"gold_loss":0}],"is_beta":false,"boss_relics":[{"not_picked":["Ectoplasm","Sozu"],"picked":"Eternal Feather"}],"items_purged_floors":[3,10,13],"is_endless":false,"potions_floor_spawned":[8,14,22,30],"killed_by":"Champ","ascension_level":0}