{"path_per_floor":["M","M","M","M","?","E","R","?","T","M","R","M","T","$","R","B",null,"M","M","$","?","M","R","M","R","T","?","R","?","?","M","R","B",null,"M","?","?","$","M","R","M","R","T","M","R","T","M","M","R","B"],"character_chosen":"THE_SILENT","items_purchased":["Toxic Egg 2","Cloak And Dagger","Accuracy","Blur","Footwork","Mind Blast"],"gold_per_floor":[119,139,158,170,227,257,257,207,207,225,225,237,261,14,14,114,114,128,140,58,58,74,74,93,93,93,93,93,93,143,160,160,260,260,275,275,328,111,126,126,136,136,160,172,172,172,190,209,209,209],"floor_reached":51,"campfire_rested":0,"playtime":2199,"current_hp_per_floor":[70,70,70,70,70,57,57,57,57,57,57,57,57,57,57,38,70,68,68,68,68,68,68,58,58,58,58,58,58,58,54,54,13,70,58,58,58,58,58,58,58,58,58,58,58,58,54,54,54,39],"items_purged":[],"gold":209,"score":674,"play_id":"4a589c2b-de9b-4b7f-a0ca-3f8751dafc43","local_time":"20180425231559","is_prod":false,"is_daily":false,"chose_seed":false,"is_ascension_mode":false,"campfire_upgraded":11,"timestamp":1524690959,"path_taken":["M","M","M","M","?","E","R","?","T","M","R","M","?","?","R","BOSS","M","M","$","?","M","R","M","R","T","?","R","?","?","M","R","BOSS","M","?","?","$","?","R","M","R","T","M","R","?","M","M","R","BOSS"],"build_version":"2018-04-19","seed_source_timestamp":15314111187199,"purchased_purges":0,"victory":true,"master_deck":["Defend_G+1","Defend_G+1","Defend_G+1","Defend_G+1","Defend_G+1","Strike_G+1","Strike_G+1","Survivor+1","Neutralize+1","Leg Sweep+1","Well Laid Plans+1","Predator+1","Flying Knee+1","PiercingWail+1","Dodge and Roll+1","Unload+1","Skewer+1","Cloak And Dagger+1","Accuracy+1","Backstab+1","Cloak And Dagger+1","Blade Dance+1","Doppelganger+1","Noxious Fumes+1","All Out Attack+1","After Image+1","Slice+1","Accuracy+1","Cloak And Dagger+1","Blur+1","Footwork+1","Mind Blast+1","All Out Attack+1","Deflect+1","Infinite Blades+1","Blur+1","A Thousand Cuts+1"],"max_hp_per_floor":[70,70,70,70,70,70,70,70,70,70,70,70,70,70,70,70,70,70,70,70,70,70,70,70,70,70,70,70,70,70,70,70,70,70,70,70,70,70,70,70,70,70,70,70,70,70,70,70,70,70],"relics":["Ring of the Snake","War Paint","Mummified Hand","Molten Egg 2","Bronze Scales","Toxic Egg 2","Sozu","Matryoshka","Astrolabe","Ginger","Ornamental Fan","Singing Bowl","Orichalcum","Blue Candle"],"card_choices":[{"not_picked":["Slice","Flying Knee"],"picked":"Leg Sweep","floor":1},{"not_picked":["Heel Hook","Dodge and Roll"],"picked":"Well Laid Plans","floor":2},{"not_picked":["Accuracy","Escape Plan"],"picked":"Quick Slash","floor":3},{"not_picked":["Flying Knee","Slice"],"picked":"Predator","floor":4},{"not_picked":["Masterful Stab","A Thousand Cuts"],"picked":"Flying Knee","floor":6},{"not_picked":["Skewer","Dodge and Roll"],"picked":"PiercingWail","floor":10},{"not_picked":["Acrobatics","Flying Knee"],"picked":"Dodge and Roll","floor":12},{"not_picked":["Doppelganger","Tools of the Trade"],"picked":"Unload","floor":16},{"not_picked":["Concentrate","Well Laid Plans"],"picked":"Skewer","floor":18},{"not_picked":["Underhanded Strike","Escape Plan"],"picked":"Backstab","floor":24},{"not_picked":["Noxious Fumes","Well Laid Plans"],"picked":"Blade Dance","floor":31},{"not_picked":["Wraith Form v2","Tactician"],"picked":"Doppelganger","floor":33},{"not_picked":["Backflip","Deadly Poison"],"picked":"Slice","floor":35},{"not_picked":["Dagger Throw","PiercingWail"],"picked":"Cloak And Dagger","floor":37},{"not_picked":["Catalyst","Dagger Throw"],"picked":"All Out Attack","floor":39},{"not_picked":["Reflex","Acrobatics"],"picked":"Deflect","floor":41},{"not_picked":["Eviscerate","Quick Slash"],"picked":"Infinite Blades","floor":44},{"not_picked":["Caltrops","Catalyst"],"picked":"Blur","floor":47},{"not_picked":["Underhanded Strike","Sucker Punch"],"picked":"A Thousand Cuts","floor":48}],"player_experience":570367,"potions_floor_usage":[6,37,50],"damage_taken":[{"damage":0,"enemies":"Jaw Worm","floor":1,"turns":6},{"damage":0,"enemies":"Cultist","floor":2,"turns":4},{"damage":0,"enemies":"2 Louse","floor":3,"turns":2},{"damage":0,"enemies":"2 Fungi Beasts","floor":4,"turns":4},{"damage":13,"enemies":"Gremlin Nob","floor":6,"turns":4},{"damage":0,"enemies":"Blue Slaver","floor":10,"turns":3},{"damage":0,"enemies":"3 Louse","floor":12,"turns":3},{"damage":19,"enemies":"Slime Boss","floor":16,"turns":13},{"damage":2,"enemies":"3 Byrds","floor":18,"turns":3},{"damage":0,"enemies":"Shell Parasite","floor":19,"turns":5},{"damage":0,"enemies":"Centurion and Healer","floor":22,"turns":5},{"damage":10,"enemies":"Cultist and Chosen","floor":24,"turns":5},{"damage":4,"enemies":"Slaver and Parasite","floor":31,"turns":4},{"damage":41,"enemies":"Automaton","floor":33,"turns":13},{"damage":12,"enemies":"3 Darklings","floor":35,"turns":5},{"damage":0,"enemies":"Sphère mystérieuse","floor":37,"turns":3},{"damage":0,"enemies":"Orb Walker","floor":39,"turns":3},{"damage":0,"enemies":"Maw","floor":41,"turns":6},{"damage":0,"enemies":"4 Shapes","floor":44,"turns":4},{"damage":4,"enemies":"Sphere and 2 Shapes","floor":47,"turns":4},{"damage":0,"enemies":"3 Darklings","floor":48,"turns":4},{"damage":15,"enemies":"Time Eater","floor":50,"turns":10}],"event_choices":[{"event_name":"Golden Wing","player_choice":"Gained Gold","floor":5,"damage_taken":0},{"event_name":"The Cleric","player_choice":"Card Removal","floor":8,"damage_taken":0},{"event_name":"Back to Basics","player_choice":"Simplicity","floor":21,"damage_taken":0},{"event_name":"The Library","player_choice":"Read","floor":27,"damage_taken":0},{"event_name":"The Lab","player_choice":"Got Potions","floor":29,"damage_taken":0},{"event_name":"The Joust","player_choice":"Bet on Murderer","floor":30,"damage_taken":0},{"event_name":"Duplicator","player_choice":"One dupe","floor":36,"damage_taken":0},{"event_name":"Mysterious Sphere","player_choice":"Fight","floor":37,"damage_taken":0}],"boss_relics":[{"not_picked":["Ectoplasm","Runic Dome"],"picked":"Sozu"},{"not_picked":["Calling Bell","Snecko Eye"],"picked":"Astrolabe"}],"potions_floor_spawned":[4,10,16,18,33,35,44,48],"seed_played":"-3384348273731344277","ascension_level":0,"is_trial":false}