{"path_per_floor":["M","?","?","M","?","E","M","R","T","M","?","M","E","T","R","B",null,"M","$","M","M","?","R","M","?","T","M","M","R","M","$","R"],"character_chosen":"IRONCLAD","items_purchased":["Kunai","Anchor","Battle Trance","Shrug It Off"],"gold_per_floor":[113,113,113,125,300,332,343,343,343,359,359,377,402,451,451,551,581,599,116,131,145,60,60,78,78,78,94,105,105,124,101,101],"floor_reached":33,"campfire_rested":2,"playtime":1769,"current_hp_per_floor":[80,80,64,70,70,76,80,80,80,80,80,80,66,66,66,17,85,61,61,57,45,45,70,54,54,54,40,39,64,70,70,70],"items_purged":[],"gold":101,"score":284,"play_id":"76acdb85-6e9b-4427-a008-553638d45e6e","local_time":"20180306173019","is_prod":false,"is_daily":false,"is_ascension_mode":false,"campfire_upgraded":3,"timestamp":1520353819,"path_taken":["M","?","?","M","?","E","M","R","T","M","?","M","E","?","R","BOSS","M","$","M","M","?","R","M","?","T","M","?","R","M","$","R","BOSS"],"build_version":"2018-03-01-PROD1","purchased_purges":0,"victory":false,"master_deck":["Strike_R+1","Strike_R","Strike_R","Strike_R","Defend_R","Defend_R","Defend_R+1","Defend_R","Bash","Twin Strike","Pummel","Heavy Blade","Doubt","Heavy Blade+1","Iron Wave","Twin Strike","Flex+1","Thunderclap+1","Limit Break+1","Sword Boomerang","Sword Boomerang","Battle Trance","Armaments","Warcry","Flex+1","Ghostly Armor","Shrug It Off"],"max_hp_per_floor":[80,80,80,80,80,80,80,80,80,80,80,80,80,80,80,80,85,85,85,85,85,85,85,85,85,85,85,85,85,85,85,85],"relics":["Burning Blood","NeowsBlessing","Frozen Egg 2","Calipers","Happy Flower","Bronze Scales","Tiny House","Kunai","Anchor","Art of War","Ice Cream"],"card_choices":[{"not_picked":["Sword Boomerang","Perfected Strike"],"picked":"Twin Strike"},{"not_picked":["Body Slam","Feed"],"picked":"Heavy Blade"},{"not_picked":["Havoc","Thunderclap"],"picked":"Heavy Blade"},{"not_picked":["Warcry","Reckless Charge"],"picked":"Iron Wave"},{"not_picked":["Sever Soul","Combust"],"picked":"Twin Strike"},{"not_picked":["Clothesline","Warcry"],"picked":"Flex"},{"not_picked":["Havoc","Entrench"],"picked":"Thunderclap"},{"not_picked":["Brutality","Berserk"],"picked":"Limit Break"},{"not_picked":["Heavy Blade","Uppercut"],"picked":"Sword Boomerang"},{"not_picked":["Clothesline","Infernal Blade"],"picked":"Sword Boomerang"},{"not_picked":["Body Slam","Offering"],"picked":"Armaments"},{"not_picked":["Clothesline","Carnage"],"picked":"Warcry"},{"not_picked":["Uppercut","Carnage"],"picked":"Flex"},{"not_picked":["Combust","Armaments"],"picked":"Ghostly Armor"}],"player_experience":83535,"potions_floor_usage":[16,18,21,21,33,33],"damage_taken":[{"damage":0,"enemies":"2 Louse","floor":1,"turns":1},{"damage":0,"enemies":"Jaw Worm","floor":4,"turns":1},{"damage":0,"enemies":"Gremlin Nob","floor":6,"turns":1},{"damage":0,"enemies":"Small Slimes","floor":7,"turns":4},{"damage":0,"enemies":"2 Fungi Beasts","floor":10,"turns":3},{"damage":2,"enemies":"Looter","floor":12,"turns":3},{"damage":20,"enemies":"3 Sentries","floor":13,"turns":8},{"damage":55,"enemies":"Slime Boss","floor":16,"turns":12},{"damage":30,"enemies":"2 Thieves","floor":18,"turns":3},{"damage":10,"enemies":"3 Byrds","floor":20,"turns":4},{"damage":18,"enemies":"Snecko","floor":21,"turns":4},{"damage":22,"enemies":"Snake Plant","floor":24,"turns":4},{"damage":20,"enemies":"Cultist and Chosen","floor":27,"turns":6},{"damage":7,"enemies":"Snecko","floor":28,"turns":4},{"damage":0,"enemies":"Snake Plant","floor":30,"turns":1},{"damage":72,"enemies":"Collector","floor":33,"turns":7}],"event_choices":[{"event_name":"Living Wall","player_choice":"Change","floor":2,"damage_taken":0},{"event_name":"Shining Light","player_choice":"Entered Light","floor":3,"damage_taken":0},{"event_name":"Liars Game","player_choice":"agreed","floor":5,"damage_taken":0},{"event_name":"Wheel of Change","player_choice":"Full Heal","floor":11,"damage_taken":0},{"event_name":"Addict","player_choice":"Obtained Relic","floor":22,"damage_taken":0},{"event_name":"Vampires","player_choice":"Ignored","floor":25,"damage_taken":0}],"boss_relics":[{"not_picked":["Sozu","Pandora\u0027s Box"],"picked":"Tiny House"}],"potions_floor_spawned":[7,12,13,16,21,28],"seed_played":"-1044322445300941658","killed_by":"Collector","ascension_level":0,"is_trial":false}