{"gold_per_floor":[112,92,92,113,63,97,109,121,133,180,192,219,244,256,268,403,415,451,463,475,487,524,536,572,584,596,608,634,689,28,43,43,168,168,187,187,200,216,230,230,230],"floor_reached":41,"playtime":1372,"items_purged":["Clumsy"],"score":436,"play_id":"f1381721-6db5-4b36-b25b-55f862e4f2d9","local_time":"20181018233839","is_ascension_mode":false,"campfire_choices":[{"data":"Limit Break","floor":8.0,"key":"SMITH"},{"data":"Sword Boomerang","floor":11.0,"key":"SMITH"},{"data":"Bash","floor":15.0,"key":"SMITH"},{"data":"Trip","floor":23.0,"key":"SMITH"},{"data":"Armaments","floor":25.0,"key":"SMITH"},{"floor":32,"key":"REST"},{"data":"Blind","floor":40,"key":"SMITH"}],"neow_cost":"CURSE","seed_source_timestamp":50319163493888,"circlet_count":0,"master_deck":["Strike_R","Strike_R","Strike_R","Strike_R","Strike_R","Defend_R","Defend_R","Defend_R","Defend_R","Bash+1","Inflame+1","Sword Boomerang+1","Shrug It Off","Limit Break+1","Clothesline","Impervious","Armaments+1","Trip+1","Pummel","Metallicize","Ghostly Armor","Spot Weakness","Sword Boomerang+1","Fiend Fire+1","Blind+1"],"special_seed":0,"relics":["Burning Blood","Peace Pipe","Golden Idol","MawBank","Shuriken","Omamori","Cursed Key","Molten Egg 2","Boot","Singing Bowl","Ice Cream","DollysMirror","Mark of Pain"],"potions_floor_usage":[29,33,33,35,38,39,39,41],"damage_taken":[{"damage":1.0,"enemies":"Jaw Worm","floor":1.0,"turns":3.0},{"damage":1.0,"enemies":"Cultist","floor":4.0,"turns":4.0},{"damage":15.0,"enemies":"Lagavulin","floor":6.0,"turns":7.0},{"damage":14.0,"enemies":"Gremlin Nob","floor":10.0,"turns":3.0},{"damage":0.0,"enemies":"Small Slimes","floor":12.0,"turns":3.0},{"damage":9.0,"enemies":"Looter","floor":13.0,"turns":3.0},{"damage":30.0,"enemies":"Hexaghost","floor":16.0,"turns":7.0},{"damage":9.0,"enemies":"Spheric Guardian","floor":18.0,"turns":4.0},{"damage":5.0,"enemies":"3 Byrds","floor":22.0,"turns":7.0},{"damage":12.0,"enemies":"Centurion and Healer","floor":24.0,"turns":6.0},{"damage":19.0,"enemies":"Cultist and Chosen","floor":28.0,"turns":5.0},{"damage":23,"enemies":"Book of Stabbing","floor":29,"turns":5},{"damage":9,"enemies":"3 Cultists","floor":31,"turns":3},{"damage":42,"enemies":"Collector","floor":33,"turns":6},{"damage":12,"enemies":"3 Shapes","floor":35,"turns":7},{"damage":22,"enemies":"3 Darklings","floor":37,"turns":5},{"damage":7,"enemies":"4 Shapes","floor":38,"turns":8},{"damage":28,"enemies":"Sphere and 2 Shapes","floor":39,"turns":8},{"damage":41,"enemies":"Spire Growth","floor":41,"turns":3}],"seed_played":"4050559130351064708","potions_obtained":[{"floor":2.0,"key":"SpeedPotion"},{"floor":6.0,"key":"SkillPotion"},{"floor":10.0,"key":"BloodPotion"},{"floor":14.0,"key":"EntropicBrew"},{"floor":16.0,"key":"Strength Potion"},{"floor":22.0,"key":"Strength Potion"},{"floor":24.0,"key":"PowerPotion"},{"floor":35,"key":"Explosive Potion"},{"floor":37,"key":"Block Potion"},{"floor":38,"key":"Ancient Potion"}],"is_trial":false,"path_per_floor":["M","?","?","M","$","E","?","R","T","?","R","M","M","?","R","B",null,"M","?","?","?","M","R","M","R","T","?","M","E","$","M","R","B",null,"M","?","M","M","M","R"],"character_chosen":"IRONCLAD","items_purchased":["Shrug It Off","Ice Cream","Spot Weakness","DollysMirror"],"campfire_rested":1,"item_purchase_floors":[5,30,30,30],"current_hp_per_floor":[80,80,74,74,74,65,65,65,65,57,57,63,60,60,60,43,74,71,71,71,71,72,72,66,66,66,66,53,36,36,35,57,21,76,72,72,58,59,39,39,0],"gold":230,"neow_bonus":"ONE_RARE_RELIC","is_prod":false,"is_daily":false,"chose_seed":false,"campfire_upgraded":6,"win_rate":0,"timestamp":1539898719,"path_taken":["M","?","?","M","?","E","?","R","T","?","R","?","M","?","R","BOSS","M","?","?","?","?","R","M","R","T","?","M","E","?","M","R","BOSS","M","?","M","?","M","R","M"],"build_version":"2018-10-11","purchased_purges":1,"victory":false,"max_hp_per_floor":[80,80,74,74,74,74,74,74,74,74,74,74,74,74,74,74,74,74,74,74,74,74,74,74,74,74,74,74,74,74,76,76,76,76,78,78,80,82,84,84,84],"card_choices":[{"not_picked":["Headbutt","Cleave"],"picked":"Inflame","floor":1.0},{"not_picked":["Wild Strike","Shrug It Off"],"picked":"Sword Boomerang","floor":4.0},{"not_picked":["Headbutt","Power Through"],"picked":"Limit Break","floor":6.0},{"not_picked":["Seeing Red","Headbutt"],"picked":"Clothesline","floor":12.0},{"not_picked":["Headbutt","Searing Blow","Dropkick"],"picked":"SKIP","floor":13.0},{"not_picked":["Juggernaut","Berserk"],"picked":"Impervious","floor":16.0},{"not_picked":["Perfected Strike","Thunderclap+1","Dual Wield+1"],"picked":"SKIP","floor":18.0},{"not_picked":["Feel No Pain","Armaments"],"picked":"Pummel","floor":22.0},{"not_picked":["Clothesline","Ghostly Armor"],"picked":"Metallicize","floor":24.0},{"not_picked":["Infernal Blade+1","Hemokinesis+1","Clash+1"],"picked":"SKIP","floor":28.0},{"not_picked":["Armaments+1","Entrench"],"picked":"Ghostly Armor","floor":29},{"not_picked":["Uppercut+1","Body Slam+1","Iron Wave+1"],"picked":"Singing Bowl","floor":31},{"not_picked":["Exhume","Juggernaut"],"picked":"Fiend Fire+1","floor":33},{"not_picked":["Perfected Strike+1","Sword Boomerang+1","Armaments+1"],"picked":"Singing Bowl","floor":35},{"not_picked":["Mind Blast+1","Panacea"],"picked":"Blind","floor":36},{"not_picked":["True Grit","Pummel+1","Rampage+1"],"picked":"Singing Bowl","floor":37},{"not_picked":["Thunderclap+1","Burning Pact+1","Rage+1"],"picked":"Singing Bowl","floor":38},{"not_picked":["Sever Soul+1","Pommel Strike+1","Havoc+1"],"picked":"Singing Bowl","floor":39}],"player_experience":1005217,"relics_obtained":[{"floor":6.0,"key":"MawBank"},{"floor":9.0,"key":"Shuriken"},{"floor":10.0,"key":"Omamori"},{"floor":26.0,"key":"Molten Egg 2"},{"floor":29,"key":"Singing Bowl"}],"event_choices":[{"event_name":"The Woman in Blue","player_choice":"Bought 1 Potion","floor":2.0,"damage_taken":0.0},{"event_name":"Golden Idol","player_choice":"Lose Max HP","floor":3.0,"damage_taken":0.0},{"event_name":"Living Wall","player_choice":"Grow","floor":7.0,"damage_taken":0.0},{"event_name":"Dead Adventurer","player_choice":"Searched \u00273\u0027 times","floor":10.0,"damage_taken":0.0},{"event_name":"The Lab","player_choice":"Got Potions","floor":14.0,"damage_taken":0.0},{"event_name":"Ghosts","player_choice":"Ignored","floor":19.0,"damage_taken":0.0},{"event_name":"N\u0027loth","player_choice":"Ignored","floor":20.0,"damage_taken":0.0},{"event_name":"Match and Keep!","player_choice":"2 cards matched","floor":21.0,"damage_taken":0.0},{"event_name":"Addict","player_choice":"Stole Relic","floor":27.0,"damage_taken":0.0},{"event_name":"SensoryStone","player_choice":"Memory 1","floor":36,"damage_taken":0}],"is_beta":false,"boss_relics":[{"not_picked":["Black Blood","Sozu"],"picked":"Cursed Key"},{"not_picked":["Black Star","Calling Bell"],"picked":"Mark of Pain"}],"items_purged_floors":[30],"is_endless":false,"potions_floor_spawned":[6,10,16,22,24,28,35,37,38],"killed_by":"Spire Growth","ascension_level":0}