{"path_per_floor":["M","M","M","$","?","R","$","R","T","E","?","$","M","E","R","B",null,"M","M","M"],"character_chosen":"IRONCLAD","items_purchased":["Iron Wave","Lantern","Deep Breath"],"gold_per_floor":[216,235,247,51,51,51,51,51,105,136,136,41,51,77,77,172,202,219,236,251],"floor_reached":21,"campfire_rested":0,"playtime":2011,"current_hp_per_floor":[80,80,80,80,80,80,80,80,80,80,80,80,80,80,80,56,85,75,49,9],"items_purged":[],"gold":251,"score":214,"play_id":"d31e974d-8fb9-4ff3-be12-be18b5e8d52f","local_time":"20180306012935","is_prod":false,"is_daily":false,"is_ascension_mode":false,"campfire_upgraded":3,"timestamp":1520296175,"path_taken":["M","?","M","$","?","R","$","R","T","E","?","$","M","E","R","BOSS","M","M","M","M"],"build_version":"2018-03-01-PROD1","purchased_purges":0,"victory":false,"master_deck":["Strike_R","Strike_R","Strike_R","Strike_R","Strike_R","Defend_R+1","Defend_R+1","Defend_R","Defend_R+1","Bash","Barricade+1","Iron Wave","Armaments+1","Iron Wave+1","Entrench+1","Deep Breath","Thunderclap","Armaments+1","Impervious","Iron Wave","Cleave","Power Through","Shrug It Off"],"max_hp_per_floor":[80,80,80,80,80,80,80,80,80,80,80,80,80,80,80,80,85,85,85,85],"relics":["Burning Blood","Lantern","Tiny Chest","Vajra","War Paint","Tiny House"],"card_choices":[{"not_picked":["Fire Breathing","Armaments"],"picked":"Barricade"},{"not_picked":["Sword Boomerang","Armaments"],"picked":"Iron Wave"},{"not_picked":["Impervious","Wild Strike"],"picked":"Armaments"},{"not_picked":["Sentinel","Carnage"],"picked":"Entrench"},{"not_picked":["Clothesline","Havoc"],"picked":"Thunderclap"},{"not_picked":["Sword Boomerang","Dropkick"],"picked":"Armaments"},{"not_picked":["Limit Break","Offering"],"picked":"Impervious"},{"not_picked":["Armaments","Heavy Blade"],"picked":"Iron Wave"},{"not_picked":["Thunderclap","Sword Boomerang"],"picked":"Cleave"},{"not_picked":["Perfected Strike","Bloodletting"],"picked":"Power Through"},{"not_picked":["Corruption","Clash"],"picked":"Shrug It Off"}],"player_experience":58475,"potions_floor_usage":[14,18,20,21],"damage_taken":[{"damage":1,"enemies":"Cultist","floor":1,"turns":3},{"damage":0,"enemies":"Small Slimes","floor":2,"turns":3},{"damage":0,"enemies":"2 Louse","floor":3,"turns":2},{"damage":0,"enemies":"Lagavulin","floor":10,"turns":9},{"damage":6,"enemies":"2 Fungi Beasts","floor":13,"turns":5},{"damage":5,"enemies":"Gremlin Nob","floor":14,"turns":5},{"damage":30,"enemies":"The Guardian","floor":16,"turns":15},{"damage":16,"enemies":"3 Byrds","floor":18,"turns":8},{"damage":32,"enemies":"Spheric Guardian","floor":19,"turns":9},{"damage":46,"enemies":"3 Cultists","floor":20,"turns":11},{"damage":26,"enemies":"Cultist and Chosen","floor":21,"turns":11}],"event_choices":[{"event_name":"Upgrade Shrine","player_choice":"Upgraded","floor":5,"damage_taken":0},{"event_name":"Living Wall","player_choice":"Grow","floor":11,"damage_taken":0}],"boss_relics":[{"not_picked":["Sozu","Calling Bell"],"picked":"Tiny House"}],"potions_floor_spawned":[1,2,14],"seed_played":"94889136437502256","killed_by":"Cultist and Chosen","ascension_level":0,"is_trial":false}