{"gold_per_floor":[17,17,17,17,37,64,64,84,84,119,89,104,117,128,128,233,233,158,5,18,29,40,66,86,86,86,118,134,134,159,189,189,189],"floor_reached":33,"playtime":2441,"items_purged":[],"score":460,"play_id":"23b6feda-c17e-4ef5-9c67-b18cc99ebdf6","local_time":"20190120160949","is_ascension_mode":true,"campfire_choices":[{"data":"Strike_G","floor":7.0,"key":"PURGE"},{"data":"Strike_G","floor":15.0,"key":"PURGE"},{"data":"Strike_G","floor":25.0,"key":"PURGE"},{"floor":32.0,"key":"REST"}],"neow_cost":"NO_GOLD","seed_source_timestamp":4584853680987,"circlet_count":0,"master_deck":["Defend_G","Defend_G","Defend_G","Defend_G","Defend_G","Survivor","Neutralize","Caltrops","Riddle With Holes","Infinite Blades","Accuracy","Backflip","Leg Sweep","Backstab","Flechettes","Grand Finale","Envenom","Riddle With Holes+1","Prepared","Blade Dance","Calculated Gamble+1","Backstab","Acrobatics","Reflex","Blade Dance","Storm of Steel"],"special_seed":0,"relics":["Ring of the Snake","Thread and Needle","Peace Pipe","Smiling Mask","FossilizedHelix","Blood Vial","Black Star","Lantern","Pear","Darkstone Periapt","Gremlin Horn","Prayer Wheel","Meat on the Bone","Juzu Bracelet","Pen Nib","Red Mask"],"potions_floor_usage":[33,33],"damage_taken":[{"damage":0.0,"enemies":"2 Louse","floor":1.0,"turns":3.0},{"damage":0.0,"enemies":"Small Slimes","floor":5.0,"turns":3.0},{"damage":5.0,"enemies":"3 Sentries","floor":6.0,"turns":7.0},{"damage":0.0,"enemies":"Cultist","floor":8.0,"turns":4.0},{"damage":28.0,"enemies":"Lagavulin","floor":10.0,"turns":8.0},{"damage":0.0,"enemies":"Large Slime","floor":12.0,"turns":9.0},{"damage":0.0,"enemies":"Lots of Slimes","floor":13.0,"turns":2.0},{"damage":0.0,"enemies":"Gremlin Gang","floor":14.0,"turns":6.0},{"damage":11.0,"enemies":"Slime Boss","floor":16.0,"turns":14.0},{"damage":0.0,"enemies":"2 Thieves","floor":18.0,"turns":5.0},{"damage":0.0,"enemies":"Chosen","floor":20.0,"turns":4.0},{"damage":8.0,"enemies":"Snake Plant","floor":21.0,"turns":6.0},{"damage":0.0,"enemies":"Centurion and Healer","floor":22.0,"turns":6.0},{"damage":9.0,"enemies":"Slavers","floor":23.0,"turns":8.0},{"damage":0.0,"enemies":"3 Cultists","floor":24.0,"turns":3.0},{"damage":7.0,"enemies":"Gremlin Leader","floor":27.0,"turns":7.0},{"damage":13.0,"enemies":"Cultist and Chosen","floor":28.0,"turns":9.0},{"damage":44.0,"enemies":"Book of Stabbing","floor":30.0,"turns":6.0},{"damage":5.0,"enemies":"Masked Bandits","floor":31.0,"turns":7.0},{"damage":65,"enemies":"Collector","floor":33,"turns":7}],"seed_played":"895750242470229224","potions_obtained":[{"floor":5.0,"key":"PowerPotion"},{"floor":11.0,"key":"SneckoOil"},{"floor":11.0,"key":"Explosive Potion"},{"floor":12.0,"key":"Poison Potion"},{"floor":13.0,"key":"SpeedPotion"},{"floor":20.0,"key":"Weak Potion"},{"floor":21.0,"key":"Energy Potion"},{"floor":23.0,"key":"Poison Potion"},{"floor":28.0,"key":"GhostInAJar"}],"is_trial":false,"path_per_floor":["M","?","?","$","M","E","R","M","T","E","?","M","M","M","R","B",null,"M","$","M","M","M","E","M","R","T","E","M","T","E","?","R","B"],"character_chosen":"THE_SILENT","items_purchased":["Lantern"],"campfire_rested":1,"item_purchase_floors":[19],"current_hp_per_floor":[63,56,56,56,56,51,51,51,51,23,23,25,27,29,29,20,58,60,60,62,56,58,61,63,63,63,58,47,47,17,26,50,0],"gold":189,"neow_bonus":"TRANSFORM_TWO_CARDS","is_prod":false,"is_daily":false,"chose_seed":false,"campfire_upgraded":0,"win_rate":0,"timestamp":1547996989,"path_taken":["M","?","?","$","?","E","R","M","T","E","?","M","?","M","R","BOSS","M","$","?","M","?","E","M","R","T","E","M","?","E","?","R","BOSS"],"build_version":"2019-01-17v2","purchased_purges":0,"victory":false,"max_hp_per_floor":[70,70,70,70,70,70,70,70,70,70,70,70,70,70,70,70,70,70,70,70,70,70,80,80,80,80,80,80,80,80,80,80,80],"card_choices":[{"not_picked":["Poisoned Stab","Slice"],"picked":"Riddle With Holes","floor":1.0},{"not_picked":["Heel Hook","Prepared"],"picked":"Infinite Blades","floor":5.0},{"not_picked":["Tactician","Masterful Stab"],"picked":"Accuracy","floor":6.0},{"not_picked":["Underhanded Strike","PiercingWail"],"picked":"Backflip","floor":8.0},{"not_picked":["Catalyst","Calculated Gamble"],"picked":"Leg Sweep","floor":10.0},{"not_picked":["Well Laid Plans","Quick Slash"],"picked":"Backstab","floor":12.0},{"not_picked":["Acrobatics","Predator"],"picked":"Flechettes","floor":13.0},{"not_picked":["Acrobatics","Dash"],"picked":"Grand Finale","floor":14.0},{"not_picked":["Venomology","Bullet Time"],"picked":"Envenom","floor":16.0},{"not_picked":["Bane","Dash+1"],"picked":"Riddle With Holes+1","floor":18.0},{"not_picked":["Choke","Quick Slash+1","Bane"],"picked":"SKIP","floor":20.0},{"not_picked":["PiercingWail+1","Poisoned Stab"],"picked":"Prepared","floor":21.0},{"not_picked":["Acrobatics","A Thousand Cuts"],"picked":"Blade Dance","floor":22.0},{"not_picked":["Riddle With Holes+1","Underhanded Strike"],"picked":"Calculated Gamble+1","floor":23.0},{"not_picked":["Bane","Flying Knee"],"picked":"Backstab","floor":24.0},{"not_picked":["Dagger Throw+1","Predator"],"picked":"Acrobatics","floor":27.0},{"not_picked":["PiercingWail","Dagger Throw+1"],"picked":"Reflex","floor":28.0},{"not_picked":["Outmaneuver","Dagger Spray+1","Crippling Poison"],"picked":"SKIP","floor":28.0},{"not_picked":["Dodge and Roll","Terror"],"picked":"Blade Dance","floor":30.0},{"not_picked":["Deflect","Outmaneuver"],"picked":"Storm of Steel","floor":31.0}],"player_experience":230729,"relics_obtained":[{"floor":6.0,"key":"Smiling Mask"},{"floor":9.0,"key":"FossilizedHelix"},{"floor":10.0,"key":"Blood Vial"},{"floor":23.0,"key":"Pear"},{"floor":23.0,"key":"Darkstone Periapt"},{"floor":26.0,"key":"Gremlin Horn"},{"floor":27.0,"key":"Prayer Wheel"},{"floor":29.0,"key":"Meat on the Bone"},{"floor":30.0,"key":"Juzu Bracelet"},{"floor":30.0,"key":"Pen Nib"},{"floor":31.0,"key":"Red Mask"}],"event_choices":[{"damage_healed":0.0,"max_hp_gain":0.0,"max_hp_loss":0.0,"gold_gain":0.0,"event_name":"Scrap Ooze","player_choice":"Success","floor":2.0,"gold_loss":0.0,"damage_taken":7.0,"relics_obtained":["Thread and Needle"]},{"cards_removed":["Slice"],"damage_healed":0.0,"max_hp_gain":0.0,"max_hp_loss":0.0,"gold_gain":0.0,"event_name":"WeMeetAgain","player_choice":"Gave Card","floor":3.0,"gold_loss":0.0,"damage_taken":0.0,"relics_obtained":["Peace Pipe"]},{"damage_healed":0.0,"max_hp_gain":0.0,"max_hp_loss":0.0,"gold_gain":0.0,"event_name":"The Woman in Blue","player_choice":"Bought 2 Potions","floor":11.0,"gold_loss":0.0,"damage_taken":0.0},{"damage_healed":0.0,"max_hp_gain":0.0,"max_hp_loss":0.0,"gold_gain":0.0,"event_name":"Masked Bandits","player_choice":"Fought Bandits","floor":31.0,"gold_loss":0.0,"damage_taken":0.0}],"is_beta":false,"boss_relics":[{"not_picked":["Runic Dome","Tiny House"],"picked":"Black Star"}],"items_purged_floors":[],"is_endless":false,"potions_floor_spawned":[5,12,13,20,21,23,28],"killed_by":"Collector","ascension_level":9}