{"path_per_floor":["M","M","?","M","$","R","E","R","T","?","M","M","R","M","R","B",null,"M","M","?","$","M","R","M","R","T","?","R","$","M","M","R"],"character_chosen":"DEFECT","items_purchased":["Pantograph"],"gold_per_floor":[112,126,126,142,67,67,102,102,102,102,114,128,128,146,146,248,248,267,282,282,24,39,39,55,55,55,55,55,55,67,79,79,79],"floor_reached":33,"campfire_rested":5,"playtime":1132,"current_hp_per_floor":[74,69,62,56,56,56,42,64,64,64,64,48,48,43,65,16,75,46,10,10,10,27,49,30,30,30,30,52,52,25,25,47,0],"items_purged":["Defend_B"],"gold":79,"score":249,"play_id":"47a36337-da18-4561-91f4-30ddebc3dddb","local_time":"20180501222811","is_prod":false,"is_daily":false,"chose_seed":false,"is_ascension_mode":false,"campfire_upgraded":3,"timestamp":1525206491,"path_taken":["M","M","?","?","?","R","E","R","T","?","M","?","R","M","R","BOSS","M","?","?","$","?","R","M","R","T","?","R","?","M","M","R","BOSS"],"build_version":"2018-04-30","seed_source_timestamp":37446291908994,"purchased_purges":1,"victory":false,"master_deck":["Strike_B+1","Strike_B+1","Strike_B+1","Strike_B+1","Defend_B+1","Defend_B+1","Zap+1","Dualcast","Undo","Ball Lightning+1","Thunder Strike+1","Trip","Tempest","Undo+1"],"max_hp_per_floor":[75,75,75,75,75,75,75,75,75,75,75,75,75,75,75,75,75,75,75,75,75,75,75,75,75,75,75,75,75,75,75,75,75],"relics":["Cracked Core","Unceasing Top","Centennial Puzzle","Lizard Tail","Pantograph","Molten Egg 2"],"card_choices":[{"not_picked":["Rip and Tear","Steam Power"],"picked":"Undo","floor":1},{"not_picked":["Axe Kick","Coolheaded"],"picked":"Ball Lightning","floor":12},{"not_picked":["Fission","Echo Form"],"picked":"Thunder Strike","floor":16},{"not_picked":["Go for the Eyes","Hello World"],"picked":"Tempest","floor":24},{"not_picked":["Turbo","Aggregate"],"picked":"Undo","floor":30}],"player_experience":12980,"potions_floor_usage":[7,16,16,22,33,33,33],"damage_taken":[{"damage":1,"enemies":"2 Louse","floor":1,"turns":3},{"damage":5,"enemies":"Small Slimes","floor":2,"turns":4},{"damage":6,"enemies":"Cultist","floor":4,"turns":3},{"damage":17,"enemies":"3 Sentries","floor":7,"turns":6},{"damage":13,"enemies":"Red Slaver","floor":11,"turns":3},{"damage":16,"enemies":"Large Slime","floor":12,"turns":4},{"damage":5,"enemies":"Looter","floor":14,"turns":2},{"damage":60,"enemies":"The Guardian","floor":16,"turns":9},{"damage":47,"enemies":"Shell Parasite","floor":18,"turns":5},{"damage":56,"enemies":"2 Thieves","floor":19,"turns":4},{"damage":29,"enemies":"Chosen and Byrds","floor":22,"turns":5},{"damage":30,"enemies":"Cultist and Chosen","floor":24,"turns":6},{"damage":45,"enemies":"3 Cultists","floor":30,"turns":4},{"damage":0,"enemies":"Chosen and Byrds","floor":31,"turns":4},{"damage":89,"enemies":"Automaton","floor":33,"turns":6}],"event_choices":[{"event_name":"Golden Wing","player_choice":"Card Removal","floor":3,"damage_taken":0},{"event_name":"Match and Keep!","player_choice":"1 cards matched","floor":10,"damage_taken":0},{"event_name":"Transmorgrifier","player_choice":"Transform","floor":20,"damage_taken":0},{"event_name":"Back to Basics","player_choice":"Simplicity","floor":27,"damage_taken":0}],"boss_relics":[{"not_picked":["Runic Pyramid","Calling Bell"],"picked":"Lizard Tail"}],"potions_floor_spawned":[1,2,4,14,19,22,24,31],"seed_played":"8245330394273264657","killed_by":"Automaton","ascension_level":0,"is_trial":false}