{"gold_per_floor":[111,81,98,48,48,78,78,96,149,149,166,180,193,193,193,295,295,312,22,22,22,38,38,38,38,91,103,130,152,178,200,212,224],"floor_reached":33,"playtime":1732,"items_purged":[],"score":274,"play_id":"b2dd6384-4608-4360-bb42-b47eb84d0018","local_time":"20181021140216","is_ascension_mode":false,"campfire_choices":[{"data":"Inflame","floor":7,"key":"SMITH"},{"data":"Armaments","floor":15,"key":"SMITH"},{"data":"Bash","floor":23,"key":"SMITH"},{"data":"Clothesline","floor":25,"key":"SMITH"},{"data":"Combust","floor":27,"key":"SMITH"},{"floor":32,"key":"REST"}],"neow_cost":"NONE","seed_source_timestamp":850170494514580,"circlet_count":0,"master_deck":["Strike_R","Strike_R","Strike_R","Strike_R","Strike_R","Defend_R","Bash+1","Pummel","Inflame+1","Iron Wave","Whirlwind+1","Combust+1","Armaments+1","Iron Wave+1","Clothesline","Limit Break","Flex","Heavy Blade","Clothesline+1","Anger","Infernal Blade","Immolate","Clash","Clothesline+1"],"relics":["Burning Blood","NeowsBlessing","Happy Flower","Red Skull","Eternal Feather","Bottled Tornado","Lantern","MawBank"],"potions_floor_usage":[6,12,18,29,29,29,33,33],"damage_taken":[{"damage":0,"enemies":"Cultist","floor":1,"turns":1},{"damage":0,"enemies":"Small Slimes","floor":3,"turns":1},{"damage":0,"enemies":"Gremlin Nob","floor":6,"turns":1},{"damage":1,"enemies":"Jaw Worm","floor":8,"turns":2},{"damage":4,"enemies":"2 Fungi Beasts","floor":11,"turns":2},{"damage":10,"enemies":"Exordium Wildlife","floor":12,"turns":2},{"damage":13,"enemies":"3 Louse","floor":13,"turns":2},{"damage":12,"enemies":"Hexaghost","floor":16,"turns":7},{"damage":12,"enemies":"Spheric Guardian","floor":18,"turns":3},{"damage":18,"enemies":"Shell Parasite","floor":22,"turns":3},{"damage":32,"enemies":"Shelled Parasite and Fungi","floor":28,"turns":4},{"damage":16,"enemies":"Cultist and Chosen","floor":29,"turns":3},{"damage":19,"enemies":"Centurion and Healer","floor":30,"turns":3},{"damage":11,"enemies":"3 Cultists","floor":31,"turns":4},{"damage":44,"enemies":"Champ","floor":33,"turns":7}],"seed_played":"1417936546407251938","potions_obtained":[{"floor":1,"key":"EssenceOfSteel"},{"floor":2,"key":"Poison Potion"},{"floor":2,"key":"EntropicBrew"},{"floor":8,"key":"Ancient Potion"},{"floor":16,"key":"Fire Potion"},{"floor":28,"key":"Explosive Potion"},{"floor":30,"key":"Energy Potion"},{"floor":31,"key":"AttackPotion"}],"is_trial":false,"path_per_floor":["M","?","M","?","?","E","R","M","T","?","M","M","M","?","R","B",null,"M","$","?","?","M","R","?","R","T","R","M","M","M","M","R"],"character_chosen":"IRONCLAD","items_purchased":["Bottled Tornado","Heavy Blade"],"campfire_rested":1,"item_purchase_floors":[19,19],"current_hp_per_floor":[80,80,80,80,73,79,79,80,80,80,80,76,69,53,53,47,80,74,74,66,66,54,63,63,75,75,80,54,52,39,34,70,26],"gold":224,"neow_bonus":"THREE_ENEMY_KILL","is_prod":false,"is_daily":false,"chose_seed":false,"campfire_upgraded":5,"win_rate":0.0,"timestamp":1540083736,"path_taken":["M","?","M","?","?","E","R","M","T","?","?","M","M","?","R","BOSS","M","$","?","?","?","R","?","R","T","R","M","?","M","M","R","BOSS"],"build_version":"2018-10-18","purchased_purges":0,"victory":false,"max_hp_per_floor":[80,80,80,80,80,80,80,80,80,80,80,80,80,80,80,80,80,80,80,80,80,80,80,80,80,80,80,80,80,80,80,80,80],"card_choices":[{"not_picked":["Ghostly Armor","Clash"],"picked":"Pummel","floor":1},{"not_picked":["Clothesline","Rampage"],"picked":"Inflame","floor":3},{"not_picked":["Second Wind","Reckless Charge"],"picked":"Iron Wave","floor":6},{"not_picked":["Body Slam","Armaments"],"picked":"Whirlwind","floor":8},{"not_picked":["Clothesline","Sever Soul"],"picked":"Armaments","floor":11},{"not_picked":["Entrench","Limit Break"],"picked":"Iron Wave","floor":12},{"not_picked":["Blood for Blood","Rupture"],"picked":"Clothesline","floor":13},{"not_picked":["Dark Embrace","Berserk"],"picked":"Limit Break","floor":16},{"not_picked":["Anger","Sword Boomerang"],"picked":"Flex","floor":18},{"not_picked":["Pommel Strike","Dropkick"],"picked":"Clothesline","floor":22},{"not_picked":["Hemokinesis","Intimidate"],"picked":"Infernal Blade","floor":28},{"not_picked":["Warcry","Pommel Strike+1"],"picked":"Immolate","floor":29},{"not_picked":["Reckless Charge+1","Havoc"],"picked":"Clash","floor":30},{"not_picked":["Power Through+1","Wild Strike"],"picked":"Clothesline+1","floor":31}],"player_experience":158910,"relics_obtained":[{"floor":6,"key":"Happy Flower"},{"floor":9,"key":"Red Skull"},{"floor":26,"key":"MawBank"}],"event_choices":[{"damage_healed":0,"gold_gain":0,"player_choice":"Bought 2 Potions","damage_taken":0,"max_hp_gain":0,"max_hp_loss":0,"event_name":"The Woman in Blue","floor":2,"gold_loss":0},{"cards_removed":["Defend_R"],"damage_healed":0,"gold_gain":0,"player_choice":"Card Removal","damage_taken":0,"max_hp_gain":0,"max_hp_loss":0,"event_name":"The Cleric","floor":4,"gold_loss":50},{"cards_removed":["Defend_R"],"damage_healed":0,"gold_gain":0,"player_choice":"Card Removal","damage_taken":7,"max_hp_gain":0,"max_hp_loss":0,"event_name":"Golden Wing","floor":5,"gold_loss":0},{"damage_healed":0,"gold_gain":0,"cards_transformed":["Defend_R"],"player_choice":"Change","damage_taken":0,"max_hp_gain":0,"max_hp_loss":0,"event_name":"Living Wall","floor":10,"gold_loss":0,"cards_obtained":["Combust"]},{"damage_healed":0,"gold_gain":0,"player_choice":"Entered Light","damage_taken":16,"max_hp_gain":0,"max_hp_loss":0,"event_name":"Shining Light","floor":14,"gold_loss":0,"cards_upgraded":["Iron Wave","Whirlwind"]},{"damage_healed":0,"gold_gain":0,"player_choice":"","damage_taken":8,"max_hp_gain":0,"max_hp_loss":0,"event_name":"Knowing Skull","floor":20,"potions_obtained":[],"gold_loss":0,"cards_obtained":[]},{"damage_healed":0,"gold_gain":0,"player_choice":"Opened","damage_taken":0,"relics_obtained":["Lantern"],"max_hp_gain":0,"max_hp_loss":0,"event_name":"The Mausoleum","floor":21,"gold_loss":0},{"damage_healed":0,"gold_gain":0,"player_choice":"Read","damage_taken":0,"max_hp_gain":0,"max_hp_loss":0,"event_name":"The Library","floor":24,"gold_loss":0,"cards_obtained":["Anger"]}],"is_beta":false,"boss_relics":[{"not_picked":["Philosopher\u0027s Stone","Ectoplasm"],"picked":"Eternal Feather"}],"items_purged_floors":[],"is_endless":false,"potions_floor_spawned":[1,3,8,16,28,30,31],"killed_by":"Champ","ascension_level":0}