{"gold_per_floor":[109,125,300,314,44,44,59,73,73,73,91,119,130,142,142,247,247,262,276,25,25],"floor_reached":21,"playtime":8269,"items_purged":["Strike_G","Doubt"],"score":175,"play_id":"643f0a70-a7cc-40f7-8a84-33b02c11581d","local_time":"20181026193121","is_ascension_mode":false,"campfire_choices":[{"data":"Apotheosis","floor":6,"key":"SMITH"},{"floor":10,"key":"REST"},{"floor":15,"key":"REST"}],"neow_cost":"NONE","seed_source_timestamp":1295388777202701,"circlet_count":0,"master_deck":["Survivor","Neutralize","Concentrate","Infinite Blades","Choke","Cloak And Dagger","Apotheosis+1","Endless Agony","Terror","Catalyst","Endless Agony","Noxious Fumes","Phantasmal Killer","Blur","Acrobatics","Riddle With Holes","Sucker Punch","Backstab","Underhanded Strike","All Out Attack","Deflect","Finisher","All Out Attack"],"relics":["Ring of the Snake","Potion Belt","Odd Mushroom","Pandora\u0027s Box","Art of War"],"potions_floor_usage":[8,12,14,16,16,18],"damage_taken":[{"damage":1,"enemies":"Cultist","floor":1,"turns":4},{"damage":2,"enemies":"2 Louse","floor":2,"turns":3},{"damage":5,"enemies":"Small Slimes","floor":4,"turns":3},{"damage":12,"enemies":"2 Fungi Beasts","floor":7,"turns":4},{"damage":7,"enemies":"3 Louse","floor":8,"turns":4},{"damage":10,"enemies":"Looter","floor":11,"turns":4},{"damage":22,"enemies":"The Mushroom Lair","floor":12,"turns":5},{"damage":0,"enemies":"Large Slime","floor":13,"turns":6},{"damage":0,"enemies":"Gremlin Gang","floor":14,"turns":2},{"damage":36,"enemies":"Hexaghost","floor":16,"turns":5},{"damage":25,"enemies":"Spheric Guardian","floor":18,"turns":5},{"damage":23,"enemies":"3 Byrds","floor":19,"turns":6},{"damage":21,"enemies":"Centurion and Healer","floor":21,"turns":4}],"seed_played":"6695389935501143962","potions_obtained":[{"floor":1,"key":"Strength Potion"},{"floor":4,"key":"Energy Potion"},{"floor":11,"key":"Strength Potion"},{"floor":13,"key":"Explosive Potion"},{"floor":14,"key":"Fire Potion"},{"floor":16,"key":"PowerPotion"},{"floor":18,"key":"FearPotion"}],"is_trial":false,"path_per_floor":["M","M","?","M","$","R","M","M","T","R","M","?","M","M","R","B",null,"M","M","$"],"character_chosen":"THE_SILENT","items_purchased":["Apotheosis","Art of War"],"campfire_rested":2,"item_purchase_floors":[5,20],"current_hp_per_floor":[69,67,67,62,62,62,50,43,43,64,54,32,32,32,53,17,70,45,22,22,1],"gold":25,"neow_bonus":"TRANSFORM_CARD","is_prod":false,"is_daily":false,"chose_seed":false,"campfire_upgraded":1,"win_rate":0.0,"timestamp":1540535481,"path_taken":["M","M","?","?","$","R","M","M","T","R","M","?","M","M","R","BOSS","M","M","$","M"],"build_version":"2018-10-18","purchased_purges":2,"victory":false,"max_hp_per_floor":[70,70,70,70,70,70,70,70,70,70,70,70,70,70,70,70,70,70,70,70,70],"card_choices":[{"not_picked":["Accuracy","Backflip"],"picked":"Infinite Blades","floor":1},{"not_picked":["Masterful Stab","Acrobatics"],"picked":"Choke","floor":2},{"not_picked":["Prepared","Concentrate"],"picked":"Cloak And Dagger","floor":4},{"not_picked":["Infinite Blades","Dodge and Roll","Underhanded Strike"],"picked":"SKIP","floor":7},{"not_picked":["Dagger Spray","Infinite Blades"],"picked":"Endless Agony","floor":8},{"not_picked":["Cloak And Dagger","Deadly Poison"],"picked":"Terror","floor":11},{"not_picked":["Calculated Gamble","Bane"],"picked":"Catalyst","floor":12},{"not_picked":["Expertise","Blur"],"picked":"Endless Agony","floor":13},{"not_picked":["Underhanded Strike","Blade Dance"],"picked":"Noxious Fumes","floor":14},{"not_picked":["Tools of the Trade","Malaise"],"picked":"Phantasmal Killer","floor":16},{"not_picked":["Blur","PiercingWail"],"picked":"Finisher","floor":18},{"not_picked":["Dagger Spray","Cloak And Dagger"],"picked":"All Out Attack","floor":19}],"player_experience":234995,"relics_obtained":[{"floor":9,"key":"Potion Belt"},{"floor":12,"key":"Odd Mushroom"}],"event_choices":[{"damage_healed":0,"gold_gain":175,"player_choice":"AGREE","damage_taken":0,"max_hp_gain":0,"max_hp_loss":0,"event_name":"Liars Game","floor":3,"gold_loss":0,"cards_obtained":["Doubt"]},{"damage_healed":0,"gold_gain":0,"player_choice":"Fought Mushrooms","damage_taken":0,"max_hp_gain":0,"max_hp_loss":0,"event_name":"Mushrooms","floor":12,"gold_loss":0}],"is_beta":false,"boss_relics":[{"not_picked":["Calling Bell","Empty Cage"],"picked":"Pandora\u0027s Box"}],"items_purged_floors":[5,20],"is_endless":false,"potions_floor_spawned":[1,4,11,13,14,16,18],"killed_by":"Centurion and Healer","ascension_level":0}