{"path_per_floor":["M","M","?","M","?","R","M","E","T","M","R","E","R","M","R","B",null,"M","?","?","M","$","E","?","$","T","E","R","M","M","$","R"],"character_chosen":"IRONCLAD","items_purchased":["Lee\u0027s Waffle","Spot Weakness","Strength Potion","Fire Potion","Swift Potion"],"gold_per_floor":[114,129,304,318,318,318,336,361,388,404,404,439,439,459,459,562,562,578,578,478,490,130,165,165,65,365,393,393,406,421,145,145],"floor_reached":33,"campfire_rested":2,"playtime":1016,"current_hp_per_floor":[80,80,80,80,80,80,65,46,46,42,42,24,24,30,54,27,80,74,59,59,60,92,80,80,80,80,49,49,37,27,27,54],"items_purged":["Doubt","Defend_R","Defend_R"],"gold":145,"score":295,"play_id":"4822c802-b900-446c-bbb5-4abb4859eb98","is_prod":false,"is_daily":false,"is_ascension_mode":false,"campfire_upgraded":3,"path_taken":["M","?","?","M","?","R","M","E","T","M","R","E","R","M","R","BOSS","M","?","?","M","?","E","?","?","T","E","R","?","M","$","R","BOSS"],"build_version":"2018-02-15-PROD1","purchased_purges":3,"victory":false,"master_deck":["Strike_R","Strike_R","Strike_R","Strike_R","Strike_R","Bash","Flex+1","Clash","Flex+1","Inflame","Heavy Blade+1","Heavy Blade","Spot Weakness"],"max_hp_per_floor":[80,80,80,80,80,80,80,80,80,80,80,80,80,80,80,80,80,80,85,85,85,92,92,92,92,92,92,92,92,92,92,92],"relics":["Burning Blood","NeowsBlessing","Bird Faced Urn","Bronze Scales","Orichalcum","Question Card","Lee\u0027s Waffle","Unceasing Top","Darkstone Periapt","Old Coin","Peace Pipe"],"card_choices":[{"not_picked":["Feel No Pain","Pommel Strike"],"picked":"Flex"},{"not_picked":["Anger","Headbutt"],"picked":"Clash"},{"not_picked":["Wild Strike","Sever Soul"],"picked":"Inflame"},{"not_picked":["Clothesline","Headbutt"],"picked":"Heavy Blade"},{"not_picked":["Pommel Strike","Warcry"],"picked":"Heavy Blade"}],"player_experience":87171,"potions_floor_usage":[14,18,23,30,30,33,33,33],"damage_taken":[{"damage":0,"enemies":"Cultist","floor":1,"turns":1},{"damage":0,"enemies":"2 Louse","floor":2,"turns":1},{"damage":0,"enemies":"Small Slimes","floor":4,"turns":1},{"damage":21,"enemies":"Exordium Thugs","floor":7,"turns":4},{"damage":25,"enemies":"Gremlin Nob","floor":8,"turns":4},{"damage":10,"enemies":"Looter","floor":10,"turns":2},{"damage":26,"enemies":"Lagavulin","floor":12,"turns":6},{"damage":0,"enemies":"Exordium Wildlife","floor":14,"turns":2},{"damage":35,"enemies":"Hexaghost","floor":16,"turns":7},{"damage":12,"enemies":"Shell Parasite","floor":18,"turns":3},{"damage":7,"enemies":"Spheric Guardian","floor":21,"turns":3},{"damage":18,"enemies":"Book of Stabbing","floor":23,"turns":3},{"damage":39,"enemies":"Gremlin Leader","floor":27,"turns":4},{"damage":20,"enemies":"Chosen and Byrds","floor":29,"turns":4},{"damage":18,"enemies":"Slaver and Parasite","floor":30,"turns":2},{"damage":67,"enemies":"Automaton","floor":33,"turns":6}],"event_choices":[{"event_name":"Liars Game","player_choice":"agreed","floor":3,"damage_taken":0},{"event_name":"Transmorgrifier","player_choice":"Transform","floor":5,"damage_taken":0},{"event_name":"Forgotten Altar","player_choice":"Shed Blood","floor":19,"damage_taken":0},{"event_name":"Drug Dealer","player_choice":"Got JAXXED","floor":20,"damage_taken":0},{"event_name":"Addict","player_choice":"Gave JAX","floor":24,"damage_taken":0}],"boss_relics":[{"not_picked":["Mark of Pain","Cursed Key"],"picked":"Question Card"}],"potions_floor_spawned":[1,10,16,27,29],"seed_played":"1308654436152801097","killed_by":"Automaton","ascension_level":0,"is_trial":false}