{"gold_per_floor":[117,67,67,82,94,94,123,48,48,61,61,8,8,20,20,119,119,133,133,148,48,58,58,58,58,137,137,92,92,92,106,106,206,206,219,94,94,106,34,34,64,64,109,142,142,142,192,242,242,242],"floor_reached":51,"playtime":428,"items_purged":["Defend_R","Strike_R","Strike_R"],"score":697,"play_id":"c26ed0eb-b5bb-4c85-93ed-affa26289f95","local_time":"20180702161520","is_ascension_mode":false,"campfire_choices":[{"data":"Bash","floor":6,"key":"SMITH"},{"data":"Strike_R","floor":11,"key":"SMITH"},{"data":"Clash","floor":15,"key":"SMITH"},{"data":"Whirlwind","floor":23,"key":"SMITH"},{"data":"Strike_R","floor":27,"key":"SMITH"},{"data":"Flex","floor":30,"key":"SMITH"},{"data":"Strike_R","floor":32,"key":"SMITH"},{"floor":40,"key":"REST"},{"floor":42,"key":"REST"},{"floor":49,"key":"REST"}],"neow_cost":"NONE","seed_source_timestamp":0,"circlet_count":0,"master_deck":["Strike_R+1","Strike_R+1","Bash+1","Clash+1","Double Tap+1","Whirlwind+1","Whirlwind+1","Flex+1","Clash+1","Limit Break+1","Clash+1","Panacea+1","Seeing Red+1"],"relics":["Burning Blood","NeowsBlessing","Pantograph","Meat on the Bone","Runic Dome","Matryoshka","Fusion Hammer","Dodecahedron","Centennial Puzzle","Orichalcum","Singing Bowl","Mark of the Bloom","SsserpentHead"],"potions_floor_usage":[33,50,50,50],"damage_taken":[{"damage":0,"enemies":"2 Louse","floor":1,"turns":1},{"damage":0,"enemies":"Small Slimes","floor":4,"turns":1},{"damage":0,"enemies":"Cultist","floor":5,"turns":1},{"damage":36,"enemies":"Gremlin Nob","floor":7,"turns":5},{"damage":20,"enemies":"Looter","floor":10,"turns":3},{"damage":13,"enemies":"Red Slaver","floor":14,"turns":2},{"damage":50,"enemies":"Hexaghost","floor":16,"turns":6},{"damage":10,"enemies":"Spheric Guardian","floor":18,"turns":3},{"damage":0,"enemies":"3 Byrds","floor":20,"turns":2},{"damage":30,"enemies":"Sentry and Sphere","floor":22,"turns":4},{"damage":20,"enemies":"Centurion and Healer","floor":31,"turns":2},{"damage":18,"enemies":"Collector","floor":33,"turns":3},{"damage":25,"enemies":"Orb Walker","floor":35,"turns":3},{"damage":0,"enemies":"3 Darklings","floor":38,"turns":2},{"damage":18,"enemies":"Nemesis","floor":41,"turns":3},{"damage":33,"enemies":"2 Orb Walkers","floor":44,"turns":3},{"damage":14,"enemies":"Donu and Deca","floor":50,"turns":2}],"seed_played":"1298","potions_obtained":[{"floor":7,"key":"PowerPotion"},{"floor":10,"key":"LiquidBronze"},{"floor":16,"key":"Regen Potion"},{"floor":31,"key":"Energy Potion"},{"floor":33,"key":"SteroidPotion"}],"is_trial":false,"path_per_floor":["M","?","?","M","M","R","E","$","T","M","R","$","?","M","R","B",null,"M","?","M","$","M","R","?","?","T","R","$","?","R","M","R","B",null,"M","$","?","M","$","R","E","R","T","E","?","?","?","?","R","B"],"character_chosen":"IRONCLAD","items_purchased":["Clash","Flex","Seeing Red"],"campfire_rested":3,"item_purchase_floors":[12,28,39],"current_hp_per_floor":[80,80,80,80,80,80,50,50,50,48,48,48,41,46,46,39,80,76,76,80,80,56,56,56,56,56,56,56,48,48,46,46,59,80,61,61,61,67,67,80,68,80,80,53,53,53,53,53,53,39],"gold":242,"neow_bonus":"THREE_ENEMY_KILL","is_prod":false,"is_daily":false,"chose_seed":true,"campfire_upgraded":7,"win_rate":0,"timestamp":1530573320,"path_taken":["M","?","?","M","M","R","E","$","T","?","R","$","?","M","R","BOSS","M","?","M","$","?","R","?","?","T","R","$","?","R","M","R","BOSS","M","$","?","M","$","R","E","R","T","E","?","?","?","?","R","BOSS"],"build_version":"2018-06-29","purchased_purges":3,"victory":true,"max_hp_per_floor":[80,80,80,80,80,80,80,80,80,80,80,80,80,80,80,80,80,80,80,80,80,80,80,80,80,80,80,80,80,80,80,80,80,80,80,80,80,80,80,80,80,80,80,80,80,80,80,80,80,80],"card_choices":[{"not_picked":["Immolate","Demon Form"],"picked":"Double Tap","floor":16},{"not_picked":["Evolve","Warcry+1"],"picked":"Whirlwind","floor":18},{"not_picked":["Sword Boomerang","Perfected Strike"],"picked":"Clash+1","floor":31},{"not_picked":["Immolate","Fiend Fire"],"picked":"Limit Break","floor":33},{"not_picked":["Armaments","Entrench"],"picked":"Clash+1","floor":35},{"not_picked":["Good Instincts","Flash of Steel"],"picked":"Panacea","floor":37}],"player_experience":453583,"relics_obtained":[{"floor":7,"key":"Pantograph"},{"floor":9,"key":"Meat on the Bone"},{"floor":26,"key":"Matryoshka"},{"floor":41,"key":"Dodecahedron"},{"floor":43,"key":"Centennial Puzzle"},{"floor":43,"key":"Orichalcum"},{"floor":44,"key":"Singing Bowl"}],"event_choices":[{"event_name":"The Cleric","player_choice":"Card Removal","floor":2,"damage_taken":0},{"event_name":"The Woman in Blue","player_choice":"Bought 0 Potions","floor":3,"damage_taken":0},{"event_name":"Golden Wing","player_choice":"Card Removal","floor":13,"damage_taken":0},{"event_name":"Back to Basics","player_choice":"Elegance","floor":19,"damage_taken":0},{"event_name":"Upgrade Shrine","player_choice":"Upgraded","floor":24,"damage_taken":0},{"event_name":"Duplicator","player_choice":"One dupe","floor":25,"damage_taken":0},{"event_name":"Knowing Skull","player_choice":"","floor":29,"damage_taken":0},{"event_name":"SensoryStone","player_choice":"Memory 1","floor":37,"damage_taken":0},{"event_name":"MindBloom","player_choice":"Upgrade","floor":45,"damage_taken":0},{"event_name":"FaceTrader","player_choice":"Trade","floor":46,"damage_taken":0},{"event_name":"Transmorgrifier","player_choice":"Transform","floor":47,"damage_taken":0},{"event_name":"Falling","player_choice":"Removed Power","floor":48,"damage_taken":0}],"boss_relics":[{"not_picked":["Velvet Choker","Tiny House"],"picked":"Runic Dome"},{"not_picked":["Calling Bell","Orrery"],"picked":"Fusion Hammer"}],"items_purged_floors":[8,21,36],"is_endless":false,"potions_floor_spawned":[7,10,16,31,33,35,41],"ascension_level":0}