{"gold_per_floor":[114,114,129,204,18,18,48,65,65,75,75,94,110,122,122,122],"floor_reached":16,"playtime":863,"items_purged":[],"score":129,"play_id":"38527b89-49b5-4594-b6f1-a110c972acbe","local_time":"20181021130158","is_ascension_mode":false,"campfire_choices":[{"data":"Fusion","floor":6,"key":"SMITH"},{"floor":15,"key":"REST"}],"neow_cost":"NONE","seed_source_timestamp":847422730811502,"circlet_count":0,"master_deck":["Strike_B","Strike_B","Strike_B","Strike_B","Defend_B","Defend_B","Defend_B","Defend_B+1","Zap","Dualcast","Fusion+1","Regret","Blizzard","Blizzard","Darkness+1","FTL","Chill","Chaos","Rebound","Go for the Eyes"],"relics":["Cracked Core","NeowsBlessing","Letter Opener","DataDisk","Oddly Smooth Stone","Strawberry"],"potions_floor_usage":[10,16],"damage_taken":[{"damage":0,"enemies":"Jaw Worm","floor":1,"turns":1},{"damage":0,"enemies":"Cultist","floor":3,"turns":1},{"damage":0,"enemies":"3 Sentries","floor":7,"turns":1},{"damage":0,"enemies":"2 Louse","floor":8,"turns":1},{"damage":6,"enemies":"Large Slime","floor":10,"turns":4},{"damage":3,"enemies":"3 Louse","floor":12,"turns":3},{"damage":2,"enemies":"Blue Slaver","floor":13,"turns":4},{"damage":9,"enemies":"Large Slime","floor":14,"turns":4},{"damage":62,"enemies":"Hexaghost","floor":16,"turns":9}],"seed_played":"3655609556253011540","potions_obtained":[{"floor":1,"key":"Fire Potion"},{"floor":7,"key":"Strength Potion"},{"floor":12,"key":"Strength Potion"}],"is_trial":false,"path_per_floor":["M","?","M","?","$","R","E","M","T","M","?","M","M","M","R"],"character_chosen":"DEFECT","items_purchased":["DataDisk","Blizzard"],"campfire_rested":1,"item_purchase_floors":[5,5],"current_hp_per_floor":[75,75,75,64,64,64,64,64,71,65,49,46,44,35,59,0],"gold":122,"neow_bonus":"THREE_ENEMY_KILL","is_prod":false,"is_daily":false,"chose_seed":false,"campfire_upgraded":1,"win_rate":0.0,"timestamp":1540080118,"path_taken":["M","?","?","?","$","R","E","M","T","M","?","M","M","M","R","BOSS"],"build_version":"2018-10-18","purchased_purges":0,"victory":false,"max_hp_per_floor":[75,75,75,75,75,75,75,75,82,82,82,82,82,82,82,82],"card_choices":[{"not_picked":["Force Field","Sweeping Beam"],"picked":"Fusion","floor":1},{"not_picked":["Cold Snap","Turbo"],"picked":"Blizzard","floor":3},{"not_picked":["Hologram","Sweeping Beam"],"picked":"Darkness","floor":7},{"not_picked":["White Noise","Steam"],"picked":"FTL","floor":8},{"not_picked":["Stack","Blizzard"],"picked":"Chill","floor":10},{"not_picked":["Aggregate","Turbo"],"picked":"Chaos","floor":12},{"not_picked":["Seek","Coolheaded"],"picked":"Rebound","floor":13},{"not_picked":["Conserve Battery","Redo"],"picked":"Go for the Eyes","floor":14}],"player_experience":156226,"relics_obtained":[{"floor":7,"key":"Oddly Smooth Stone"},{"floor":9,"key":"Strawberry"}],"event_choices":[{"damage_healed":0,"gold_gain":0,"player_choice":"Box","damage_taken":0,"relics_obtained":["Letter Opener"],"max_hp_gain":0,"max_hp_loss":0,"event_name":"Big Fish","floor":2,"gold_loss":0,"cards_obtained":["Regret"]},{"damage_healed":0,"gold_gain":75,"player_choice":"Gather Gold","damage_taken":11,"max_hp_gain":0,"max_hp_loss":0,"event_name":"World of Goop","floor":4,"gold_loss":0},{"damage_healed":0,"gold_gain":0,"player_choice":"Entered Light","damage_taken":16,"max_hp_gain":0,"max_hp_loss":0,"event_name":"Shining Light","floor":11,"gold_loss":0,"cards_upgraded":["Darkness","Defend_B"]}],"is_beta":false,"boss_relics":[],"items_purged_floors":[],"is_endless":false,"potions_floor_spawned":[1,7,12],"killed_by":"Hexaghost","ascension_level":0}