{"gold_per_floor":[111,131,142,142,142,142,183,208,254,254],"floor_reached":10,"playtime":252,"items_purged":[],"score":133,"play_id":"1a6ce667-ec50-4cb4-a186-27768140c3fb","local_time":"20190106030312","is_ascension_mode":true,"campfire_choices":[{"data":"Zap","floor":6.0,"key":"SMITH"}],"neow_cost":"NONE","seed_source_timestamp":0,"circlet_count":0,"master_deck":["AscendersBane","Strike_B","Strike_B","Strike_B","Strike_B","Defend_B","Defend_B","Defend_B","Defend_B","Zap+1","Dualcast","Ball Lightning","Rebound","Redo","All For One","Force Field"],"special_seed":0,"relics":["Cracked Core","Golden Idol","Gremlin Horn","Turnip","Happy Flower"],"potions_floor_usage":[8,10],"damage_taken":[{"damage":6.0,"enemies":"Cultist","floor":1.0,"turns":4.0},{"damage":3.0,"enemies":"Small Slimes","floor":2.0,"turns":3.0},{"damage":4.0,"enemies":"Jaw Worm","floor":3.0,"turns":3.0},{"damage":11.0,"enemies":"Gremlin Nob","floor":7.0,"turns":3.0},{"damage":3,"enemies":"Gremlin Gang","floor":8,"turns":3},{"damage":19,"enemies":"3 Sentries","floor":10,"turns":4}],"seed_played":"-8843809309377027309","potions_obtained":[{"floor":1.0,"key":"GamblersBrew"},{"floor":3.0,"key":"EntropicBrew"}],"is_trial":false,"path_per_floor":["M","M","M","?","T","R","E","M","T","E"],"character_chosen":"DEFECT","items_purchased":[],"campfire_rested":0,"item_purchase_floors":[],"current_hp_per_floor":[65,62,58,31,31,31,20,17,17,0],"gold":254,"neow_bonus":"TEN_PERCENT_HP_BONUS","is_prod":false,"is_daily":false,"chose_seed":false,"campfire_upgraded":1,"win_rate":0,"timestamp":1546711392,"path_taken":["M","?","M","?","?","R","E","M","T","E"],"build_version":"2019-01-03v4","purchased_purges":0,"victory":false,"max_hp_per_floor":[78,78,78,78,78,78,78,78,78,78],"card_choices":[{"not_picked":["Stack","Sweeping Beam"],"picked":"Ball Lightning","floor":1.0},{"not_picked":["Sweeping Beam","Barrage"],"picked":"Rebound","floor":2.0},{"not_picked":["Leap","Go for the Eyes"],"picked":"Redo","floor":3.0},{"not_picked":["Fusion","Compile Driver"],"picked":"All For One","floor":7.0},{"not_picked":["Skim","Coolheaded"],"picked":"Force Field","floor":8}],"player_experience":1011936,"relics_obtained":[{"floor":5.0,"key":"Gremlin Horn"},{"floor":7.0,"key":"Turnip"},{"floor":9,"key":"Happy Flower"}],"event_choices":[{"damage_healed":0.0,"max_hp_gain":0.0,"max_hp_loss":0.0,"gold_gain":0.0,"event_name":"Golden Idol","player_choice":"Take Damage","floor":4.0,"gold_loss":0.0,"damage_taken":27.0,"relics_obtained":["Golden Idol"]}],"is_beta":false,"boss_relics":[],"items_purged_floors":[],"is_endless":false,"potions_floor_spawned":[1,3],"killed_by":"3 Sentries","ascension_level":19}