{"gold_per_floor":[115,6,20,39,49,49,49,49,49,76,89,89,114,25,25,99,99,110,30,30,44,44,73,73,73,153,153,180,180,180,196,196,196],"floor_reached":33,"playtime":1040,"items_purged":[],"score":582,"play_id":"1cbf92af-0858-4d8b-b9c2-b3447b60cbdd","local_time":"20190113194439","is_ascension_mode":true,"campfire_choices":[{"data":"Armaments","floor":6.0,"key":"SMITH"},{"data":"Demon Form","floor":8.0,"key":"SMITH"},{"data":"Combust","floor":15.0,"key":"SMITH"},{"floor":24.0,"key":"REST"},{"floor":27,"key":"REST"},{"floor":30,"key":"REST"},{"floor":32,"key":"REST"}],"neow_cost":"NONE","seed_source_timestamp":0,"circlet_count":0,"master_deck":["AscendersBane","Strike_R","Strike_R","Strike_R","Strike_R","Strike_R","Defend_R","Defend_R","Defend_R","Defend_R","Bash","Blood for Blood","Shrug It Off","Armaments+1","Feel No Pain","Demon Form+1","Sword Boomerang","True Grit","Shrug It Off","Combust+1","Juggernaut","Battle Trance","Flame Barrier","Writhe","Flame Barrier","Dual Wield"],"special_seed":0,"relics":["Burning Blood","NeowsBlessing","Anchor","Sundial","Art of War","PreservedInsect","Snecko Eye","Pen Nib","Gremlin Horn","Molten Egg 2","Regal Pillow"],"potions_floor_usage":[33],"damage_taken":[{"damage":0.0,"enemies":"Cultist","floor":1.0,"turns":1.0},{"damage":0.0,"enemies":"Small Slimes","floor":3.0,"turns":1.0},{"damage":0.0,"enemies":"2 Louse","floor":4.0,"turns":1.0},{"damage":7.0,"enemies":"Blue Slaver","floor":5.0,"turns":4.0},{"damage":14.0,"enemies":"Lagavulin","floor":10.0,"turns":7.0},{"damage":13.0,"enemies":"Exordium Wildlife","floor":11.0,"turns":4.0},{"damage":7.0,"enemies":"3 Sentries","floor":13.0,"turns":7.0},{"damage":27.0,"enemies":"Hexaghost","floor":16.0,"turns":9.0},{"damage":17.0,"enemies":"3 Byrds","floor":18.0,"turns":4.0},{"damage":0.0,"enemies":"Chosen","floor":21.0,"turns":4.0},{"damage":24.0,"enemies":"Slavers","floor":23.0,"turns":5.0},{"damage":19,"enemies":"Colosseum Slavers","floor":25,"turns":4},{"damage":51,"enemies":"Gremlin Leader","floor":28,"turns":6},{"damage":11,"enemies":"Sentry and Sphere","floor":31,"turns":6},{"damage":72,"enemies":"Automaton","floor":33,"turns":10}],"seed_played":"452124889570583356","potions_obtained":[{"floor":1.0,"key":"Swift Potion"},{"floor":4.0,"key":"Weak Potion"},{"floor":13.0,"key":"Weak Potion"},{"floor":18.0,"key":"Explosive Potion"},{"floor":21.0,"key":"FearPotion"},{"floor":28,"key":"LiquidBronze"}],"is_trial":false,"path_per_floor":["M","$","M","M","M","R","?","R","T","E","M","?","E","$","R","B",null,"M","$","?","M","?","E","R","?","T","R","E","?","R","M","R","B"],"character_chosen":"IRONCLAD","items_purchased":["Shrug It Off","Armaments","Combust","Flame Barrier"],"campfire_rested":4,"item_purchase_floors":[2,2,14,19],"current_hp_per_floor":[74,74,75,75,74,74,79,79,79,71,64,59,58,58,58,37,69,58,58,58,64,41,23,48,35,35,60,15,15,55,50,85,13],"gold":196,"neow_bonus":"THREE_ENEMY_KILL","is_prod":false,"is_daily":false,"chose_seed":false,"campfire_upgraded":3,"win_rate":0,"timestamp":1547437479,"path_taken":["M","$","M","?","M","R","?","R","T","E","M","?","E","$","R","BOSS","M","$","?","M","?","E","R","?","T","R","E","?","R","M","R","BOSS"],"build_version":"2019-01-10","purchased_purges":0,"victory":false,"max_hp_per_floor":[75,75,75,75,75,75,80,80,80,80,80,80,80,80,80,80,80,80,80,80,80,85,85,85,85,85,85,85,85,85,85,85,85],"card_choices":[{"not_picked":["Body Slam","Twin Strike"],"picked":"Blood for Blood","floor":1.0},{"not_picked":["Headbutt","Body Slam"],"picked":"Feel No Pain","floor":4.0},{"not_picked":["Flame Barrier","Twin Strike"],"picked":"Demon Form","floor":5.0},{"not_picked":["Iron Wave","Cleave"],"picked":"Sword Boomerang","floor":10.0},{"not_picked":["Armaments","Ghostly Armor"],"picked":"True Grit","floor":11.0},{"not_picked":["Armaments","Clash"],"picked":"Shrug It Off","floor":13.0},{"not_picked":["Fiend Fire","Exhume"],"picked":"Juggernaut","floor":16.0},{"not_picked":["Sword Boomerang","Twin Strike"],"picked":"Battle Trance","floor":18.0},{"not_picked":["Shrug It Off","Havoc"],"picked":"Flame Barrier","floor":28},{"not_picked":["Body Slam+1","Pommel Strike+1"],"picked":"Dual Wield","floor":31}],"player_experience":1015030,"relics_obtained":[{"floor":9.0,"key":"Anchor"},{"floor":10.0,"key":"Sundial"},{"floor":13.0,"key":"PreservedInsect"},{"floor":23.0,"key":"Gremlin Horn"},{"floor":26,"key":"Molten Egg 2"},{"floor":28,"key":"Regal Pillow"}],"event_choices":[{"damage_healed":0.0,"max_hp_gain":5.0,"max_hp_loss":0.0,"gold_gain":0.0,"event_name":"Big Fish","player_choice":"Donut","floor":7.0,"gold_loss":0.0,"damage_taken":0.0},{"damage_healed":0.0,"max_hp_gain":0.0,"max_hp_loss":0.0,"gold_gain":0.0,"event_name":"Scrap Ooze","player_choice":"Success","floor":12.0,"gold_loss":0.0,"damage_taken":5.0,"relics_obtained":["Art of War"]},{"damage_healed":0.0,"max_hp_gain":0.0,"max_hp_loss":0.0,"gold_gain":0.0,"event_name":"The Mausoleum","player_choice":"Opened","floor":20.0,"gold_loss":0.0,"damage_taken":0.0,"relics_obtained":["Pen Nib"],"cards_obtained":["Writhe"]},{"damage_healed":0.0,"max_hp_gain":5.0,"max_hp_loss":0.0,"gold_gain":0.0,"event_name":"Forgotten Altar","player_choice":"Shed Blood","floor":22.0,"gold_loss":0.0,"damage_taken":28.0},{"damage_healed":0,"gold_gain":0,"player_choice":"Fight","damage_taken":0,"max_hp_gain":0,"max_hp_loss":0,"event_name":"Colosseum","floor":25,"gold_loss":0},{"damage_healed":0,"gold_gain":0,"player_choice":"Fled From Nobs","damage_taken":0,"max_hp_gain":0,"max_hp_loss":0,"event_name":"Colosseum","floor":25,"gold_loss":0},{"damage_healed":0,"gold_gain":0,"player_choice":"Ignored","damage_taken":0,"max_hp_gain":0,"max_hp_loss":0,"event_name":"Cursed Tome","floor":29,"gold_loss":0}],"is_beta":true,"boss_relics":[{"not_picked":["Runic Pyramid","Eternal Feather"],"picked":"Snecko Eye"}],"items_purged_floors":[],"is_endless":false,"potions_floor_spawned":[1,4,13,18,21,28],"killed_by":"Automaton","ascension_level":20}