{"gold_per_floor":[112,77,77,7,57,57,83,83,83,133,35,104,104,178,178,307,307,326,411,482,506,536,571,571,536,536,536,555,605,164,199,199,319,319,337,387,54,104,169,213,81,81,81,100,150,164,164,189,189,189],"floor_reached":51,"playtime":2589,"items_purged":["Strike_G","Strike_G"],"score":1288,"play_id":"eb2e03d9-a2cc-409a-aa86-ba2a2463fe6b","local_time":"20180927005201","is_ascension_mode":true,"campfire_choices":[{"data":"Footwork","floor":6,"key":"SMITH"},{"data":"Blade Dance","floor":8,"key":"SMITH"},{"data":"Cloak And Dagger","floor":13,"key":"SMITH"},{"data":"Neutralize","floor":15,"key":"SMITH"},{"floor":24,"key":"REST"},{"data":"Cloak And Dagger","floor":27,"key":"SMITH"},{"data":"A Thousand Cuts","floor":32,"key":"SMITH"},{"data":"Envenom","floor":42,"key":"SMITH"},{"data":"Accuracy","floor":47,"key":"SMITH"},{"data":"After Image","floor":49,"key":"SMITH"}],"neow_cost":"","seed_source_timestamp":2250136270274,"circlet_count":0,"master_deck":["Defend_G","Defend_G","Defend_G","Defend_G","Survivor","Neutralize+1","AscendersBane","Infinite Blades","Footwork+1","Blade Dance+1","Deflect","Cloak And Dagger+1","A Thousand Cuts+1","Accuracy+1","Blade Dance+1","Catalyst+1","Cloak And Dagger+1","Dodge and Roll+1","Glass Knife","Backflip","Accuracy+1","Ghostly+1","Ghostly+1","Ghostly+1","Ghostly+1","Ghostly+1","Discovery+1","Prepared+1","Noxious Fumes+1","Envenom+1","Dodge and Roll+1","Footwork","Backstab+1","Escape Plan+1","After Image+1"],"relics":["Ring of the Snake","SsserpentHead","Bag of Preparation","Blue Candle","Kunai","Golden Idol","Astrolabe","Red Mask","StoneCalendar","PreservedInsect","Toxic Egg 2","Molten Egg 2","Singing Bowl","Sozu","Calipers","Mango","Happy Flower","Sundial"],"potions_floor_usage":[18,21,23,33],"damage_taken":[{"damage":1,"enemies":"2 Louse","floor":1,"turns":4},{"damage":11,"enemies":"3 Sentries","floor":7,"turns":12},{"damage":0,"enemies":"Cultist","floor":12,"turns":4},{"damage":0,"enemies":"Jaw Worm","floor":14,"turns":4},{"damage":12,"enemies":"Hexaghost","floor":16,"turns":18},{"damage":1,"enemies":"Shell Parasite","floor":18,"turns":4},{"damage":19,"enemies":"Masked Bandits","floor":19,"turns":3},{"damage":0,"enemies":"3 Byrds","floor":20,"turns":6},{"damage":11,"enemies":"Snake Plant","floor":21,"turns":6},{"damage":0,"enemies":"Gremlin Leader","floor":23,"turns":6},{"damage":16,"enemies":"Shelled Parasite and Fungi","floor":28,"turns":6},{"damage":6,"enemies":"Slavers","floor":31,"turns":6},{"damage":19,"enemies":"Champ","floor":33,"turns":9},{"damage":0,"enemies":"3 Shapes","floor":35,"turns":4},{"damage":2,"enemies":"Orb Walker","floor":39,"turns":4},{"damage":2,"enemies":"2 Orb Walkers","floor":40,"turns":6},{"damage":2,"enemies":"Reptomancer","floor":44,"turns":5},{"damage":1,"enemies":"Maw","floor":46,"turns":6},{"damage":0,"enemies":"Spire Growth","floor":48,"turns":4},{"damage":0,"enemies":"Awakened One","floor":50,"turns":11}],"seed_played":"-3473308173468440894","potions_obtained":[{"floor":1,"key":"Energy Potion"},{"floor":14,"key":"FairyPotion"},{"floor":19,"key":"EssenceOfSteel"},{"floor":21,"key":"Swift Potion"},{"floor":22,"key":"Strength Potion"},{"floor":31,"key":"Ancient Potion"},{"floor":33,"key":"FearPotion"}],"is_trial":false,"path_per_floor":["M","?","?","$","T","R","E","R","T","?","$","M","R","M","R","B",null,"M","?","M","M","?","E","R","?","T","R","M","?","$","E","R","B",null,"M","?","$","?","M","E","$","R","T","M","?","M","R","M","R","B"],"character_chosen":"THE_SILENT","items_purchased":["Footwork","Deflect","Molten Egg 2","Discovery+1","Prepared+1","Calipers","Footwork","Happy Flower","Backstab+1"],"campfire_rested":1,"item_purchase_floors":[4,11,30,30,30,37,37,41,41],"current_hp_per_floor":[62,70,70,70,70,70,59,59,59,59,59,59,59,59,59,47,61,60,41,41,30,30,30,49,49,49,49,33,32,32,26,26,7,26,26,26,26,31,31,45,45,45,45,43,43,44,44,44,44,44],"gold":189,"neow_bonus":"","is_prod":false,"is_daily":false,"chose_seed":false,"campfire_upgraded":9,"win_rate":0,"timestamp":1538002321,"path_taken":["M","?","?","$","?","R","E","R","T","?","$","?","R","?","R","BOSS","M","?","?","M","?","E","R","?","T","R","M","?","?","E","R","BOSS","M","?","$","?","?","E","?","R","T","M","?","M","R","M","R","BOSS"],"build_version":"2018-09-20","purchased_purges":2,"victory":true,"max_hp_per_floor":[70,70,70,70,70,70,70,70,70,65,65,65,65,65,65,65,65,65,65,65,65,65,65,65,65,65,65,65,32,32,32,32,32,32,32,32,32,32,34,50,50,50,50,50,50,52,52,52,52,52],"card_choices":[{"not_picked":["Outmaneuver","Quick Slash"],"picked":"Infinite Blades","floor":1},{"not_picked":["Sucker Punch","Terror"],"picked":"Blade Dance","floor":7},{"not_picked":["Dagger Spray","Backflip"],"picked":"Cloak And Dagger","floor":12},{"not_picked":["Distraction","Escape Plan"],"picked":"Slice","floor":14},{"not_picked":["Glass Knife","Wraith Form v2"],"picked":"A Thousand Cuts","floor":16},{"not_picked":["Caltrops","Dagger Throw"],"picked":"Cloak And Dagger","floor":18},{"not_picked":["Cloak And Dagger","Flying Knee"],"picked":"Dodge and Roll+1","floor":19},{"not_picked":["Quick Slash","Flying Knee","Outmaneuver+1"],"picked":"SKIP","floor":20},{"not_picked":["Tactician","Bouncing Flask"],"picked":"Glass Knife","floor":21},{"not_picked":["Flechettes","Prepared+1"],"picked":"Backflip","floor":23},{"not_picked":["Flying Knee","All Out Attack"],"picked":"Accuracy","floor":28},{"not_picked":["Deadly Poison+1","Riddle With Holes+1"],"picked":"Noxious Fumes+1","floor":31},{"not_picked":["Night Terror+1","Adrenaline+1"],"picked":"Envenom","floor":33},{"not_picked":["Acrobatics+1","All Out Attack+1"],"picked":"Dodge and Roll+1","floor":35},{"not_picked":["Acrobatics+1","Poisoned Stab+1","Quick Slash+1"],"picked":"Singing Bowl","floor":39},{"not_picked":["Outmaneuver+1","Dagger Spray+1","Backflip+1"],"picked":"Singing Bowl","floor":40},{"not_picked":["Blur+1","Underhanded Strike+1"],"picked":"Escape Plan+1","floor":44},{"not_picked":["PiercingWail+1","Predator+1","Expertise+1"],"picked":"Singing Bowl","floor":46},{"not_picked":["PiercingWail+1","Flying Knee+1"],"picked":"After Image","floor":48}],"player_experience":697313,"relics_obtained":[{"floor":5,"key":"Bag of Preparation"},{"floor":7,"key":"Blue Candle"},{"floor":9,"key":"Kunai"},{"floor":19,"key":"Red Mask"},{"floor":23,"key":"StoneCalendar"},{"floor":26,"key":"Toxic Egg 2"},{"floor":31,"key":"Singing Bowl"},{"floor":40,"key":"Mango"},{"floor":43,"key":"Sundial"}],"event_choices":[{"event_name":"The Cleric","player_choice":"Healed","floor":2,"damage_taken":0},{"event_name":"FaceTrader","player_choice":"Trade","floor":3,"damage_taken":0},{"event_name":"Golden Idol","player_choice":"Lose Max HP","floor":10,"damage_taken":0},{"event_name":"Masked Bandits","player_choice":"Fought Bandits","floor":19,"damage_taken":0},{"event_name":"The Woman in Blue","player_choice":"Bought 1 Potion","floor":22,"damage_taken":0},{"event_name":"Addict","player_choice":"Obtained Relic","floor":25,"damage_taken":0},{"event_name":"Ghosts","player_choice":"Became a Ghost","floor":29,"damage_taken":0},{"event_name":"Falling","player_choice":"Removed Skill","floor":36,"damage_taken":0},{"event_name":"Bonfire Elementals","player_choice":"COMMON","floor":38,"damage_taken":0},{"event_name":"The Lab","player_choice":"Got Potions","floor":45,"damage_taken":0}],"is_beta":false,"boss_relics":[{"not_picked":["Black Star","Eternal Feather"],"picked":"Astrolabe"},{"not_picked":["Runic Pyramid","Lizard Tail"],"picked":"Sozu"}],"items_purged_floors":[11,30],"is_endless":false,"potions_floor_spawned":[1,14,16,19,20,21,31,33,39,40],"ascension_level":11}