{"gold_per_floor":[112,112,131,5,5,5,31,31,114,114,129,140,171,182,182,258,258,271,171,189,200,200,226,226,226,226,62,62,96,113,113],"floor_reached":31,"playtime":1277,"items_purged":["Strike_B","Strike_B"],"score":616,"play_id":"db1e1c78-6214-4806-a11e-48e33f6c93bc","local_time":"20130101022107","is_ascension_mode":true,"campfire_choices":[{"data":"Go for the Eyes","floor":6.0,"key":"SMITH"},{"data":"Sweeping Beam","floor":8.0,"key":"SMITH"},{"data":"Compile Driver","floor":10.0,"key":"SMITH"},{"data":"Hologram","floor":15.0,"key":"SMITH"},{"data":"Hologram","floor":24,"key":"SMITH"},{"data":"Seek","floor":28,"key":"SMITH"}],"neow_cost":"NONE","seed_source_timestamp":7060266949844,"circlet_count":0,"master_deck":["AscendersBane","Strike_B+1","Defend_B","Defend_B","Defend_B","Defend_B","Zap+1","Dualcast","Sweeping Beam+1","Cold Snap+1","Go for the Eyes+1","Compile Driver+1","Hologram+1","Hologram+1","Steam","Ball Lightning","Seek+1","Sweeping Beam","FTL+1","Hologram","White Noise+1","Capacitor","Leap+1","All For One"],"special_seed":0,"relics":["Cracked Core","NeowsBlessing","Lantern","Tiny Chest","Boot","Coffee Dripper","Mercury Hourglass","Toxic Egg 2","Whetstone","Shuriken"],"potions_floor_usage":[16,18,21,30],"damage_taken":[{"damage":0.0,"enemies":"Jaw Worm","floor":1.0,"turns":1.0},{"damage":0.0,"enemies":"Cultist","floor":3.0,"turns":1.0},{"damage":0.0,"enemies":"Gremlin Nob","floor":7.0,"turns":1.0},{"damage":0.0,"enemies":"Small Slimes","floor":11.0,"turns":2.0},{"damage":3.0,"enemies":"Red Slaver","floor":12.0,"turns":4.0},{"damage":5.0,"enemies":"3 Sentries","floor":13.0,"turns":4.0},{"damage":0.0,"enemies":"Lots of Slimes","floor":14.0,"turns":1.0},{"damage":12,"enemies":"Slime Boss","floor":16,"turns":8},{"damage":6,"enemies":"Chosen","floor":18,"turns":4},{"damage":15,"enemies":"Spheric Guardian","floor":20,"turns":4},{"damage":5,"enemies":"Cultist and Chosen","floor":21,"turns":5},{"damage":22,"enemies":"Gremlin Leader","floor":23,"turns":6},{"damage":18,"enemies":"Slavers","floor":29,"turns":4},{"damage":10,"enemies":"Shelled Parasite and Fungi","floor":30,"turns":5},{"damage":4,"enemies":"Book of Stabbing","floor":31,"turns":1}],"seed_played":"4385585644728353614","potions_obtained":[{"floor":1.0,"key":"Swift Potion"},{"floor":11.0,"key":"Ancient Potion"},{"floor":12.0,"key":"Weak Potion"},{"floor":13.0,"key":"FocusPotion"},{"floor":20,"key":"Swift Potion"},{"floor":29,"key":"Energy Potion"}],"is_trial":false,"path_per_floor":["M","?","M","$","?","R","E","R","T","R","M","M","E","M","R","B",null,"M","$","M","M","?","E","R","T","T","$","R","E","M","E"],"character_chosen":"DEFECT","items_purchased":["Go for the Eyes","White Noise+1","Capacitor"],"campfire_rested":0,"item_purchase_floors":[4,27,27],"current_hp_per_floor":[64,64,64,64,64,64,64,64,64,64,64,61,56,56,56,44,64,58,58,43,38,52,30,30,30,30,30,30,12,2,0],"gold":113,"neow_bonus":"THREE_ENEMY_KILL","is_prod":false,"is_daily":false,"chose_seed":false,"campfire_upgraded":6,"win_rate":0,"timestamp":1357003267,"path_taken":["M","?","?","$","?","R","E","R","T","R","M","M","E","?","R","BOSS","M","?","M","M","?","E","R","?","T","$","R","E","M","E"],"build_version":"2019-01-03v4","purchased_purges":2,"victory":false,"max_hp_per_floor":[71,71,71,71,71,71,71,71,71,71,71,71,71,71,71,71,71,71,71,71,71,71,71,71,71,71,71,71,71,71,71],"card_choices":[{"not_picked":["Fusion","White Noise"],"picked":"Sweeping Beam","floor":1.0},{"not_picked":["Turbo","Stack"],"picked":"Cold Snap","floor":3.0},{"not_picked":["Self Repair","Gash"],"picked":"Compile Driver","floor":7.0},{"not_picked":["Barrage","Gash"],"picked":"Hologram","floor":11.0},{"not_picked":["Cold Snap","Turbo"],"picked":"Hologram","floor":12.0},{"not_picked":["Steam","Darkness","Melter"],"picked":"SKIP","floor":13.0},{"not_picked":["Darkness","Melter"],"picked":"Steam","floor":13.0},{"not_picked":["Streamline","Leap"],"picked":"Ball Lightning","floor":14.0},{"not_picked":["Machine Learning","Meteor Strike"],"picked":"Seek","floor":16},{"not_picked":["Scrape","Double Energy"],"picked":"Sweeping Beam","floor":18},{"not_picked":["Consume","Force Field","Barrage"],"picked":"SKIP","floor":20},{"not_picked":["Leap","Turbo+1"],"picked":"FTL+1","floor":21},{"not_picked":["Conserve Battery","Rebound"],"picked":"Hologram","floor":23},{"not_picked":["Ball Lightning","Steam+1"],"picked":"Leap+1","floor":29},{"not_picked":["Coolheaded+1","Compile Driver"],"picked":"All For One","floor":30}],"player_experience":2003793,"relics_obtained":[{"floor":7.0,"key":"Lantern"},{"floor":9.0,"key":"Tiny Chest"},{"floor":13.0,"key":"Boot"},{"floor":23,"key":"Mercury Hourglass"},{"floor":25,"key":"Toxic Egg 2"},{"floor":26,"key":"Whetstone"},{"floor":29,"key":"Shuriken"}],"event_choices":[{"cards_removed":["Strike_B"],"damage_healed":0.0,"max_hp_gain":0.0,"max_hp_loss":0.0,"gold_gain":0.0,"event_name":"Purifier","player_choice":"Purged","floor":2.0,"gold_loss":0.0,"damage_taken":0.0},{"damage_healed":0.0,"max_hp_gain":0.0,"max_hp_loss":0.0,"gold_gain":0.0,"event_name":"Upgrade Shrine","player_choice":"Upgraded","floor":5.0,"gold_loss":0.0,"damage_taken":0.0,"cards_upgraded":["Zap"]},{"damage_healed":14,"gold_gain":0,"player_choice":"Heal","damage_taken":0,"max_hp_gain":0,"max_hp_loss":0,"event_name":"The Library","floor":22,"gold_loss":0}],"is_beta":false,"boss_relics":[{"not_picked":["Empty Cage","Calling Bell"],"picked":"Coffee Dripper"}],"items_purged_floors":[4,19],"is_endless":false,"potions_floor_spawned":[1,11,12,13,20,29],"killed_by":"Book of Stabbing","ascension_level":20}