{"gold_per_floor":[110,124,136,136,156,156,106,106,106,125,146,163,177,252,252,252],"floor_reached":16,"playtime":2404,"items_purged":[],"score":94,"play_id":"cc98f3ed-298b-4a0f-9347-207bcdbc300b","local_time":"20181205181558","is_ascension_mode":false,"campfire_choices":[{"data":"Acrobatics","floor":6,"key":"SMITH"},{"data":"Heel Hook","floor":8,"key":"SMITH"},{"data":"Blur","floor":15,"key":"SMITH"}],"neow_cost":"NONE","seed_source_timestamp":785925457607539,"circlet_count":0,"master_deck":["Defend_G","Defend_G","Defend_G","Defend_G","Strike_G","Strike_G","Strike_G","Strike_G","Survivor","Neutralize","Heel Hook+1","Flechettes","Deadly Poison","Blur+1","Acrobatics+1","Backflip+1","Leg Sweep+1","Deflect+1","Dash"],"relics":["Ring of the Snake","Toxic Egg 2","Odd Mushroom"],"potions_floor_usage":[11,11,11,16],"damage_taken":[{"damage":0,"enemies":"Jaw Worm","floor":1,"turns":4},{"damage":0,"enemies":"Small Slimes","floor":2,"turns":2},{"damage":0,"enemies":"Cultist","floor":3,"turns":2},{"damage":0,"enemies":"2 Fungi Beasts","floor":5,"turns":4},{"damage":4,"enemies":"Red Slaver","floor":10,"turns":2},{"damage":1,"enemies":"The Mushroom Lair","floor":11,"turns":6},{"damage":1,"enemies":"Lots of Slimes","floor":12,"turns":6},{"damage":0,"enemies":"Exordium Wildlife","floor":13,"turns":5},{"damage":63,"enemies":"Slime Boss","floor":16,"turns":17}],"seed_played":"5622322113492280026","potions_obtained":[{"floor":2,"key":"LiquidBronze"},{"floor":3,"key":"GhostInAJar"},{"floor":10,"key":"Weak Potion"},{"floor":11,"key":"GhostInAJar"}],"is_trial":false,"path_per_floor":["M","M","M","?","M","R","?","R","T","M","?","M","M","?","R","B"],"character_chosen":"THE_SILENT","items_purchased":[],"campfire_rested":0,"item_purchase_floors":[],"current_hp_per_floor":[70,70,70,75,75,75,75,75,75,71,70,69,69,58,58,0],"gold":252,"neow_bonus":"TRANSFORM_CARD","is_prod":false,"is_daily":false,"chose_seed":false,"campfire_upgraded":3,"win_rate":0.0,"timestamp":1543986958,"path_taken":["M","M","M","?","M","R","?","R","T","M","?","M","M","?","R","BOSS"],"build_version":"2018-11-15","purchased_purges":0,"victory":false,"max_hp_per_floor":[70,70,70,75,75,75,75,75,75,75,75,75,75,75,75,75],"card_choices":[{"not_picked":["Cloak And Dagger","Blade Dance"],"picked":"Flechettes","floor":1},{"not_picked":["Prepared","Dagger Spray"],"picked":"Deadly Poison","floor":2},{"not_picked":["Heel Hook","Escape Plan"],"picked":"Blur","floor":3},{"not_picked":["Unload","Eviscerate"],"picked":"Acrobatics","floor":5},{"not_picked":["Backstab","Slice"],"picked":"Backflip+1","floor":10},{"not_picked":["Prepared+1","Underhanded Strike"],"picked":"Leg Sweep+1","floor":11},{"not_picked":["Backstab","Masterful Stab"],"picked":"Deflect+1","floor":12},{"not_picked":["Accuracy","Dagger Spray"],"picked":"Dash","floor":13}],"player_experience":362734,"relics_obtained":[{"floor":9,"key":"Toxic Egg 2"},{"floor":11,"key":"Odd Mushroom"}],"event_choices":[{"damage_healed":0,"gold_gain":0,"player_choice":"Donut","damage_taken":0,"max_hp_gain":5,"max_hp_loss":0,"event_name":"Big Fish","floor":4,"gold_loss":0},{"cards_removed":["Strike_G"],"damage_healed":0,"gold_gain":0,"player_choice":"Card Removal","damage_taken":0,"max_hp_gain":0,"max_hp_loss":0,"event_name":"The Cleric","floor":7,"gold_loss":50},{"damage_healed":0,"gold_gain":0,"player_choice":"Fought Mushrooms","damage_taken":0,"max_hp_gain":0,"max_hp_loss":0,"event_name":"Mushrooms","floor":11,"gold_loss":0},{"damage_healed":0,"gold_gain":75,"player_choice":"Gather Gold","damage_taken":11,"max_hp_gain":0,"max_hp_loss":0,"event_name":"World of Goop","floor":14,"gold_loss":0}],"is_beta":false,"boss_relics":[],"items_purged_floors":[],"is_endless":false,"potions_floor_spawned":[2,3,10,11],"killed_by":"Slime Boss","ascension_level":0}