{"gold_per_floor":[109,129,129,129,129,160,160,125,125,136,148,148,161,184,184,282,332,346,44,44,58,76,76,89,89,135,135,0,18,30,30,30,129,129,145,145,145,158,158,158,158],"floor_reached":41,"playtime":1992,"items_purged":[],"score":572,"play_id":"2b4c7311-a0d2-4070-95bb-7c72b90e2574","local_time":"20180926081634","is_ascension_mode":true,"campfire_choices":[{"floor":7.0,"key":"REST"},{"data":"Redo","floor":12.0,"key":"SMITH"},{"floor":15,"key":"REST"},{"data":"Lockon","floor":23,"key":"SMITH"},{"floor":25,"key":"REST"},{"data":"Barrage","floor":27,"key":"SMITH"},{"data":"Hologram","floor":32,"key":"SMITH"},{"data":"Reinforced Body","floor":40,"key":"SMITH"}],"neow_cost":"NONE","seed_source_timestamp":0,"circlet_count":0,"master_deck":["Strike_B","Strike_B","Strike_B+1","Defend_B","Defend_B","Defend_B","Defend_B","Zap+1","Dualcast","Barrage+1","FTL","Redo+1","Lockon+1","Static Discharge+1","Electrodynamics+1","Cold Snap","Creative AI+1","Beam Cell","Self Repair+1","Defragment+1","Reinforced Body+1","Turbo","Capacitor+1","Hologram+1","Multi-Cast","Leap+1","Self Repair+1","Good Instincts","Ball Lightning+1"],"special_seed":0,"relics":["Cracked Core","Orichalcum","Frozen Egg 2","Pantograph","Odd Mushroom","Tiny House","MawBank","Strawberry","Philosopher\u0027s Stone"],"potions_floor_usage":[16,22,22,24,29,38,41,41],"damage_taken":[{"damage":7.0,"enemies":"Jaw Worm","floor":1.0,"turns":3.0},{"damage":0.0,"enemies":"2 Louse","floor":2.0,"turns":2.0},{"damage":28.0,"enemies":"3 Sentries","floor":6.0,"turns":9.0},{"damage":0.0,"enemies":"Small Slimes","floor":10.0,"turns":3.0},{"damage":7.0,"enemies":"Looter","floor":11.0,"turns":3.0},{"damage":13.0,"enemies":"3 Louse","floor":13.0,"turns":3.0},{"damage":3.0,"enemies":"The Mushroom Lair","floor":14.0,"turns":3.0},{"damage":18,"enemies":"The Guardian","floor":16,"turns":6},{"damage":3,"enemies":"Spheric Guardian","floor":18,"turns":3},{"damage":17,"enemies":"2 Thieves","floor":21,"turns":3},{"damage":10,"enemies":"Centurion and Healer","floor":22,"turns":5},{"damage":38,"enemies":"Shelled Parasite and Fungi","floor":24,"turns":7},{"damage":9,"enemies":"Chosen and Byrds","floor":29,"turns":6},{"damage":28,"enemies":"Snake Plant","floor":30,"turns":2},{"damage":59,"enemies":"Champ","floor":33,"turns":10},{"damage":52,"enemies":"3 Shapes","floor":35,"turns":5},{"damage":16,"enemies":"Orb Walker","floor":38,"turns":3},{"damage":93,"enemies":"Giant Head","floor":41,"turns":7}],"seed_played":"109404804055130546","potions_obtained":[{"floor":6.0,"key":"Weak Potion"},{"floor":13.0,"key":"EntropicBrew"},{"floor":14.0,"key":"AttackPotion"},{"floor":16,"key":"LiquidBronze"},{"floor":17,"key":"Regen Potion"},{"floor":21,"key":"Weak Potion"},{"floor":22,"key":"LiquidBronze"},{"floor":33,"key":"Energy Potion"},{"floor":35,"key":"Poison Potion"},{"floor":38,"key":"Fire Potion"}],"is_trial":false,"path_per_floor":["M","M","?","?","?","E","R","?","T","M","M","R","M","?","R","B",null,"M","$","?","M","M","R","M","R","T","R","?","M","M","?","R","B",null,"M","?","?","M","?","R"],"character_chosen":"DEFECT","items_purchased":["MawBank","Defragment+1","Reinforced Body"],"campfire_rested":3,"item_purchase_floors":[19,19,19],"current_hp_per_floor":[61,61,61,54,54,26,48,66,66,66,59,59,46,43,65,57,76,73,73,73,56,68,68,40,64,71,71,71,72,44,73,73,38,75,33,33,33,17,76,76,0],"gold":158,"neow_bonus":"RANDOM_COMMON_RELIC","is_prod":false,"is_daily":false,"chose_seed":false,"campfire_upgraded":5,"win_rate":0,"timestamp":1537942594,"path_taken":["M","M","?","?","?","E","R","?","T","M","?","R","?","?","R","BOSS","M","$","?","?","M","R","M","R","T","R","?","M","M","?","R","BOSS","M","?","?","?","?","R","E"],"build_version":"2018-09-20","purchased_purges":0,"victory":false,"max_hp_per_floor":[75,75,75,75,75,75,75,75,75,75,75,75,75,75,75,75,80,80,80,80,80,80,80,80,80,87,87,87,87,87,87,87,87,87,87,87,87,87,76,76,76],"card_choices":[{"not_picked":["Rebound","Skim"],"picked":"Barrage","floor":1.0},{"not_picked":["Beam Cell","Redo"],"picked":"FTL","floor":2.0},{"not_picked":["Skim","Barrage"],"picked":"Redo","floor":6.0},{"not_picked":["Compile Driver","Gash"],"picked":"Lockon","floor":10.0},{"not_picked":["Coolheaded","Streamline"],"picked":"Static Discharge+1","floor":11.0},{"not_picked":["Skim","Stack"],"picked":"Electrodynamics+1","floor":13.0},{"not_picked":["Beam Cell","Compile Driver"],"picked":"Cold Snap","floor":14.0},{"not_picked":["Fission","Buffer+1"],"picked":"Creative AI+1","floor":16},{"not_picked":["Redo","Barrage"],"picked":"Beam Cell","floor":17},{"not_picked":["Doom and Gloom","Redo"],"picked":"Self Repair+1","floor":18},{"not_picked":["Lockon","Barrage"],"picked":"Turbo","floor":21},{"not_picked":["Redo+1","Gash","Compile Driver+1"],"picked":"SKIP","floor":22},{"not_picked":["Chill+1","Steam Power"],"picked":"Capacitor+1","floor":24},{"not_picked":["Gash+1","Compile Driver"],"picked":"Hologram","floor":29},{"not_picked":["Barrage","Compile Driver","Turbo"],"picked":"SKIP","floor":30},{"not_picked":["Amplify","Biased Cognition+1"],"picked":"Multi-Cast","floor":33},{"not_picked":["Stack+1","Redo+1"],"picked":"Leap+1","floor":35},{"not_picked":["Purity","Mind Blast"],"picked":"Good Instincts","floor":37},{"not_picked":["Hologram+1","Sweeping Beam"],"picked":"Ball Lightning+1","floor":38}],"player_experience":690174,"relics_obtained":[{"floor":6.0,"key":"Frozen Egg 2"},{"floor":9.0,"key":"Pantograph"},{"floor":14.0,"key":"Odd Mushroom"},{"floor":26,"key":"Strawberry"}],"event_choices":[{"event_name":"Living Wall","player_choice":"Grow","floor":3.0,"damage_taken":0.0},{"event_name":"Golden Wing","player_choice":"Card Removal","floor":4.0,"damage_taken":0.0},{"event_name":"Liars Game","player_choice":"disagreed","floor":5.0,"damage_taken":0.0},{"event_name":"The Cleric","player_choice":"Healed","floor":8.0,"damage_taken":0.0},{"event_name":"Mushrooms","player_choice":"Fought Mushrooms","floor":14.0,"damage_taken":0.0},{"event_name":"Ghosts","player_choice":"Ignored","floor":20,"damage_taken":0},{"event_name":"Masked Bandits","player_choice":"Paid Fearfully","floor":28,"damage_taken":0},{"event_name":"The Library","player_choice":"Heal","floor":31,"damage_taken":0},{"event_name":"Match and Keep!","player_choice":"1 cards matched","floor":36,"damage_taken":0},{"event_name":"SensoryStone","player_choice":"Memory 1","floor":37,"damage_taken":0},{"event_name":"The Moai Head","player_choice":"Heal","floor":39,"damage_taken":0}],"is_beta":false,"boss_relics":[{"not_picked":["Runic Dome","Pandora\u0027s Box"],"picked":"Tiny House"},{"not_picked":["Astrolabe","FrozenCore"],"picked":"Philosopher\u0027s Stone"}],"items_purged_floors":[],"is_endless":false,"potions_floor_spawned":[6,13,14,16,21,22,33,35,38],"killed_by":"Giant Head","ascension_level":8}