{"path_per_floor":["M","M","M","M","M","E","M","R","T","R","M","E","M","$","R","B",null,"M","?","M","?","M"],"character_chosen":"DEFECT","items_purchased":["Whetstone"],"gold_per_floor":[16,36,54,64,78,107,123,123,123,123,143,169,183,63,63,161,161,178,93,108,33,52,52],"floor_reached":23,"campfire_rested":0,"playtime":2782,"item_purchase_floors":[],"current_hp_per_floor":[73,72,72,58,57,54,41,41,41,41,36,37,38,38,38,40,66,64,64,34,34,23,0],"items_purged":[],"gold":52,"score":321,"play_id":"2ba86fa4-5fb6-444c-933a-292d6cc2b1ac","local_time":"20180605145119","is_prod":false,"is_daily":false,"chose_seed":false,"is_ascension_mode":true,"campfire_upgraded":3,"win_rate":0,"timestamp":1528203079,"campfire_choices":[{"data":"Zap","floor":8.0,"key":"SMITH"},{"data":"Tempest","floor":10.0,"key":"SMITH"},{"data":"Redo","floor":15.0,"key":"SMITH"}],"path_taken":["M","M","M","M","M","E","M","R","T","R","?","E","M","$","R","BOSS","M","?","M","?","?","E"],"build_version":"2018-05-31","seed_source_timestamp":15448398153233,"purchased_purges":0,"victory":false,"master_deck":["Strike_B+1","Strike_B","Strike_B","Strike_B","Defend_B","Defend_B","Defend_B","Defend_B","Zap+1","Dualcast","Tempest+1","Redo+1","Coolheaded","Defragment","Glacier","Ball Lightning","Defragment","Doom and Gloom","All For One","Compile Driver+1","Creative AI","Writhe","Doubt","Darkness","Doom and Gloom","Rebound"],"max_hp_per_floor":[75,75,75,75,75,75,75,75,75,75,75,75,75,75,75,75,75,75,75,75,75,75,75],"relics":["Cracked Core","Torii","The Courier","Blood Vial","Regal Pillow","Whetstone","Calling Bell","Peace Pipe","DataDisk","Frozen Egg 2","Art of War"],"card_choices":[{"not_picked":["Turbo","Static Discharge"],"picked":"Tempest","floor":1.0},{"not_picked":["Streamline","Turbo"],"picked":"Redo","floor":2.0},{"not_picked":["Beam Cell","Go for the Eyes"],"picked":"Coolheaded","floor":3.0},{"not_picked":["Hologram","Go for the Eyes"],"picked":"Defragment","floor":4.0},{"not_picked":["Rebound","Storm"],"picked":"Glacier","floor":5.0},{"not_picked":["Coolheaded","Fission"],"picked":"Ball Lightning","floor":6.0},{"not_picked":["Steam","Beam Cell"],"picked":"Defragment","floor":7.0},{"not_picked":["Streamline","Compile Driver"],"picked":"Doom and Gloom","floor":11.0},{"not_picked":["Barrage","Steam"],"picked":"All For One","floor":12.0},{"not_picked":["Beam Cell","Force Field"],"picked":"Compile Driver","floor":13.0},{"not_picked":["Biased Cognition","Seek"],"picked":"Creative AI","floor":16.0},{"not_picked":["Gash","Streamline"],"picked":"Darkness","floor":18},{"not_picked":["Turbo","Conserve Battery"],"picked":"Doom and Gloom","floor":20},{"not_picked":["Force Field","Consume"],"picked":"Rebound","floor":22}],"player_experience":720668,"potions_floor_usage":[],"damage_taken":[{"damage":2.0,"enemies":"Cultist","floor":1.0,"turns":4.0},{"damage":1.0,"enemies":"Jaw Worm","floor":2.0,"turns":3.0},{"damage":0.0,"enemies":"Small Slimes","floor":3.0,"turns":3.0},{"damage":14.0,"enemies":"3 Louse","floor":4.0,"turns":3.0},{"damage":1.0,"enemies":"2 Fungi Beasts","floor":5.0,"turns":4.0},{"damage":3.0,"enemies":"3 Sentries","floor":6.0,"turns":9.0},{"damage":13.0,"enemies":"Lots of Slimes","floor":7.0,"turns":3.0},{"damage":7.0,"enemies":"Red Slaver","floor":11.0,"turns":3.0},{"damage":1.0,"enemies":"Gremlin Nob","floor":12.0,"turns":3.0},{"damage":1.0,"enemies":"Blue Slaver","floor":13.0,"turns":2.0},{"damage":0.0,"enemies":"Slime Boss","floor":16.0,"turns":9.0},{"damage":4,"enemies":"Spheric Guardian","floor":18,"turns":3},{"damage":32,"enemies":"2 Thieves","floor":20,"turns":4},{"damage":13,"enemies":"Snecko","floor":22,"turns":4},{"damage":40,"enemies":"Gremlin Leader","floor":23,"turns":4}],"relics_obtained":[{"floor":6.0,"key":"The Courier"},{"floor":9.0,"key":"Blood Vial"},{"floor":12.0,"key":"Regal Pillow"},{"floor":17.0,"key":"Peace Pipe"},{"floor":17.0,"key":"DataDisk"},{"floor":17.0,"key":"Frozen Egg 2"}],"event_choices":[{"event_name":"Addict","player_choice":"Obtained Relic","floor":19,"damage_taken":0},{"event_name":"Beggar","player_choice":"Gave Gold","floor":21,"damage_taken":0}],"boss_relics":[],"items_purged_floors":[],"potions_floor_spawned":[1,2,7,12],"seed_played":"8654528018811744580","killed_by":"Gremlin Leader","ascension_level":5,"potions_obtained":[{"floor":1.0,"key":"FairyPotion"},{"floor":2.0,"key":"Block Potion"},{"floor":7.0,"key":"Poison Potion"},{"floor":12.0,"key":"AttackPotion"}],"is_trial":false}