{"gold_per_floor":[118,43,57,71,86,86,100,100,100,120,120,120,120,138,138,240,240,257,268,73,90,0,0,12,12,35,35,46,46,60,70,70,70],"floor_reached":33,"playtime":2166,"items_purged":["Strike_G"],"score":243,"play_id":"80e65f0d-7dad-4874-b150-588c3ceeed75","local_time":"20181027154931","is_ascension_mode":false,"campfire_choices":[{"data":"Neutralize","floor":6,"key":"SMITH"},{"floor":11,"key":"REST"},{"floor":13,"key":"REST"},{"floor":15,"key":"REST"},{"data":"After Image","floor":23,"key":"SMITH"},{"data":"Infinite Blades","floor":25,"key":"SMITH"},{"data":"Terror","floor":29,"key":"SMITH"},{"floor":32,"key":"REST"}],"neow_cost":"NONE","seed_source_timestamp":1374591134721261,"circlet_count":0,"master_deck":["Defend_G","Defend_G","Defend_G","Defend_G","Strike_G","Strike_G","Strike_G","Survivor","Neutralize+1","Finisher","Poisoned Stab+1","Quick Slash","Deadly Poison","Slice+1","Infinite Blades+1","Poisoned Stab","Dagger Spray","After Image+1","Blade Dance","Escape Plan","Backflip","Endless Agony","Blade Dance","Concentrate","Blade Dance+1","Bane","Terror+1","Mind Blast","Phantasmal Killer","Dagger Spray","Flying Knee","Choke+1"],"relics":["Ring of the Snake","Ninja Scroll","Orrery","TwistedFunnel","Vajra"],"potions_floor_usage":[5,9,16,19,24,24,33],"damage_taken":[{"damage":6,"enemies":"2 Louse","floor":1,"turns":3},{"damage":10,"enemies":"Small Slimes","floor":3,"turns":2},{"damage":0,"enemies":"Jaw Worm","floor":4,"turns":2},{"damage":13,"enemies":"Blue Slaver","floor":5,"turns":4},{"damage":12,"enemies":"Gremlin Gang","floor":7,"turns":3},{"damage":13,"enemies":"Large Slime","floor":10,"turns":5},{"damage":0,"enemies":"Blue Slaver","floor":14,"turns":2},{"damage":34,"enemies":"Hexaghost","floor":16,"turns":7},{"damage":0,"enemies":"2 Thieves","floor":18,"turns":2},{"damage":0,"enemies":"Spheric Guardian","floor":19,"turns":4},{"damage":0,"enemies":"Cultist and Chosen","floor":21,"turns":4},{"damage":18,"enemies":"Centurion and Healer","floor":24,"turns":4},{"damage":0,"enemies":"3 Cultists","floor":28,"turns":4},{"damage":5,"enemies":"Cultist and Chosen","floor":30,"turns":4},{"damage":5,"enemies":"Chosen and Byrds","floor":31,"turns":3},{"damage":31,"enemies":"Automaton","floor":33,"turns":6}],"seed_played":"6167754163000033037","potions_obtained":[{"floor":3,"key":"PowerPotion"},{"floor":7,"key":"Fruit Juice"},{"floor":14,"key":"Dexterity Potion"},{"floor":16,"key":"GhostInAJar"},{"floor":19,"key":"Poison Potion"},{"floor":21,"key":"GamblersBrew"},{"floor":28,"key":"LiquidBronze"}],"is_trial":false,"path_per_floor":["M","$","M","M","M","R","M","?","T","M","R","?","R","M","R","B",null,"M","M","$","M","?","R","M","R","T","?","M","R","M","M","R"],"character_chosen":"THE_SILENT","items_purchased":["TwistedFunnel"],"campfire_rested":4,"item_purchase_floors":[20],"current_hp_per_floor":[64,64,54,54,41,41,29,22,27,14,36,21,43,43,65,31,75,75,75,75,75,75,75,57,57,57,57,57,57,52,47,69,38],"gold":70,"neow_bonus":"TRANSFORM_CARD","is_prod":false,"is_daily":false,"chose_seed":false,"campfire_upgraded":4,"win_rate":0.0,"timestamp":1540608571,"path_taken":["M","$","M","M","M","R","M","?","T","?","R","?","R","M","R","BOSS","M","M","$","M","?","R","M","R","T","?","M","R","?","M","R","BOSS"],"build_version":"2018-10-25v2","purchased_purges":1,"victory":false,"max_hp_per_floor":[70,70,70,70,70,70,70,70,75,75,75,75,75,75,75,75,75,75,75,75,75,75,75,75,75,75,75,75,75,75,75,75,75],"card_choices":[{"not_picked":["Flying Knee","Backstab"],"picked":"Poisoned Stab","floor":1},{"not_picked":["Dagger Spray","Expertise"],"picked":"Quick Slash","floor":3},{"not_picked":["Predator","Slice"],"picked":"Deadly Poison","floor":4},{"not_picked":["Dagger Spray","Blur"],"picked":"Slice","floor":5},{"not_picked":["Backstab","Phantasmal Killer"],"picked":"Infinite Blades","floor":7},{"not_picked":["Underhanded Strike","Acrobatics"],"picked":"Poisoned Stab","floor":10},{"not_picked":["Deflect","Riddle With Holes"],"picked":"Dagger Spray","floor":14},{"not_picked":["Grand Finale","Wraith Form v2"],"picked":"After Image","floor":16},{"not_picked":["Quick Slash","Caltrops"],"picked":"Blade Dance","floor":17},{"not_picked":["Poisoned Stab","Slice"],"picked":"Escape Plan","floor":17},{"not_picked":["Outmaneuver","Dagger Spray"],"picked":"Backflip","floor":17},{"not_picked":["PiercingWail","Flechettes"],"picked":"Endless Agony","floor":17},{"not_picked":["Noxious Fumes","Dodge and Roll"],"picked":"Blade Dance","floor":17},{"not_picked":["Underhanded Strike+1","Wraith Form v2"],"picked":"Concentrate","floor":18},{"not_picked":["Dagger Throw","Outmaneuver"],"picked":"Blade Dance+1","floor":19},{"not_picked":["Skewer","Deflect"],"picked":"Bane","floor":21},{"not_picked":["Outmaneuver","Prepared+1"],"picked":"Terror","floor":24},{"not_picked":["Dash","Deadly Poison"],"picked":"Dagger Spray","floor":28},{"not_picked":["Setup","Wraith Form v2"],"picked":"Flying Knee","floor":30},{"not_picked":["Bane","Catalyst"],"picked":"Choke+1","floor":31}],"player_experience":251610,"relics_obtained":[{"floor":9,"key":"Ninja Scroll"},{"floor":26,"key":"Vajra"}],"event_choices":[{"cards_removed":["Strike_G"],"damage_healed":0,"gold_gain":0,"player_choice":"Card Removal","damage_taken":7,"max_hp_gain":0,"max_hp_loss":0,"event_name":"Golden Wing","floor":8,"gold_loss":0},{"damage_healed":0,"gold_gain":0,"player_choice":"Entered Light","damage_taken":15,"max_hp_gain":0,"max_hp_loss":0,"event_name":"Shining Light","floor":12,"gold_loss":0,"cards_upgraded":["Poisoned Stab","Slice"]},{"damage_healed":0,"gold_gain":0,"player_choice":"Paid Fearfully","damage_taken":0,"max_hp_gain":0,"max_hp_loss":0,"event_name":"Masked Bandits","floor":22,"gold_loss":90},{"damage_healed":0,"gold_gain":0,"player_choice":"2 cards matched","damage_taken":0,"max_hp_gain":0,"max_hp_loss":0,"event_name":"Match and Keep!","floor":27,"gold_loss":0,"cards_obtained":["Mind Blast","Phantasmal Killer"]}],"is_beta":false,"boss_relics":[{"not_picked":["Fusion Hammer","Cursed Key"],"picked":"Orrery"}],"items_purged_floors":[2],"is_endless":false,"potions_floor_spawned":[3,7,14,16,19,21,28],"killed_by":"Automaton","ascension_level":0}