{"gold_per_floor":[109,34,34,34,57,101,101,42,98,98,121,121,160,210,210,305,305,320,47,70,70,70,96,109,109,109,109,109],"floor_reached":28,"playtime":851,"items_purged":[],"score":459,"play_id":"f0078e2d-d6c5-4bc3-aaff-fd670d3f5a6d","local_time":"20190130225221","is_ascension_mode":true,"campfire_choices":[{"data":"Perfected Strike","floor":7.0,"key":"SMITH"},{"data":"Perfected Strike","floor":10.0,"key":"SMITH"},{"data":"Bash","floor":12.0,"key":"SMITH"},{"data":"Demon Form","floor":15.0,"key":"SMITH"},{"data":"Uppercut","floor":25,"key":"SMITH"},{"floor":27,"key":"REST"}],"neow_cost":"NONE","seed_source_timestamp":516379389648149,"circlet_count":0,"master_deck":["AscendersBane","Strike_R","Strike_R","Strike_R","Strike_R","Defend_R","Defend_R","Defend_R","Defend_R","Bash+1","Infernal Blade","Perfected Strike+1","Perfected Strike+1","Headbutt","Flame Barrier","Demon Form+1","Double Tap","Armaments","Wild Strike","Metallicize","Shame","Uppercut+1","Thunderclap"],"special_seed":0,"relics":["Burning Blood","Smiling Mask","Bloody Idol","Spirit Poop","Mercury Hourglass","Tiny Chest","FossilizedHelix","Runic Pyramid","Pen Nib","Boot","Bag of Preparation","Letter Opener"],"potions_floor_usage":[23],"damage_taken":[{"damage":9.0,"enemies":"Small Slimes","floor":1.0,"turns":4.0},{"damage":1.0,"enemies":"2 Louse","floor":5.0,"turns":3.0},{"damage":40.0,"enemies":"3 Sentries","floor":6.0,"turns":11.0},{"damage":1.0,"enemies":"Cultist","floor":11.0,"turns":3.0},{"damage":11.0,"enemies":"Gremlin Nob","floor":13.0,"turns":3.0},{"damage":26.0,"enemies":"The Guardian","floor":16.0,"turns":9.0},{"damage":10.0,"enemies":"Spheric Guardian","floor":18.0,"turns":4.0},{"damage":0.0,"enemies":"Chosen","floor":20.0,"turns":4.0},{"damage":29,"enemies":"Book of Stabbing","floor":23,"turns":4},{"damage":34,"enemies":"3 Cultists","floor":24,"turns":5},{"damage":43,"enemies":"Shelled Parasite and Fungi","floor":28,"turns":4}],"seed_played":"-1940171525741682085","potions_obtained":[{"floor":1.0,"key":"AttackPotion"},{"floor":5.0,"key":"Block Potion"},{"floor":18.0,"key":"Dexterity Potion"},{"floor":20.0,"key":"Strength Potion"}],"is_trial":false,"path_per_floor":["M","?","?","?","M","E","R","$","T","R","M","R","E","?","R","B",null,"M","$","M","?","?","E","M","R","T","R","M"],"character_chosen":"IRONCLAD","items_purchased":["Headbutt","Pen Nib","Armaments","Wild Strike"],"campfire_rested":1,"item_purchase_floors":[8,19,19,19],"current_hp_per_floor":[65,65,65,65,70,36,36,36,36,36,41,41,36,36,36,16,60,56,56,62,62,62,44,21,21,21,43,0],"gold":109,"neow_bonus":"RANDOM_COMMON_RELIC","is_prod":false,"is_daily":false,"chose_seed":false,"campfire_upgraded":5,"win_rate":0,"timestamp":1548885141,"path_taken":["M","?","?","?","?","E","R","?","T","R","M","R","E","?","R","BOSS","M","$","M","?","?","E","M","R","T","R","M"],"build_version":"2019-01-23","purchased_purges":0,"victory":false,"max_hp_per_floor":[75,75,75,75,75,75,75,75,75,75,75,75,75,75,75,75,75,75,75,75,75,75,75,75,75,75,75,75],"card_choices":[{"not_picked":["Bloodletting","Burning Pact"],"picked":"Infernal Blade","floor":1.0},{"not_picked":["Wild Strike","Anger"],"picked":"Perfected Strike","floor":5.0},{"not_picked":["True Grit","Headbutt"],"picked":"Perfected Strike","floor":6.0},{"not_picked":["Heavy Blade","Battle Trance"],"picked":"Flame Barrier","floor":11.0},{"not_picked":["True Grit","Body Slam"],"picked":"Demon Form","floor":13.0},{"not_picked":["Exhume","Bludgeon"],"picked":"Double Tap","floor":16.0},{"not_picked":["Sentinel","Headbutt","Flex"],"picked":"SKIP","floor":18.0},{"not_picked":["Wild Strike","Pommel Strike"],"picked":"Metallicize","floor":20.0},{"not_picked":["Armaments","Inflame"],"picked":"Uppercut","floor":23},{"not_picked":["Iron Wave","Flex"],"picked":"Thunderclap","floor":24}],"player_experience":1147892,"relics_obtained":[{"floor":6.0,"key":"Mercury Hourglass"},{"floor":9.0,"key":"Tiny Chest"},{"floor":13.0,"key":"FossilizedHelix"},{"floor":23,"key":"Bag of Preparation"},{"floor":26,"key":"Letter Opener"}],"event_choices":[{"cards_removed":["Strike_R"],"damage_healed":0.0,"max_hp_gain":0.0,"max_hp_loss":0.0,"gold_gain":0.0,"event_name":"The Cleric","player_choice":"Card Removal","floor":2.0,"gold_loss":75.0,"damage_taken":0.0},{"damage_healed":0.0,"max_hp_gain":0.0,"max_hp_loss":0.0,"gold_gain":0.0,"event_name":"Golden Idol","player_choice":"Take Wound","floor":3.0,"gold_loss":0.0,"damage_taken":0.0,"relics_obtained":["Golden Idol"],"cards_obtained":["Injury"]},{"cards_removed":["Injury"],"damage_healed":0.0,"max_hp_gain":0.0,"max_hp_loss":0.0,"gold_gain":0.0,"event_name":"Bonfire Elementals","player_choice":"Offered Curse","floor":4.0,"gold_loss":0.0,"damage_taken":0.0,"relics_obtained":["Spirit Poop"]},{"damage_healed":0.0,"max_hp_gain":0.0,"max_hp_loss":0.0,"gold_gain":50.0,"event_name":"Golden Wing","player_choice":"Gained Gold","floor":14.0,"gold_loss":0.0,"damage_taken":0.0},{"damage_healed":0.0,"max_hp_gain":0.0,"max_hp_loss":0.0,"gold_gain":0.0,"event_name":"Forgotten Altar","player_choice":"Gave Idol","floor":21.0,"relics_lost":["Golden Idol"],"gold_loss":0.0,"damage_taken":0.0,"relics_obtained":["Bloody Idol"]},{"damage_healed":0.0,"max_hp_gain":0.0,"max_hp_loss":0.0,"gold_gain":0.0,"event_name":"Addict","player_choice":"Stole Relic","floor":22.0,"gold_loss":0.0,"damage_taken":0.0,"relics_obtained":["Boot"],"cards_obtained":["Shame"]}],"is_beta":false,"boss_relics":[{"not_picked":["Pandora\u0027s Box","Empty Cage"],"picked":"Runic Pyramid"}],"items_purged_floors":[],"is_endless":false,"potions_floor_spawned":[1,5,18,20],"killed_by":"Shelled Parasite and Fungi","ascension_level":18}