{"gold_per_floor":[144,189,10,55,100,100,190,265,315,360,360,450,495,445,445,745,745,790,799,15,15,60,60,150,195,195,240,285,285,330,375,375,675,675,720,765,123,168,28,28,73,73,123,213,213,258,303,393,393,393],"floor_reached":51,"playtime":1731,"items_purged":["Strike_G"],"score":868,"play_id":"e022e2cb-e0c9-4460-8d37-08e82e3661c9","local_time":"20180704132828","daily_mods":["Allstar","Midas","Binary"],"is_ascension_mode":false,"campfire_choices":[{"floor":6,"key":"REST"},{"floor":11,"key":"REST"},{"floor":15,"key":"REST"},{"floor":23,"key":"REST"},{"floor":32,"key":"REST"},{"floor":40,"key":"DIG"},{"floor":42,"key":"DIG"},{"floor":45,"key":"DIG"},{"floor":49,"key":"DIG"}],"neow_cost":"","seed_source_timestamp":0,"circlet_count":0,"master_deck":["Defend_G+1","Defend_G+1","Defend_G+1","Defend_G+1","Strike_G+1","Strike_G+1","Strike_G+1","Strike_G+1","Survivor","Neutralize","Swift Strike","Dramatic Entrance","PanicButton+1","Good Instincts+1","Secret Technique","Slice","Dagger Throw+1","Footwork","Quick Slash","Deadly Poison","Dash","Deflect","Backstab+1","Glass Knife","Slice","Riddle With Holes+1","Die Die Die+1","Catalyst","Dagger Spray+1","Dagger Throw+1","Backstab+1","Noxious Fumes","Backstab+1","Blur","Cloak And Dagger+1","Envenom","All Out Attack+1","Deadly Poison+1","Masterful Stab+1","Concentrate","Infinite Blades","Deflect+1","Footwork","Deflect","Sucker Punch+1","Masterful Stab+1","Crippling Poison+1","Finisher+1"],"special_seed":17716,"relics":["Ring of the Snake","Bag of Marbles","Oddly Smooth Stone","Unceasing Top","Runic Dome","Red Mask","Molten Egg 2","Torii","Strawberry","Anchor","Fusion Hammer","Shovel","Whetstone","The Courier","Letter Opener","War Paint","Centennial Puzzle","Bronze Scales","Kunai","Matryoshka"],"potions_floor_usage":[16,16,33,50],"damage_taken":[{"damage":3,"enemies":"Jaw Worm","floor":1,"turns":4},{"damage":0,"enemies":"2 Louse","floor":2,"turns":2},{"damage":0,"enemies":"Cultist","floor":4,"turns":3},{"damage":0,"enemies":"2 Fungi Beasts","floor":5,"turns":2},{"damage":3,"enemies":"Gremlin Nob","floor":7,"turns":5},{"damage":0,"enemies":"Looter","floor":10,"turns":2},{"damage":2,"enemies":"3 Sentries","floor":12,"turns":6},{"damage":0,"enemies":"3 Louse","floor":13,"turns":2},{"damage":67,"enemies":"Hexaghost","floor":16,"turns":17},{"damage":0,"enemies":"2 Thieves","floor":18,"turns":3},{"damage":0,"floor":19,"turns":3},{"damage":0,"enemies":"Chosen","floor":22,"turns":3},{"damage":0,"enemies":"Gremlin Leader","floor":24,"turns":5},{"damage":0,"enemies":"Sentry and Sphere","floor":25,"turns":2},{"damage":0,"enemies":"Snake Plant","floor":27,"turns":2},{"damage":0,"enemies":"Snecko","floor":28,"turns":2},{"damage":0,"enemies":"Slaver and Parasite","floor":30,"turns":3},{"damage":0,"enemies":"Centurion and Healer","floor":31,"turns":2},{"damage":46,"enemies":"Champ","floor":33,"turns":14},{"damage":0,"enemies":"3 Shapes","floor":35,"turns":1},{"damage":0,"enemies":"Orb Walker","floor":36,"turns":1},{"damage":0,"enemies":"4 Shapes","floor":38,"turns":3},{"damage":0,"enemies":"Sphere and 2 Shapes","floor":41,"turns":2},{"damage":0,"enemies":"2 Orb Walkers","floor":44,"turns":2},{"damage":9,"enemies":"Transient","floor":46,"turns":5},{"damage":0,"enemies":"3 Darklings","floor":47,"turns":1},{"damage":1,"enemies":"Nemesis","floor":48,"turns":3},{"damage":17,"enemies":"Awakened One","floor":50,"turns":10}],"seed_played":"-71874081359169380","potions_obtained":[{"floor":2,"key":"FearPotion"},{"floor":4,"key":"AttackPotion"},{"floor":10,"key":"AttackPotion"},{"floor":18,"key":"GhostInAJar"},{"floor":22,"key":"Energy Potion"},{"floor":27,"key":"Fire Potion"},{"floor":28,"key":"EntropicBrew"},{"floor":33,"key":"GhostInAJar"}],"is_trial":false,"path_per_floor":["M","M","$","M","M","R","E","?","T","M","R","E","M","?","R","B",null,"M","?","$","?","M","R","E","M","T","M","M","?","M","M","R","B",null,"M","M","$","M","$","R","M","R","T","E","R","M","M","E","R","B"],"character_chosen":"THE_SILENT","items_purchased":["Footwork","Quick Slash","Molten Egg 2","Die Die Die+1","Torii","Catalyst","Dagger Spray+1","Shovel","Whetstone","Masterful Stab+1","Concentrate","Infinite Blades","Footwork","Deflect","Sucker Punch+1"],"campfire_rested":5,"item_purchase_floors":[3,3,20,20,20,20,20,37,37,37,37,37,39,39,39],"current_hp_per_floor":[67,67,67,67,67,70,67,56,56,56,70,68,68,68,70,3,70,70,70,70,70,70,70,77,77,77,77,77,77,77,77,77,31,77,77,77,77,77,77,77,77,77,77,77,77,68,68,67,67,50],"gold":393,"neow_bonus":"","is_prod":false,"is_daily":true,"chose_seed":false,"campfire_upgraded":0,"win_rate":0,"timestamp":1530736108,"path_taken":["M","M","$","M","M","R","E","?","T","M","R","E","?","?","R","BOSS","M","?","$","?","?","R","E","M","T","M","M","?","M","M","R","BOSS","M","?","$","M","$","R","M","R","T","E","R","M","M","E","R","BOSS"],"build_version":"2018-07-03","purchased_purges":1,"victory":true,"max_hp_per_floor":[70,70,70,70,70,70,70,70,70,70,70,70,70,70,70,70,70,70,70,70,70,70,70,77,77,77,77,77,77,77,77,77,77,77,77,77,77,77,77,77,77,77,77,77,77,77,77,77,77,77],"card_choices":[{"not_picked":["Prepared"],"picked":"Slice","floor":1},{"not_picked":["Endless Agony"],"picked":"Dagger Throw","floor":2},{"not_picked":["Dodge and Roll"],"picked":"Deadly Poison","floor":4},{"not_picked":["Night Terror"],"picked":"Dash","floor":5},{"not_picked":["Expertise"],"picked":"Deflect","floor":12},{"not_picked":["Slice"],"picked":"Backstab","floor":13},{"not_picked":["Unload"],"picked":"Glass Knife","floor":16},{"not_picked":["Outmaneuver"],"picked":"Slice","floor":18},{"not_picked":["Outmaneuver"],"picked":"Riddle With Holes+1","floor":19},{"not_picked":["Acrobatics"],"picked":"Dagger Throw+1","floor":22},{"not_picked":["Dagger Spray+1"],"picked":"Backstab+1","floor":24},{"not_picked":["Dash+1"],"picked":"Noxious Fumes","floor":25},{"not_picked":["Dash+1"],"picked":"Backstab+1","floor":27},{"not_picked":["Underhanded Strike+1","Expertise"],"picked":"SKIP","floor":28},{"not_picked":["Backflip"],"picked":"Blur","floor":30},{"not_picked":["Slice+1"],"picked":"Cloak And Dagger+1","floor":31},{"not_picked":["Tools of the Trade"],"picked":"Envenom","floor":33},{"not_picked":["Deadly Poison+1"],"picked":"All Out Attack+1","floor":35},{"not_picked":["Flechettes+1"],"picked":"Deadly Poison+1","floor":36},{"not_picked":["Setup"],"picked":"Deflect+1","floor":38},{"not_picked":["Slice+1"],"picked":"Masterful Stab+1","floor":41},{"not_picked":["Leg Sweep+1"],"picked":"Crippling Poison+1","floor":44},{"not_picked":["Acrobatics","Grand Finale+1"],"picked":"SKIP","floor":46},{"not_picked":["PiercingWail"],"picked":"Finisher+1","floor":47}],"player_experience":489530,"relics_obtained":[{"floor":7,"key":"Bag of Marbles"},{"floor":9,"key":"Oddly Smooth Stone"},{"floor":12,"key":"Unceasing Top"},{"floor":19,"key":"Red Mask"},{"floor":24,"key":"Strawberry"},{"floor":26,"key":"Anchor"},{"floor":40,"key":"The Courier"},{"floor":42,"key":"Letter Opener"},{"floor":43,"key":"War Paint"},{"floor":44,"key":"Centennial Puzzle"},{"floor":45,"key":"Bronze Scales"},{"floor":48,"key":"Kunai"},{"floor":49,"key":"Matryoshka"}],"event_choices":[{"event_name":"World of Goop","player_choice":"Gather Gold","floor":8,"damage_taken":0},{"event_name":"The Cleric","player_choice":"Card Removal","floor":14,"damage_taken":0},{"event_name":"Masked Bandits","player_choice":"Fought over 790 gold","floor":19,"damage_taken":0},{"event_name":"Back to Basics","player_choice":"Simplicity","floor":21,"damage_taken":0},{"event_name":"Ghosts","player_choice":"Ignored","floor":29,"damage_taken":0}],"boss_relics":[{"not_picked":["White Beast Statue","Runic Pyramid"],"picked":"Runic Dome"},{"not_picked":["Pandora\u0027s Box","Black Star"],"picked":"Fusion Hammer"}],"items_purged_floors":[3],"is_endless":false,"potions_floor_spawned":[2,4,10,13,18,22,27,28,33,35,36,41],"ascension_level":0}