{"path_per_floor":["M","M","M","?","$","E","R","?","T","R","M","M","R","$","R","B",null,"M","?","M","M","M","E","R","M","T","R","?","M","M","$","R","B",null,"M","?","?","M","T","R","M","R","T","M","M","M"],"character_chosen":"IRONCLAD","items_purchased":["Metallicize","Spot Weakness","Regen Potion","Deep Breath"],"gold_per_floor":[118,132,147,97,19,50,50,50,75,75,88,104,104,16,16,142,142,156,56,70,95,118,159,159,183,183,183,108,127,146,48,48,176,176,200,200,259,283,283,283,307,307,307,323,348,369],"floor_reached":47,"campfire_rested":4,"playtime":3570,"current_hp_per_floor":[72,72,72,72,72,57,57,57,57,57,55,52,52,52,52,33,67,61,61,54,53,43,24,44,13,13,33,33,22,31,31,51,47,67,65,67,52,38,38,38,36,56,56,60,67,67],"items_purged":[],"gold":369,"score":426,"play_id":"ed599b76-189c-4e59-a75e-d405319c6c8a","local_time":"20180305210719","is_prod":false,"is_daily":false,"is_ascension_mode":false,"campfire_upgraded":5,"timestamp":1520280439,"path_taken":["M","?","M","?","$","E","R","?","T","R","M","M","R","$","R","BOSS","M","?","M","M","M","E","R","M","T","R","?","?","?","$","R","BOSS","M","?","?","M","?","R","?","R","T","M","M","?","M"],"build_version":"2018-03-01-PROD1","purchased_purges":0,"victory":false,"master_deck":["Strike_R","Strike_R","Defend_R","Defend_R","Defend_R+1","Defend_R","Headbutt","Warcry","Inflame+1","Shrug It Off","Limit Break+1","Metallicize","Twin Strike","Heavy Blade+1","Whirlwind","Spot Weakness+1","Impervious","Sword Boomerang","J.A.X.","Flex","Pummel","Limit Break","Flex+1","Twin Strike","Sword Boomerang+1","Ghostly Armor+1","Intimidate","Deep Breath","Heavy Blade","Limit Break+1","Flex+1","Headbutt+1","Impervious","Seeing Red+1"],"max_hp_per_floor":[72,72,72,72,72,72,72,67,67,67,67,67,67,67,67,67,67,67,67,67,67,67,67,67,67,67,67,67,67,67,67,67,67,67,67,67,67,67,67,67,67,67,67,67,67,67],"relics":["Burning Blood","Ornamental Fan","Golden Idol","Dream Catcher","Mark of Pain","Gremlin Horn","Unceasing Top","Sozu","Magic Flower","War Paint","Du-Vu Doll"],"card_choices":[{"not_picked":["Bloodletting","Seeing Red"],"picked":"Inflame"},{"not_picked":["Iron Wave","Perfected Strike"],"picked":"Shrug It Off"},{"not_picked":["Cleave","Sever Soul"],"picked":"Limit Break"},{"not_picked":["Pommel Strike","Barricade"],"picked":"Twin Strike"},{"not_picked":["Power Through","Pommel Strike"],"picked":"Heavy Blade"},{"not_picked":["Warcry","Bloodletting"],"picked":"Whirlwind"},{"not_picked":["Brutality","Barricade"],"picked":"Impervious"},{"not_picked":["Shrug It Off","Evolve"],"picked":"Sword Boomerang"},{"not_picked":["Wild Strike","Heavy Blade"],"picked":"Flex"},{"not_picked":["Headbutt","Clash"],"picked":"Pummel"},{"not_picked":["Body Slam","Carnage"],"picked":"Limit Break"},{"not_picked":["Intimidate","Rupture"],"picked":"Flex"},{"not_picked":["Clothesline","Rage"],"picked":"Twin Strike"},{"not_picked":["Whirlwind","Headbutt"],"picked":"Sword Boomerang"},{"not_picked":["Entrench","Metallicize"],"picked":"Ghostly Armor"},{"not_picked":["Wild Strike","Iron Wave"],"picked":"Intimidate"},{"not_picked":["Armaments","Disarm"],"picked":"Heavy Blade"},{"not_picked":["Impervious","Juggernaut"],"picked":"Limit Break"},{"not_picked":["Clash","Clothesline"],"picked":"Whirlwind"},{"not_picked":["Headbutt","Barricade"],"picked":"Flex"},{"not_picked":["Shrug It Off","Iron Wave"],"picked":"Headbutt"},{"not_picked":["Iron Wave","Pommel Strike"],"picked":"Impervious"},{"not_picked":["Iron Wave","True Grit"],"picked":"Seeing Red"}],"player_experience":41896,"potions_floor_usage":[30,33,37],"damage_taken":[{"damage":1.0,"enemies":"Cultist","floor":1.0,"turns":3.0},{"damage":5.0,"enemies":"Jaw Worm","floor":2.0,"turns":5.0},{"damage":0.0,"enemies":"2 Louse","floor":3.0,"turns":3.0},{"damage":21.0,"enemies":"3 Sentries","floor":6.0,"turns":11.0},{"damage":8.0,"enemies":"Large Slime","floor":11.0,"turns":5.0},{"damage":9.0,"enemies":"Blue Slaver","floor":12.0,"turns":3.0},{"damage":31.0,"enemies":"Hexaghost","floor":16.0,"turns":4.0},{"damage":12.0,"enemies":"Spheric Guardian","floor":18.0,"turns":5.0},{"damage":13.0,"enemies":"Chosen","floor":20.0,"turns":4.0},{"damage":7.0,"enemies":"Centurion and Healer","floor":21.0,"turns":5.0},{"damage":16.0,"enemies":"Snecko","floor":22.0,"turns":6.0},{"damage":25,"enemies":"Gremlin Leader","floor":23,"turns":4},{"damage":37,"enemies":"Cultist and Chosen","floor":25,"turns":5},{"damage":17,"enemies":"Slaver and Parasite","floor":29,"turns":4},{"damage":0,"enemies":"Snake Plant","floor":30,"turns":4},{"damage":10,"enemies":"Collector","floor":33,"turns":6},{"damage":8,"enemies":"Orb Walker","floor":35,"turns":3},{"damage":21,"enemies":"Sphère mystérieuse","floor":37,"turns":3},{"damage":23,"enemies":"3 Darklings","floor":38,"turns":4},{"damage":11,"enemies":"Maw","floor":41,"turns":6},{"damage":5,"enemies":"Sphere and 2 Shapes","floor":44,"turns":3},{"damage":0,"enemies":"3 Darklings","floor":45,"turns":2},{"damage":5,"enemies":"Maw","floor":46,"turns":6},{"damage":70,"enemies":"4 Shapes","floor":47,"turns":7}],"event_choices":[{"event_name":"The Cleric","player_choice":"Card Removal","floor":4.0,"damage_taken":0.0},{"event_name":"Golden Idol","player_choice":"Lose Max HP","floor":8.0,"damage_taken":0.0},{"event_name":"Drug Dealer","player_choice":"Got JAXXED","floor":19.0,"damage_taken":0.0},{"event_name":"Beggar","player_choice":"Gave Gold","floor":28,"damage_taken":0},{"event_name":"Bonfire Elementals","player_choice":"UNCOMMON","floor":36,"damage_taken":0},{"event_name":"Mysterious Sphere","player_choice":"Fight","floor":37,"damage_taken":0}],"boss_relics":[{"not_picked":["Philosopher\u0027s Stone","Cursed Key"],"picked":"Sozu"}],"potions_floor_spawned":[1,2,6,20,29,30,33,35,37,44,45],"seed_played":"-6106492835902168173","killed_by":"4 Shapes","ascension_level":0,"is_trial":false}