{"gold_per_floor":[114,114,4,85,103,103,122,122,147,158,169,169,183,199,199,300,300,318,233,14,34,50,50,50,60,60,79,107,107,125,141,141,237,237,248,263,316,316,329,329,347,347,347,347,45,56,56,71,71,71],"floor_reached":51,"playtime":3270,"items_purged":["Defend_B"],"score":714,"play_id":"e60c48c6-b799-4df1-89a5-3c3a3d3990dc","local_time":"20181205173525","is_ascension_mode":false,"campfire_choices":[{"data":"FTL","floor":6,"key":"SMITH"},{"data":"Zap","floor":8,"key":"SMITH"},{"data":"Defragment","floor":15,"key":"SMITH"},{"data":"Defragment","floor":23,"key":"SMITH"},{"data":"Buffer","floor":32,"key":"SMITH"},{"data":"Electrodynamics","floor":40,"key":"SMITH"},{"data":"Heatsinks","floor":42,"key":"SMITH"},{"floor":49,"key":"DIG"}],"neow_cost":"NONE","seed_source_timestamp":782607348638144,"circlet_count":0,"master_deck":["Strike_B","Strike_B","Defend_B","Defend_B","Zap+1","Dualcast","Turbo","FTL+1","Redo+1","Gash","Tempest+1","Heatsinks+1","Conserve Battery+1","Defragment+1","Buffer+1","Buffer+1","Reboot+1","Fission+1","Defragment+1","Leap+1","Pommel Strike+1","Poisoned Stab+1","Whirlwind+1","Sweeping Beam+1","Glacier+1","Electrodynamics+1","Poisoned Stab+1","Deadly Poison+1","Parasite","Flash of Steel+1","Hologram","Fusion+1"],"relics":["FrozenCore","NeowsBlessing","Toxic Egg 2","Lantern","Molten Egg 2","Astrolabe","Orichalcum","PrismaticShard","DataDisk","Bottled Tornado","Mercury Hourglass","Singing Bowl","Gambling Chip","Spirit Poop","Bag of Marbles","Shovel","Cables"],"potions_floor_usage":[11,11,13,16,28,30,33,46,48,50],"damage_taken":[{"damage":0,"enemies":"2 Louse","floor":1,"turns":1},{"damage":0,"enemies":"Cultist","floor":5,"turns":1},{"damage":0,"enemies":"Small Slimes","floor":7,"turns":1},{"damage":0,"enemies":"Looter","floor":10,"turns":2},{"damage":0,"enemies":"Blue Slaver","floor":11,"turns":2},{"damage":0,"enemies":"Red Slaver","floor":13,"turns":1},{"damage":10,"enemies":"Large Slime","floor":14,"turns":4},{"damage":20,"enemies":"Slime Boss","floor":16,"turns":6},{"damage":0,"enemies":"Spheric Guardian","floor":18,"turns":3},{"damage":17,"enemies":"3 Byrds","floor":21,"turns":3},{"damage":0,"enemies":"3 Cultists","floor":22,"turns":5},{"damage":0,"enemies":"Cultist and Chosen","floor":25,"turns":8},{"damage":0,"enemies":"Snecko","floor":27,"turns":3},{"damage":0,"enemies":"Book of Stabbing","floor":28,"turns":3},{"damage":0,"enemies":"3 Cultists","floor":30,"turns":4},{"damage":0,"enemies":"Centurion and Healer","floor":31,"turns":6},{"damage":0,"enemies":"Automaton","floor":33,"turns":10},{"damage":0,"enemies":"3 Darklings","floor":35,"turns":3},{"damage":0,"enemies":"3 Shapes","floor":36,"turns":4},{"damage":18,"enemies":"2 Orb Walkers","floor":37,"turns":3},{"damage":0,"enemies":"Writhing Mass","floor":39,"turns":4},{"damage":0,"enemies":"Spire Growth","floor":41,"turns":4},{"damage":0,"enemies":"Sphere and 2 Shapes","floor":46,"turns":6},{"damage":2,"enemies":"3 Darklings","floor":48,"turns":3},{"damage":29,"enemies":"Donu and Deca","floor":50,"turns":10}],"seed_played":"-753791233962310519","potions_obtained":[{"floor":2,"key":"PowerPotion"},{"floor":2,"key":"SneckoOil"},{"floor":2,"key":"PowerPotion"},{"floor":10,"key":"Block Potion"},{"floor":13,"key":"LiquidBronze"},{"floor":25,"key":"PowerPotion"},{"floor":27,"key":"Energy Potion"},{"floor":31,"key":"Swift Potion"},{"floor":36,"key":"Strength Potion"},{"floor":41,"key":"SneckoOil"},{"floor":46,"key":"Regen Potion"}],"is_trial":false,"path_per_floor":["M","?","$","T","M","R","M","R","T","M","M","?","M","M","R","B",null,"M","?","$","M","M","R","?","M","T","M","E","T","M","M","R","B",null,"M","M","?","?","M","R","M","R","T","?","$","M","$","M","R","B",null],"character_chosen":"DEFECT","items_purchased":["FTL","PrismaticShard","Leap+1","Shovel"],"campfire_rested":0,"item_purchase_floors":[3,20,20,45],"current_hp_per_floor":[75,75,75,75,75,75,75,75,75,75,75,63,63,53,53,33,75,75,75,75,58,58,58,58,58,58,58,58,58,58,60,60,60,77,77,79,61,61,63,63,63,63,63,63,63,65,65,68,68,39],"gold":71,"neow_bonus":"THREE_ENEMY_KILL","is_prod":false,"is_daily":false,"chose_seed":false,"campfire_upgraded":7,"win_rate":0,"timestamp":1543984525,"path_taken":["M","?","$","?","M","R","M","R","T","?","M","?","M","M","R","BOSS","M","?","$","M","M","R","?","M","T","M","E","?","M","M","R","BOSS","M","M","?","?","M","R","?","R","T","?","$","M","$","?","R","BOSS"],"build_version":"2018-11-15","purchased_purges":1,"victory":true,"max_hp_per_floor":[75,75,75,75,75,75,75,75,75,75,75,75,75,75,75,75,75,75,75,75,75,75,75,75,75,75,75,75,75,75,77,77,77,77,77,79,79,79,81,81,81,81,81,81,81,83,83,83,83,83],"card_choices":[{"not_picked":["Steam","Compile Driver"],"picked":"Turbo","floor":1},{"not_picked":["Melter","Rebound"],"picked":"Redo+1","floor":5},{"not_picked":["Steam+1","Streamline"],"picked":"Gash","floor":7},{"not_picked":["BootSequence+1","Reinforced Body+1"],"picked":"Tempest+1","floor":10},{"not_picked":["Hologram+1","Barrage"],"picked":"Heatsinks","floor":11},{"not_picked":["Leap+1","Cold Snap+1"],"picked":"Conserve Battery+1","floor":13},{"not_picked":["Redo+1","Conserve Battery+1"],"picked":"Defragment","floor":14},{"not_picked":["Thunder Strike+1","Biased Cognition"],"picked":"Buffer","floor":16},{"not_picked":["Auto Shields+1","Scrape+1"],"picked":"Defragment","floor":18},{"not_picked":["Wild Strike+1","Well Laid Plans"],"picked":"Conserve Battery+1","floor":21},{"not_picked":["Infinite Blades","Escape Plan+1"],"picked":"Pommel Strike+1","floor":22},{"not_picked":["Cold Snap+1","True Grit+1"],"picked":"Poisoned Stab+1","floor":25},{"not_picked":["HandOfGreed+1","Rebound+1"],"picked":"Whirlwind+1","floor":27},{"not_picked":["Dagger Spray+1","Heavy Blade+1"],"picked":"Sweeping Beam+1","floor":28},{"not_picked":["Streamline+1","Masterful Stab+1"],"picked":"Glacier+1","floor":30},{"not_picked":["Sucker Punch+1","Slice+1","Pummel+1"],"picked":"Singing Bowl","floor":31},{"not_picked":["Thunder Strike+1","Secret Weapon+1"],"picked":"Electrodynamics","floor":33},{"not_picked":["Ball Lightning+1","Fire Breathing+1"],"picked":"Poisoned Stab+1","floor":35},{"not_picked":["Heavy Blade+1","Conserve Battery+1","Bane+1"],"picked":"Singing Bowl","floor":36},{"not_picked":["Steam+1","Expertise+1"],"picked":"Deadly Poison+1","floor":37},{"not_picked":["Bane+1","Setup+1","Leap+1"],"picked":"Singing Bowl","floor":39},{"not_picked":["Clothesline+1","Beam Cell+1"],"picked":"Flash of Steel+1","floor":41},{"not_picked":["Sucker Punch+1","Concentrate+1","Clash+1"],"picked":"Singing Bowl","floor":46},{"not_picked":["Prepared+1","Prepared+1"],"picked":"Fusion+1","floor":48}],"player_experience":359464,"relics_obtained":[{"floor":4,"key":"Toxic Egg 2"},{"floor":9,"key":"Lantern"},{"floor":26,"key":"Bottled Tornado"},{"floor":28,"key":"Mercury Hourglass"},{"floor":29,"key":"Singing Bowl"},{"floor":37,"key":"Gambling Chip"},{"floor":43,"key":"Bag of Marbles"},{"floor":49,"key":"Cables"}],"event_choices":[{"damage_healed":0,"gold_gain":0,"player_choice":"Got Potions","damage_taken":0,"max_hp_gain":0,"max_hp_loss":0,"event_name":"Lab","floor":2,"gold_loss":0},{"damage_healed":0,"gold_gain":0,"player_choice":"Success","damage_taken":12,"relics_obtained":["Molten Egg 2"],"max_hp_gain":0,"max_hp_loss":0,"event_name":"Scrap Ooze","floor":12,"gold_loss":0},{"damage_healed":0,"gold_gain":0,"player_choice":"Obtained Relic","damage_taken":0,"relics_obtained":["Orichalcum"],"max_hp_gain":0,"max_hp_loss":0,"event_name":"Addict","floor":19,"gold_loss":85},{"damage_healed":0,"gold_gain":0,"player_choice":"Opened","damage_taken":0,"relics_obtained":["DataDisk"],"max_hp_gain":0,"max_hp_loss":0,"event_name":"The Mausoleum","floor":24,"gold_loss":0,"cards_obtained":["Writhe"]},{"damage_healed":0,"gold_gain":0,"player_choice":"Fight","damage_taken":0,"max_hp_gain":0,"max_hp_loss":0,"event_name":"Mysterious Sphere","floor":37,"gold_loss":0},{"cards_removed":["Writhe"],"damage_healed":0,"gold_gain":0,"player_choice":"Offered Curse","damage_taken":0,"relics_obtained":["Spirit Poop"],"max_hp_gain":0,"max_hp_loss":0,"event_name":"Bonfire Elementals","floor":38,"gold_loss":0},{"cards_removed":["Conserve Battery"],"damage_healed":0,"gold_gain":0,"player_choice":"Took Card","damage_taken":0,"max_hp_gain":0,"max_hp_loss":0,"event_name":"NoteForYourself","floor":44,"gold_loss":0,"cards_obtained":["Hologram"]}],"is_beta":false,"boss_relics":[{"not_picked":["Tiny House","Cursed Key"],"picked":"Astrolabe"},{"not_picked":["Calling Bell","Runic Dome"],"picked":"FrozenCore"}],"items_purged_floors":[3],"is_endless":false,"potions_floor_spawned":[10,13,25,27,31,36,41,46],"ascension_level":0}