{"path_per_floor":["M","M","M","M","?","R","E","M","T","?","R","E","M","$","R","B",null,"M","M","M","M","?","R","E","R","T","R","?","M","M","M","R"],"character_chosen":"IRONCLAD","items_purchased":["Inflame","Bottled Flame"],"gold_per_floor":[114,129,144,159,159,159,189,204,254,254,254,284,299,13,13,113,113,128,143,158,173,173,173,203,203,203,203,203,218,233,248,278,278],"floor_reached":33,"campfire_rested":1,"playtime":1055,"current_hp_per_floor":[78,77,76,73,66,66,70,69,75,81,81,75,75,75,75,58,87,64,57,46,45,51,51,21,61,67,67,61,54,57,57,57,0],"items_purged":[],"gold":278,"score":431,"play_id":"009856fe-e096-4c7c-863a-01ba17a21dce","local_time":"20180421013526","daily_mods":["Heirloom","Cursed Run","Terminal"],"is_prod":false,"is_daily":true,"chose_seed":false,"is_ascension_mode":false,"campfire_upgraded":0,"timestamp":1524267326,"path_taken":["M","M","M","M","?","R","E","M","T","?","R","E","M","$","R","BOSS","M","M","M","M","?","R","E","R","T","R","?","M","M","M","R","BOSS"],"build_version":"2018-04-19","seed_source_timestamp":112418792784300,"purchased_purges":0,"victory":false,"master_deck":["Defend_R","Defend_R","Defend_R","Defend_R","Bash","True Grit","Shockwave","Cleave","Ghostly Armor","Hemokinesis","Pain","Regret","Evolve","Inflame","Decay","Demon Form","Thunderclap","Flame Barrier","Infernal Blade+1","Sword Boomerang+1","Writhe","Injury","Bite+1","Bite+1","Bite+1","Bite+1","Bite+1","Reckless Charge+1","Sword Boomerang+1"],"max_hp_per_floor":[78,77,76,75,74,73,79,78,83,88,87,86,85,84,83,88,87,86,85,84,83,88,87,86,85,90,89,61,60,59,58,57,57],"relics":["Cursed Key","Darkstone Periapt","Du-Vu Doll","Shovel","Blood Vial","Strawberry","Regal Pillow","Mummified Hand","Self Forming Clay","Lantern","Bottled Flame","Unceasing Top","Runic Dome","Matryoshka","Molten Egg 2","Bag of Preparation","Happy Flower","Mercury Hourglass","Ancient Tea Set","Tiny Chest"],"card_choices":[{"not_picked":["Twin Strike","Second Wind"],"picked":"True Grit","floor":1},{"not_picked":["Thunderclap","Corruption"],"picked":"Shockwave","floor":2},{"not_picked":["Sword Boomerang","Pommel Strike"],"picked":"Cleave","floor":3},{"not_picked":["Headbutt","Evolve"],"picked":"Ghostly Armor","floor":7},{"not_picked":["Pummel","Intimidate"],"picked":"Hemokinesis","floor":8},{"not_picked":["Dropkick","Corruption"],"picked":"Evolve","floor":12},{"not_picked":["Dark Embrace","Double Tap"],"picked":"Demon Form","floor":16},{"not_picked":["Cleave","Perfected Strike"],"picked":"Thunderclap","floor":18},{"not_picked":["Blood for Blood","Shrug It Off"],"picked":"Flame Barrier","floor":19},{"not_picked":["Sword Boomerang","True Grit"],"picked":"Infernal Blade","floor":20},{"not_picked":["Wild Strike","Anger"],"picked":"Sword Boomerang","floor":21},{"not_picked":["Sword Boomerang","Clash"],"picked":"Reckless Charge","floor":29},{"not_picked":["Twin Strike","Pummel"],"picked":"Sword Boomerang","floor":30}],"player_experience":606431,"potions_floor_usage":[21,24,29],"damage_taken":[{"damage":1,"enemies":"2 Louse","floor":1,"turns":4},{"damage":0,"enemies":"Jaw Worm","floor":2,"turns":4},{"damage":0,"enemies":"Cultist","floor":3,"turns":2},{"damage":3,"enemies":"2 Fungi Beasts","floor":4,"turns":3},{"damage":5,"enemies":"Lagavulin","floor":7,"turns":6},{"damage":3,"enemies":"Blue Slaver","floor":8,"turns":4},{"damage":8,"enemies":"Gremlin Nob","floor":12,"turns":3},{"damage":2,"enemies":"3 Louse","floor":13,"turns":3},{"damage":25,"enemies":"Hexaghost","floor":16,"turns":8},{"damage":23,"enemies":"2 Thieves","floor":18,"turns":4},{"damage":9,"enemies":"Chosen","floor":19,"turns":5},{"damage":13,"enemies":"Snake Plant","floor":20,"turns":4},{"damage":3,"enemies":"Chosen and Byrds","floor":21,"turns":3},{"damage":32,"enemies":"Slavers","floor":24,"turns":3},{"damage":10,"enemies":"Centurion and Healer","floor":29,"turns":2},{"damage":2,"enemies":"3 Cultists","floor":30,"turns":3},{"damage":2,"enemies":"Snake Plant","floor":31,"turns":2},{"damage":81,"enemies":"Automaton","floor":33,"turns":8}],"event_choices":[{"event_name":"Golden Wing","player_choice":"Card Removal","floor":5,"damage_taken":0},{"event_name":"Big Fish","player_choice":"Box","floor":10,"damage_taken":0},{"event_name":"The Mausoleum","player_choice":"Yes","floor":22,"damage_taken":0},{"event_name":"Vampires","player_choice":"Became a vampire","floor":28,"damage_taken":0}],"boss_relics":[{"not_picked":["White Beast Statue","Velvet Choker"],"picked":"Runic Dome"}],"potions_floor_spawned":[2,4,7,12,16,19,24,29],"seed_played":"8167839930029530236","killed_by":"Automaton","ascension_level":0,"is_trial":false}