{"path_per_floor":["M","?","M","M","?","E","M","E","T","M","R","M","E","M","R","B",null,"M","M","$","?","M","R","E","R","T","M","?","M","?","M","R"],"character_chosen":"THE_SILENT","items_purchased":["Bag of Marbles","Omamori"],"gold_per_floor":[117,67,84,102,102,134,146,180,180,192,192,209,236,248,248,351,351,363,382,74,74,85,85,110,110,110,122,122,140,140,156,156,156],"floor_reached":33,"campfire_rested":2,"playtime":2320,"current_hp_per_floor":[65,65,65,65,51,30,30,30,30,29,50,50,50,35,35,18,57,54,45,45,45,28,28,28,49,49,49,70,70,54,54,54,0],"items_purged":[],"gold":156,"score":458,"play_id":"8ac42eec-b2e1-47c4-b31a-74b0d08aab28","local_time":"20180415165353","is_prod":false,"is_daily":false,"chose_seed":false,"is_ascension_mode":true,"campfire_upgraded":0,"timestamp":1523804033,"path_taken":["M","?","M","M","?","E","M","E","T","M","R","?","E","M","R","BOSS","M","M","$","?","M","R","E","R","T","M","?","M","?","?","R","BOSS"],"build_version":"2018-04-12","seed_source_timestamp":4428649820617,"purchased_purges":0,"victory":false,"master_deck":["Defend_G","Defend_G","Defend_G","Defend_G","Defend_G+1","Strike_G","Strike_G+1","Strike_G","Strike_G","Survivor","Neutralize+1","Flying Knee","Quick Slash","Slice","Blur","Accuracy","Slice","Blade Dance","Dash","Noxious Fumes+1","Blur","Venomology","Cloak And Dagger","Expertise+1","Cloak And Dagger+1","Distraction","Dodge and Roll+1","Blade Dance","Well Laid Plans+1"],"max_hp_per_floor":[70,70,70,70,70,70,70,70,70,70,70,70,70,70,70,70,70,70,70,70,70,70,70,70,70,70,70,70,70,70,70,70,70],"relics":["Ring of the Snake","Bag of Preparation","Gambling Chip","Question Card","Girya","Cursed Key","Bag of Marbles","Omamori","Unceasing Top","Pen Nib","Nilry\u0027s Codex"],"card_choices":[{"not_picked":["Acrobatics","Sucker Punch"],"picked":"Flying Knee","floor":1},{"not_picked":["Underhanded Strike","Poisoned Stab"],"picked":"Quick Slash","floor":3},{"not_picked":["Prepared","Poisoned Stab"],"picked":"Slice","floor":4},{"not_picked":["Flechettes","Accuracy"],"picked":"Blur","floor":6},{"not_picked":["Concentrate","Setup"],"picked":"Accuracy","floor":7},{"not_picked":["Outmaneuver","Flechettes"],"picked":"Slice","floor":8},{"not_picked":["Grand Finale","Bane","Catalyst"],"picked":"Blade Dance","floor":10},{"not_picked":["Backflip","Calculated Gamble","Dodge and Roll"],"picked":"Dash","floor":12},{"not_picked":["Finisher","PiercingWail","Quick Slash"],"picked":"Noxious Fumes","floor":13},{"not_picked":["Slice","Deadly Poison","Acrobatics"],"picked":"Blur","floor":14},{"not_picked":["Burst","Unload","Glass Knife"],"picked":"Venomology","floor":16},{"not_picked":["Deadly Poison","Bane","Acrobatics"],"picked":"Cloak And Dagger","floor":18},{"not_picked":["Deflect","Prepared","Dagger Throw"],"picked":"Expertise","floor":19},{"not_picked":["Dodge and Roll","Terror","Backstab"],"picked":"Cloak And Dagger","floor":22},{"not_picked":["Outmaneuver","Dash","Quick Slash"],"picked":"Distraction","floor":24},{"not_picked":["Deadly Poison","Flying Knee","Caltrops"],"picked":"Dodge and Roll","floor":27},{"not_picked":["Malaise","Dagger Spray","Venomology"],"picked":"Blade Dance","floor":29},{"not_picked":["Cloak And Dagger","Acrobatics","Deflect"],"picked":"Well Laid Plans","floor":31}],"player_experience":530447,"potions_floor_usage":[8,8,13,18,22,24,27,27,29,31,33,33,33],"damage_taken":[{"damage":5,"enemies":"Jaw Worm","floor":1,"turns":4},{"damage":0,"enemies":"2 Louse","floor":3,"turns":4},{"damage":0,"enemies":"Small Slimes","floor":4,"turns":3},{"damage":21,"enemies":"Gremlin Nob","floor":6,"turns":5},{"damage":0,"enemies":"Looter","floor":7,"turns":4},{"damage":0,"enemies":"3 Sentries","floor":8,"turns":5},{"damage":1,"enemies":"Blue Slaver","floor":10,"turns":3},{"damage":0,"enemies":"Large Slime","floor":12,"turns":5},{"damage":0,"enemies":"Gremlin Nob","floor":13,"turns":3},{"damage":15,"enemies":"Exordium Thugs","floor":14,"turns":5},{"damage":17,"enemies":"The Guardian","floor":16,"turns":14},{"damage":3,"enemies":"Chosen","floor":18,"turns":5},{"damage":9,"enemies":"Shell Parasite","floor":19,"turns":6},{"damage":17,"enemies":"Sentry and Sphere","floor":22,"turns":6},{"damage":0,"enemies":"Gremlin Leader","floor":24,"turns":5},{"damage":0,"enemies":"3 Cultists","floor":27,"turns":3},{"damage":0,"enemies":"Chosen and Byrds","floor":29,"turns":4},{"damage":0,"enemies":"Centurion and Healer","floor":31,"turns":3},{"damage":56,"enemies":"Champ","floor":33,"turns":6}],"event_choices":[{"event_name":"The Cleric","player_choice":"Card Removal","floor":2,"damage_taken":0},{"event_name":"Shining Light","player_choice":"Entered Light","floor":5,"damage_taken":0},{"event_name":"Upgrade Shrine","player_choice":"Upgraded","floor":21,"damage_taken":0},{"event_name":"The Library","player_choice":"Heal","floor":28,"damage_taken":0},{"event_name":"Cursed Tome","player_choice":"Obtained Book","floor":30,"damage_taken":0}],"boss_relics":[{"not_picked":["White Beast Statue","Orrery"],"picked":"Cursed Key"}],"potions_floor_spawned":[4,7,12,16,19,22,27,31],"seed_played":"6949960213196237909","killed_by":"Champ","ascension_level":5,"is_trial":false}