{"path_per_floor":["M","$","M","T","?","R","?","M","T","R","M","R","?","?","R","B",null,"M","M","$","M","$","R","M","R","T","?","R","M","M","M","R","B",null,"M","?","?","?","M","E","R","M","T","R","M","M","$","T","R"],"character_chosen":"THE_SILENT","items_purchased":["Noxious Fumes"],"gold_per_floor":[119,7,26,26,26,26,26,41,68,68,83,83,83,161,161,290,290,230,230,130,130,5,5,5,5,5,5,5,5,5,5,5,5,5,5,5,0,0,0,0,0,0,0,0,0,0,0,0,0,0],"floor_reached":50,"campfire_rested":3,"playtime":1967,"current_hp_per_floor":[69,69,69,69,55,55,48,48,48,48,48,48,48,34,55,42,70,54,54,54,63,63,63,51,51,51,51,51,39,39,30,51,17,70,44,44,44,44,42,51,51,60,60,60,56,53,53,53,70,0],"items_purged":["Strike_G","Injury","Defend_G"],"gold":0,"score":462,"play_id":"5ce46fb8-d488-4033-89c9-ebeddb97d9f0","local_time":"20180406010849","is_prod":false,"is_daily":false,"is_ascension_mode":false,"campfire_upgraded":5,"timestamp":1522969729,"path_taken":["M","$","M","?","?","R","?","?","T","R","M","R","?","?","R","BOSS","M","M","$","M","$","R","M","R","T","?","R","M","?","?","R","BOSS","M","?","?","?","M","E","R","M","T","R","M","M","?","?","R","BOSS"],"build_version":"2018-03-29v2","purchased_purges":3,"victory":false,"master_deck":["Defend_G","Defend_G","Defend_G","Defend_G","Strike_G+1","Strike_G","Survivor","Neutralize","Sucker Punch+1","Noxious Fumes+1","Noxious Fumes+1","Poisoned Stab","Sucker Punch","Well Laid Plans","Glass Knife+1","Footwork+1","Malaise+1","Flying Knee","Dash","Bane","PiercingWail+1","Venomology","Backflip+1","Venomology","Neutralize","Masterful Stab","PiercingWail","Master of Strategy","Deflect","Caltrops","Footwork+1","Bane+1"],"max_hp_per_floor":[70,70,70,70,70,70,70,70,70,70,70,70,70,70,70,70,70,70,70,70,70,70,70,70,70,70,70,70,70,70,70,70,70,70,70,70,70,70,70,70,70,70,70,70,70,70,70,70,70,70],"relics":["Ring of the Snake","Calipers","Bag of Marbles","Golden Idol","Shovel","Ectoplasm","Dead Branch","Tiny Chest","The Specimen","Red Mask","Ancient Tea Set","Dream Catcher","Regal Pillow","Anchor","Prayer Wheel"],"card_choices":[{"not_picked":["Flying Knee","Slice"],"picked":"Sucker Punch","floor":1},{"not_picked":["Sucker Punch","Prepared"],"picked":"Noxious Fumes","floor":3},{"not_picked":["Riddle With Holes","Setup"],"picked":"Poisoned Stab","floor":8},{"not_picked":["All Out Attack","Die Die Die"],"picked":"Sucker Punch","floor":11},{"not_picked":["Sucker Punch","Slice"],"picked":"Well Laid Plans","floor":14},{"not_picked":["Night Terror","Tactician"],"picked":"Glass Knife","floor":16},{"not_picked":["Eviscerate","Leg Sweep"],"picked":"Footwork","floor":18},{"not_picked":["Finisher","Endless Agony"],"picked":"Malaise","floor":19},{"not_picked":["Dagger Spray","Sucker Punch"],"picked":"Flying Knee","floor":21},{"not_picked":["Cloak And Dagger","Endless Agony"],"picked":"Dash","floor":24},{"not_picked":["Prepared","Malaise"],"picked":"Bane","floor":29},{"not_picked":["Prepared","Night Terror"],"picked":"PiercingWail","floor":30},{"not_picked":["Phantasmal Killer","Wraith Form"],"picked":"Venomology","floor":33},{"not_picked":["Terror","Dagger Throw"],"picked":"Backflip","floor":35},{"not_picked":["Swift Strike","Sadistic Nature"],"picked":"Master of Strategy","floor":38},{"not_picked":["Flying Knee","Sucker Punch"],"picked":"Deflect","floor":39},{"not_picked":["Calculated Gamble","Footwork"],"picked":"Caltrops","floor":42},{"not_picked":["Skewer","Dash"],"picked":"Footwork","floor":46},{"not_picked":["Quick Slash","Flying Knee"],"picked":"Bane","floor":49}],"player_experience":337152,"potions_floor_usage":[18,21,24,33,39,39,40,40,40,42,42,45,46,50,50,50,50],"damage_taken":[{"damage":1,"enemies":"Cultist","floor":1,"turns":5},{"damage":0,"enemies":"2 Louse","floor":3,"turns":2},{"damage":0,"enemies":"Jaw Worm","floor":8,"turns":4},{"damage":0,"enemies":"3 Louse","floor":11,"turns":3},{"damage":14,"enemies":"Lagavulin Event","floor":14,"turns":5},{"damage":13,"enemies":"The Guardian","floor":16,"turns":9},{"damage":16,"enemies":"2 Thieves","floor":18,"turns":3},{"damage":0,"enemies":"3 Byrds","floor":19,"turns":5},{"damage":6,"enemies":"Centurion and Healer","floor":21,"turns":7},{"damage":12,"enemies":"Slaver and Parasite","floor":24,"turns":6},{"damage":12,"enemies":"Snecko","floor":29,"turns":5},{"damage":0,"enemies":"Snake Plant","floor":30,"turns":5},{"damage":9,"enemies":"Centurion and Healer","floor":31,"turns":5},{"damage":34,"enemies":"Champ","floor":33,"turns":12},{"damage":26,"enemies":"3 Darklings","floor":35,"turns":6},{"damage":2,"enemies":"Orb Walker","floor":39,"turns":3},{"damage":6,"enemies":"Nemesis","floor":40,"turns":9},{"damage":0,"enemies":"3 Darklings","floor":42,"turns":5},{"damage":4,"enemies":"4 Shapes","floor":45,"turns":4},{"damage":3,"enemies":"Sphere and 2 Shapes","floor":46,"turns":6},{"damage":70,"enemies":"Awakened One","floor":50,"turns":5}],"event_choices":[{"event_name":"Shining Light","player_choice":"Entered Light","floor":5,"damage_taken":0},{"event_name":"Golden Wing","player_choice":"Card Removal","floor":7,"damage_taken":0},{"event_name":"Golden Idol","player_choice":"Take Wound","floor":13,"damage_taken":0},{"event_name":"Dead Adventurer","player_choice":"Searched \u00271\u0027 times","floor":14,"damage_taken":0},{"event_name":"Accursed Blacksmith","player_choice":"Forge","floor":27,"damage_taken":0},{"event_name":"Match and Keep!","player_choice":"4 cards matched","floor":36,"damage_taken":0},{"event_name":"Tomb of Lord Red Mask","player_choice":"Paid","floor":37,"damage_taken":0},{"event_name":"SensoryStone","player_choice":"Memory 1","floor":38,"damage_taken":0}],"boss_relics":[{"not_picked":["Velvet Choker","Cursed Key"],"picked":"Ectoplasm"},{"not_picked":["Astrolabe","Runic Pyramid"],"picked":"The Specimen"}],"potions_floor_spawned":[11,14,16,30,31,33,35,40,42,46],"seed_played":"6924393515612562329","killed_by":"Awakened One","ascension_level":0,"is_trial":false}