{"gold_per_floor":[119,119,134,150,170,205,205,31,31,31,31,92,127,146,146,222,222,242,3,15,65,75,110,128,160,160,227,277,277,311,207,207,280,280,295,0,50,68,88,123,185,203,256,306,356,356,386,405,405,405,405,405,25,51,51],"floor_reached":55,"playtime":3510,"items_purged":["Strike_G"],"score":1473,"play_id":"35b6c0c8-2bfd-4e8a-b4c5-bc67205d2e24","local_time":"20190127074338","is_ascension_mode":true,"campfire_choices":[{"floor":7,"key":"REST"},{"data":"Neutralize","floor":10,"key":"SMITH"},{"data":"Bouncing Flask","floor":15,"key":"SMITH"},{"floor":29,"key":"REST"},{"floor":32,"key":"RECALL"},{"floor":46,"key":"REST"},{"floor":49,"key":"REST"},{"floor":52,"key":"REST"}],"neow_cost":"NONE","seed_source_timestamp":574458538664296,"circlet_count":0,"master_deck":["AscendersBane","Defend_G+1","Defend_G+1","Defend_G+1","Defend_G+1","Defend_G+1","Strike_G+1","Strike_G+1","Strike_G+1","Strike_G+1","Neutralize+1","After Image+1","Backflip","Dagger Spray+1","Predator","PiercingWail","Underhanded Strike","Bouncing Flask+1","Bullet Time+1","Well Laid Plans","Adrenaline+1","Endless Agony+1","Terror+1","Cloak And Dagger","PiercingWail","All Out Attack+1","Bouncing Flask","Tools of the Trade","Envenom","Reflex+1","Deadly Poison","Envenom","Footwork","Cloak And Dagger+1","After Image","After Image","Backflip+1","Riddle With Holes+1","Flechettes","Calculated Gamble","Noxious Fumes+1","Madness","Madness","Footwork+1","Flechettes+1"],"relics":["Ring of the Snake","Pantograph","Pear","SsserpentHead","Mercury Hourglass","Fusion Hammer","Bottled Lightning","Vajra","Thread and Needle","Centennial Puzzle","Kunai","Orrery","Red Mask","Matryoshka","War Paint","Frozen Egg 2","Happy Flower","Whetstone","The Specimen"],"potions_floor_usage":[6,13,14,18,23,25,25,31,41,47,50,50,55],"damage_taken":[{"damage":5,"enemies":"Small Slimes","floor":1,"turns":6},{"damage":1,"enemies":"Cultist","floor":3,"turns":5},{"damage":8,"enemies":"Jaw Worm","floor":4,"turns":5},{"damage":10,"enemies":"Red Slaver","floor":5,"turns":3},{"damage":8,"enemies":"Gremlin Nob","floor":6,"turns":4},{"damage":0,"enemies":"2 Fungi Beasts","floor":12,"turns":4},{"damage":13,"enemies":"3 Sentries","floor":13,"turns":10},{"damage":11,"enemies":"Looter","floor":14,"turns":2},{"damage":0,"enemies":"Hexaghost","floor":16,"turns":10},{"damage":0,"enemies":"3 Byrds","floor":18,"turns":3},{"damage":0,"enemies":"Spheric Guardian","floor":20,"turns":4},{"damage":7,"enemies":"Slavers","floor":23,"turns":6},{"damage":4,"enemies":"Snake Plant","floor":24,"turns":5},{"damage":5,"enemies":"Book of Stabbing","floor":25,"turns":6},{"damage":0,"enemies":"Chosen and Byrds","floor":27,"turns":4},{"damage":0,"enemies":"Gremlin Leader","floor":30,"turns":4},{"damage":29,"enemies":"Collector","floor":33,"turns":8},{"damage":0,"enemies":"3 Shapes","floor":35,"turns":4},{"damage":0,"enemies":"Orb Walker","floor":38,"turns":3},{"damage":0,"enemies":"Jaw Worm Horde","floor":39,"turns":5},{"damage":0,"enemies":"Reptomancer","floor":40,"turns":8},{"damage":0,"enemies":"Spire Growth","floor":41,"turns":6},{"damage":0,"enemies":"Maw","floor":42,"turns":7},{"damage":49,"enemies":"Giant Head","floor":47,"turns":8},{"damage":2,"enemies":"Jaw Worm Horde","floor":48,"turns":5},{"damage":75,"enemies":"Time Eater","floor":50,"turns":11},{"damage":45,"enemies":"Shield and Spear","floor":54,"turns":7},{"damage":65,"enemies":"The Heart","floor":55,"turns":3}],"seed_played":"3063452297968762500","potions_obtained":[{"floor":4,"key":"Fire Potion"},{"floor":12,"key":"Fire Potion"},{"floor":13,"key":"LiquidBronze"},{"floor":16,"key":"Block Potion"},{"floor":20,"key":"SneckoOil"},{"floor":23,"key":"Energy Potion"},{"floor":30,"key":"Dexterity Potion"},{"floor":33,"key":"Ancient Potion"},{"floor":38,"key":"SteroidPotion"},{"floor":42,"key":"EssenceOfSteel"},{"floor":48,"key":"Dexterity Potion"}],"is_trial":false,"path_per_floor":["M","?","M","M","M","E","R","$","T","R","?","M","E","M","R","B",null,"M","$","M","?","?","E","M","E","T","M","?","R","E","$","R","B",null,"M","?","?","M","M","E","M","M","T","?","?","R","E","M","R","B",null,"R","$","E","B"],"character_chosen":"THE_SILENT","items_purchased":["AttackPotion","SteroidPotion","Bottled Lightning","Fruit Juice","Happy Flower","Whetstone","LiquidBronze"],"campfire_rested":5,"item_purchase_floors":[8,8,19,31,53,53,53],"current_hp_per_floor":[58,58,57,49,39,31,52,52,62,62,62,62,49,38,38,63,76,76,76,76,76,76,69,65,60,60,60,60,80,80,85,85,56,78,78,78,78,78,78,78,78,78,78,67,67,85,36,34,59,9,66,85,85,40,0],"gold":51,"neow_bonus":"ONE_RANDOM_RARE_CARD","is_prod":false,"is_daily":false,"chose_seed":false,"campfire_upgraded":2,"win_rate":0,"timestamp":1548571418,"path_taken":["M","?","?","M","M","E","R","?","T","R","?","?","E","M","R","BOSS","M","$","M","?","?","E","M","E","T","?","?","R","E","$","R","BOSS","M","?","?","M","M","E","?","M","T","?","?","R","E","M","R","BOSS","R","$","E","BOSS"],"build_version":"2019-01-23","purchased_purges":1,"victory":false,"max_hp_per_floor":[70,70,70,70,70,70,70,70,80,80,80,80,80,80,80,80,80,80,80,80,80,80,80,80,80,80,80,80,80,80,85,85,85,85,85,85,85,85,85,85,85,85,85,85,85,85,85,85,85,85,85,85,85,85,85],"card_choices":[{"not_picked":["Deflect","Accuracy"],"picked":"Backflip","floor":1},{"not_picked":["Prepared","Underhanded Strike"],"picked":"Dagger Spray","floor":3},{"not_picked":["Choke","Catalyst"],"picked":"Predator","floor":4},{"not_picked":["Outmaneuver","Prepared"],"picked":"PiercingWail","floor":5},{"not_picked":["Poisoned Stab","Distraction"],"picked":"Underhanded Strike","floor":6},{"not_picked":["Finisher","Outmaneuver"],"picked":"Bouncing Flask","floor":12},{"not_picked":["Prepared","All Out Attack"],"picked":"Bullet Time","floor":13},{"not_picked":["Blur","Bouncing Flask"],"picked":"Well Laid Plans","floor":14},{"not_picked":["Night Terror","Unload"],"picked":"Adrenaline","floor":16},{"not_picked":["Dagger Spray","Infinite Blades"],"picked":"Endless Agony","floor":18},{"not_picked":["Reflex","Dash"],"picked":"Terror+1","floor":20},{"not_picked":["PiercingWail","Poisoned Stab"],"picked":"Cloak And Dagger","floor":23},{"not_picked":["Deflect","Dagger Spray"],"picked":"PiercingWail","floor":24},{"not_picked":["Eviscerate","Flying Knee"],"picked":"All Out Attack+1","floor":25},{"not_picked":["Poisoned Stab","Accuracy"],"picked":"Bouncing Flask","floor":27},{"not_picked":["Acrobatics+1","Riddle With Holes"],"picked":"Tools of the Trade","floor":30},{"not_picked":["Burst","Corpse Explosion"],"picked":"Envenom","floor":33},{"not_picked":["Setup","Sucker Punch"],"picked":"Reflex+1","floor":34},{"not_picked":["PiercingWail","Prepared+1"],"picked":"Deadly Poison","floor":34},{"not_picked":["Terror+1","Heel Hook"],"picked":"Envenom","floor":34},{"not_picked":["Deadly Poison","Prepared"],"picked":"Footwork","floor":34},{"not_picked":["Setup","Flying Knee"],"picked":"Cloak And Dagger+1","floor":34},{"not_picked":["Expertise+1","Deadly Poison"],"picked":"After Image","floor":35},{"not_picked":["Deflect","Outmaneuver"],"picked":"Backflip","floor":38},{"not_picked":["Deadly Poison","Acrobatics"],"picked":"Riddle With Holes+1","floor":39},{"not_picked":["Grand Finale","Setup+1"],"picked":"Flechettes","floor":40},{"not_picked":["Slice","Backflip"],"picked":"Calculated Gamble","floor":41},{"not_picked":["Underhanded Strike","Dodge and Roll"],"picked":"Noxious Fumes+1","floor":42},{"not_picked":["Prepared","Blur+1"],"picked":"Footwork","floor":47},{"not_picked":["Acrobatics","Well Laid Plans+1"],"picked":"Flechettes+1","floor":48},{"not_picked":["Finisher","Heel Hook","Backflip"],"picked":"SKIP","floor":54}],"player_experience":362837,"relics_obtained":[{"floor":6,"key":"Pantograph"},{"floor":9,"key":"Pear"},{"floor":13,"key":"Mercury Hourglass"},{"floor":23,"key":"Vajra"},{"floor":25,"key":"Thread and Needle"},{"floor":26,"key":"Centennial Puzzle"},{"floor":30,"key":"Kunai"},{"floor":40,"key":"Matryoshka"},{"floor":43,"key":"War Paint"},{"floor":47,"key":"Frozen Egg 2"},{"floor":54,"key":"The Specimen"}],"event_choices":[{"damage_healed":0,"gold_gain":0,"player_choice":"Upgraded","damage_taken":0,"max_hp_gain":0,"max_hp_loss":0,"event_name":"Upgrade Shrine","floor":2,"gold_loss":0,"cards_upgraded":["After Image"]},{"damage_healed":0,"gold_gain":0,"player_choice":"Trade","damage_taken":0,"relics_obtained":["SsserpentHead"],"max_hp_gain":0,"max_hp_loss":0,"event_name":"FaceTrader","floor":11,"gold_loss":0},{"damage_healed":0,"gold_gain":0,"player_choice":"Ignored","damage_taken":0,"max_hp_gain":0,"max_hp_loss":0,"event_name":"Beggar","floor":21,"gold_loss":0},{"damage_healed":0,"gold_gain":0,"player_choice":"Upgrade","damage_taken":0,"max_hp_gain":0,"max_hp_loss":0,"event_name":"Designer","floor":22,"gold_loss":40,"cards_upgraded":["Bullet Time"]},{"damage_healed":0,"gold_gain":0,"player_choice":"Simplicity","damage_taken":0,"max_hp_gain":0,"max_hp_loss":0,"event_name":"Back to Basics","floor":28,"gold_loss":0,"cards_upgraded":["Defend_G","Defend_G","Defend_G","Defend_G","Defend_G","Strike_G","Strike_G","Strike_G","Strike_G"]},{"damage_healed":0,"gold_gain":0,"player_choice":"Paid","damage_taken":0,"relics_obtained":["Red Mask"],"max_hp_gain":0,"max_hp_loss":0,"event_name":"Tomb of Lord Red Mask","floor":36,"gold_loss":345},{"damage_healed":0,"gold_gain":0,"cards_transformed":["Survivor"],"player_choice":"Transformed","damage_taken":0,"max_hp_gain":0,"max_hp_loss":0,"event_name":"Transmorgrifier","floor":37,"gold_loss":0,"cards_obtained":["After Image"]},{"damage_healed":0,"gold_gain":0,"player_choice":"Embrace Madness","damage_taken":11,"max_hp_gain":0,"max_hp_loss":0,"event_name":"Winding Halls","floor":44,"gold_loss":0,"cards_obtained":["Madness","Madness"]},{"damage_healed":0,"gold_gain":0,"player_choice":"Memory 1","damage_taken":0,"max_hp_gain":0,"max_hp_loss":0,"event_name":"SensoryStone","floor":45,"gold_loss":0}],"is_beta":false,"boss_relics":[{"not_picked":["WristBlade","Calling Bell"],"picked":"Fusion Hammer"},{"not_picked":["Philosopher\u0027s Stone","Pandora\u0027s Box"],"picked":"Orrery"}],"items_purged_floors":[8],"is_endless":false,"potions_floor_spawned":[4,12,13,16,20,23,30,33,38,40,42,48],"killed_by":"The Heart","ascension_level":13}