{"gold_per_floor":[109,129,129,79,93,128,141,156,156,171,171,190,209,209,209,209],"floor_reached":16,"playtime":714,"items_purged":[],"score":106,"play_id":"375fd88b-78ac-4a84-9c54-beade54480b4","local_time":"20181021011416","is_ascension_mode":false,"campfire_choices":[{"floor":11,"key":"REST"},{"floor":15,"key":"REST"}],"neow_cost":"NONE","seed_source_timestamp":805105436180299,"circlet_count":0,"master_deck":["Strike_B","Strike_B","Strike_B","Defend_B","Defend_B","Defend_B","Zap","Dualcast","Compile Driver","Barrage","Regret","Ball Lightning","Cold Snap","Hologram","Turbo","Beam Cell","Core Surge","Rebound","Reinforced Body"],"relics":["Cracked Core","NeowsBlessing","Centennial Puzzle","Strawberry","Singing Bowl"],"potions_floor_usage":[6,7,13,16],"damage_taken":[{"damage":0,"enemies":"Jaw Worm","floor":1,"turns":1},{"damage":0,"enemies":"Small Slimes","floor":2,"turns":1},{"damage":0,"enemies":"2 Louse","floor":5,"turns":1},{"damage":30,"enemies":"3 Sentries","floor":6,"turns":6},{"damage":17,"enemies":"Looter","floor":7,"turns":3},{"damage":14,"enemies":"Exordium Wildlife","floor":8,"turns":3},{"damage":7,"enemies":"Exordium Thugs","floor":10,"turns":4},{"damage":10,"enemies":"Looter","floor":12,"turns":2},{"damage":0,"enemies":"3 Louse","floor":13,"turns":1},{"damage":71,"enemies":"Slime Boss","floor":16,"turns":7}],"seed_played":"-5346273530467964426","potions_obtained":[{"floor":5,"key":"Fruit Juice"},{"floor":6,"key":"Regen Potion"},{"floor":10,"key":"Explosive Potion"},{"floor":13,"key":"AttackPotion"}],"is_trial":false,"path_per_floor":["M","M","?","?","M","E","M","M","T","M","R","M","M","?","R"],"character_chosen":"DEFECT","items_purchased":[],"campfire_rested":2,"item_purchase_floors":[],"current_hp_per_floor":[75,75,75,75,75,57,49,35,35,28,54,44,44,44,70,0],"gold":209,"neow_bonus":"THREE_ENEMY_KILL","is_prod":false,"is_daily":false,"chose_seed":false,"campfire_upgraded":0,"win_rate":0.0,"timestamp":1540037656,"path_taken":["M","M","?","?","M","E","M","M","T","M","R","?","M","?","R","BOSS"],"build_version":"2018-10-18","purchased_purges":0,"victory":false,"max_hp_per_floor":[75,75,75,75,75,87,87,87,87,87,87,87,87,87,87,87],"card_choices":[{"not_picked":["Reinforced Body","Storm"],"picked":"Compile Driver","floor":1},{"not_picked":["Streamline","Gash"],"picked":"Barrage","floor":2},{"not_picked":["Leap","Storm"],"picked":"Ball Lightning","floor":5},{"not_picked":["Reinforced Body","Conserve Battery"],"picked":"Cold Snap","floor":6},{"not_picked":["Scrape","Leap"],"picked":"Hologram","floor":7},{"not_picked":["Streamline","Sweeping Beam"],"picked":"Turbo","floor":8},{"not_picked":["Reprogram","Streamline"],"picked":"Beam Cell","floor":10},{"not_picked":["Aggregate","Streamline"],"picked":"Core Surge","floor":12},{"not_picked":["Undo","Storm"],"picked":"Rebound","floor":13}],"player_experience":151861,"relics_obtained":[{"floor":6,"key":"Strawberry"},{"floor":9,"key":"Singing Bowl"}],"event_choices":[{"damage_healed":0,"gold_gain":0,"player_choice":"Box","damage_taken":0,"relics_obtained":["Centennial Puzzle"],"max_hp_gain":0,"max_hp_loss":0,"event_name":"Big Fish","floor":3,"gold_loss":0,"cards_obtained":["Regret"]},{"cards_removed":["Strike_B"],"damage_healed":0,"gold_gain":0,"player_choice":"Card Removal","damage_taken":0,"max_hp_gain":0,"max_hp_loss":0,"event_name":"The Cleric","floor":4,"gold_loss":50},{"damage_healed":0,"gold_gain":0,"cards_transformed":["Defend_B"],"player_choice":"Change","damage_taken":0,"max_hp_gain":0,"max_hp_loss":0,"event_name":"Living Wall","floor":14,"gold_loss":0,"cards_obtained":["Reinforced Body"]}],"is_beta":false,"boss_relics":[],"items_purged_floors":[],"is_endless":false,"potions_floor_spawned":[5,6,10,13],"killed_by":"Slime Boss","ascension_level":0}