{"gold_per_floor":[112,129,204,204,215,215,232,232,232,232,262,282,297,262,262,362,362,342,342,358,369,369],"floor_reached":22,"playtime":1453,"items_purged":[],"score":215,"play_id":"871ac3ea-3c76-4335-ab3d-88484797b667","local_time":"20181014170606","is_ascension_mode":false,"campfire_choices":[{"data":"Neutralize","floor":6,"key":"SMITH"},{"data":"Terror","floor":10,"key":"SMITH"},{"floor":15,"key":"REST"}],"neow_cost":"TEN_PERCENT_HP_LOSS","seed_source_timestamp":256656047856084,"circlet_count":0,"master_deck":["Defend_G","Defend_G","Defend_G","Survivor","Neutralize+1","Sucker Punch","All Out Attack","Backflip","Escape Plan","Blade Dance","Poisoned Stab","Terror+1","Night Terror","Blade Dance","Riddle With Holes","After Image","Poisoned Stab","All Out Attack","Slice","Night Terror","PiercingWail","Terror+1","Bite","Bite","Bite","Bite","Bite"],"relics":["Ring of the Snake","Tough Bandages","Sundial","Orrery"],"potions_floor_usage":[11,16,16,18],"damage_taken":[{"damage":2,"enemies":"Small Slimes","floor":1,"turns":4},{"damage":0,"enemies":"2 Louse","floor":2,"turns":1},{"damage":0,"enemies":"Jaw Worm","floor":5,"turns":4},{"damage":0,"enemies":"Blue Slaver","floor":7,"turns":4},{"damage":11,"enemies":"Large Slime","floor":8,"turns":5},{"damage":15,"enemies":"3 Sentries","floor":11,"turns":6},{"damage":13,"enemies":"Exordium Wildlife","floor":12,"turns":4},{"damage":7,"enemies":"Exordium Thugs","floor":13,"turns":3},{"damage":41,"enemies":"Hexaghost","floor":16,"turns":10},{"damage":11,"enemies":"2 Thieves","floor":18,"turns":4},{"damage":25,"enemies":"Shell Parasite","floor":20,"turns":7},{"damage":20,"enemies":"Snake Plant","floor":21,"turns":5},{"damage":24,"enemies":"Centurion and Healer","floor":22,"turns":3}],"seed_played":"5264784701977629066","potions_obtained":[{"floor":2,"key":"SteroidPotion"},{"floor":11,"key":"FearPotion"},{"floor":13,"key":"Weak Potion"},{"floor":16,"key":"Block Potion"}],"is_trial":false,"path_per_floor":["M","M","?","?","M","R","M","M","T","R","E","M","M","?","R","B",null,"M","?","M","M"],"character_chosen":"THE_SILENT","items_purchased":[],"campfire_rested":1,"item_purchase_floors":[],"current_hp_per_floor":[61,61,50,55,55,55,55,44,44,44,29,16,9,26,46,5,68,57,47,32,20,0],"gold":369,"neow_bonus":"TRANSFORM_TWO_CARDS","is_prod":false,"is_daily":false,"chose_seed":false,"campfire_upgraded":2,"win_rate":0.0,"timestamp":1539489966,"path_taken":["M","M","?","?","M","R","M","M","T","R","E","M","?","?","R","BOSS","M","?","M","M","M"],"build_version":"2018-10-11","purchased_purges":0,"victory":false,"max_hp_per_floor":[63,63,63,68,68,68,68,68,68,68,68,68,68,68,68,68,68,68,47,47,47,47],"card_choices":[{"not_picked":["Expertise","Deadly Poison"],"picked":"Backflip","floor":1},{"not_picked":["Underhanded Strike","Deflect"],"picked":"Escape Plan","floor":2},{"not_picked":["Backflip","Tactician"],"picked":"Blade Dance","floor":5},{"not_picked":["Catalyst","Dagger Throw"],"picked":"Poisoned Stab","floor":7},{"not_picked":["Night Terror","Crippling Poison"],"picked":"Terror","floor":8},{"not_picked":["Slice","Dagger Spray"],"picked":"Night Terror","floor":11},{"not_picked":["PiercingWail","Quick Slash"],"picked":"Blade Dance","floor":12},{"not_picked":["Blade Dance","Dagger Spray"],"picked":"Riddle With Holes","floor":13},{"not_picked":["Adrenaline","Wraith Form v2"],"picked":"After Image","floor":16},{"not_picked":["Catalyst","Blade Dance"],"picked":"Poisoned Stab","floor":17},{"not_picked":["PiercingWail","Caltrops"],"picked":"All Out Attack","floor":17},{"not_picked":["Dagger Throw","Flying Knee"],"picked":"Slice","floor":17},{"not_picked":["Sucker Punch","Bane"],"picked":"Night Terror","floor":17},{"not_picked":["Backflip","Deadly Poison"],"picked":"PiercingWail","floor":17},{"not_picked":["Deadly Poison","Bane"],"picked":"Terror+1","floor":18},{"not_picked":["Backflip","Sucker Punch","PiercingWail"],"picked":"SKIP","floor":20},{"not_picked":["Deflect+1","Footwork+1","Reflex"],"picked":"SKIP","floor":21}],"player_experience":34923,"relics_obtained":[{"floor":9,"key":"Tough Bandages"},{"floor":11,"key":"Sundial"}],"event_choices":[{"event_name":"World of Goop","player_choice":"Gather Gold","floor":3,"damage_taken":0},{"event_name":"Big Fish","player_choice":"Donut","floor":4,"damage_taken":0},{"event_name":"The Cleric","player_choice":"Healed","floor":14,"damage_taken":0},{"event_name":"Vampires","player_choice":"Became a vampire","floor":19,"damage_taken":0}],"is_beta":false,"boss_relics":[{"not_picked":["Busted Crown","Coffee Dripper"],"picked":"Orrery"}],"items_purged_floors":[],"is_endless":false,"potions_floor_spawned":[2,11,13,16],"killed_by":"Centurion and Healer","ascension_level":0}