{"gold_per_floor":[117,133,145,162,337,337,395,395,395,406,406,421,421,434,434,434],"floor_reached":16,"playtime":829,"items_purged":[],"score":160,"play_id":"fd60f7d2-70a7-4127-a6fd-ccd9b5a9aaa2","local_time":"20190128114449","is_ascension_mode":true,"campfire_choices":[{"data":"All Out Attack","floor":6,"key":"SMITH"},{"floor":8,"key":"REST"},{"floor":11,"key":"REST"},{"floor":15,"key":"REST"}],"neow_cost":"NONE","seed_source_timestamp":678013601559703,"circlet_count":0,"master_deck":["AscendersBane","Defend_G","Defend_G","Defend_G","Defend_G","Defend_G","Strike_G+1","Strike_G","Strike_G","Strike_G","Strike_G","Survivor","Neutralize","Acrobatics","Acrobatics","Backflip+1","Endless Agony","Dagger Spray","Well Laid Plans","All Out Attack+1","Underhanded Strike","Doubt","Backflip","Dagger Throw"],"relics":["Orrery","Matryoshka","Vajra","Gremlin Horn"],"potions_floor_usage":[7,16],"damage_taken":[{"damage":6,"enemies":"Cultist","floor":1,"turns":5},{"damage":0,"enemies":"2 Louse","floor":2,"turns":2},{"damage":0,"enemies":"Jaw Worm","floor":3,"turns":4},{"damage":7,"enemies":"Exordium Wildlife","floor":4,"turns":4},{"damage":43,"enemies":"Lagavulin Event","floor":7,"turns":7},{"damage":0,"enemies":"Red Slaver","floor":10,"turns":3},{"damage":6,"enemies":"Blue Slaver","floor":12,"turns":4},{"damage":11,"enemies":"Exordium Wildlife","floor":14,"turns":5},{"damage":32,"enemies":"Hexaghost","floor":16,"turns":11}],"seed_played":"-3876722657584331982","potions_obtained":[{"floor":2,"key":"SteroidPotion"},{"floor":7,"key":"Dexterity Potion"}],"is_trial":false,"path_per_floor":["M","M","M","M","?","R","?","R","T","M","R","M","?","M","R","B"],"character_chosen":"THE_SILENT","items_purchased":[],"campfire_rested":3,"item_purchase_floors":[],"current_hp_per_floor":[53,53,53,46,46,46,3,22,22,22,41,35,22,11,30,0],"gold":434,"neow_bonus":"BOSS_RELIC","is_prod":false,"is_daily":false,"chose_seed":false,"campfire_upgraded":1,"win_rate":0,"timestamp":1548672289,"path_taken":["M","M","M","M","?","R","?","R","T","M","R","M","?","M","R","BOSS"],"build_version":"2019-01-23","purchased_purges":0,"victory":false,"max_hp_per_floor":[66,66,66,66,66,66,66,66,66,66,66,66,66,66,66,66],"card_choices":[{"not_picked":["Quick Slash","Sucker Punch"],"picked":"Acrobatics","floor":0},{"not_picked":["Slice","PiercingWail"],"picked":"Acrobatics","floor":0},{"not_picked":["Flying Knee","Expertise"],"picked":"Backflip","floor":0},{"not_picked":["Riddle With Holes","Quick Slash"],"picked":"Endless Agony","floor":0},{"not_picked":["Flying Knee","Catalyst"],"picked":"Dagger Spray","floor":1},{"not_picked":["Concentrate","Blade Dance"],"picked":"Well Laid Plans","floor":2},{"not_picked":["Deflect","Blade Dance"],"picked":"All Out Attack","floor":3},{"not_picked":["Bane","Backflip"],"picked":"Underhanded Strike","floor":4},{"not_picked":["Deadly Poison","Outmaneuver"],"picked":"Backflip","floor":7},{"not_picked":["Cloak And Dagger","Bullet Time","Blade Dance"],"picked":"SKIP","floor":10},{"not_picked":["Outmaneuver","Bouncing Flask","Infinite Blades"],"picked":"SKIP","floor":12},{"not_picked":["Sucker Punch","Dagger Spray"],"picked":"Dagger Throw","floor":14}],"player_experience":392180,"relics_obtained":[{"floor":7,"key":"Matryoshka"},{"floor":9,"key":"Vajra"},{"floor":9,"key":"Gremlin Horn"}],"event_choices":[{"damage_healed":0,"gold_gain":175,"player_choice":"AGREE","damage_taken":0,"max_hp_gain":0,"max_hp_loss":0,"event_name":"Liars Game","floor":5,"gold_loss":0,"cards_obtained":["Doubt"]},{"damage_healed":0,"gold_gain":0,"player_choice":"Searched \u00272\u0027 times","damage_taken":0,"max_hp_gain":0,"max_hp_loss":0,"event_name":"Dead Adventurer","floor":7,"gold_loss":0},{"damage_healed":0,"gold_gain":0,"player_choice":"Entered Light","damage_taken":13,"max_hp_gain":0,"max_hp_loss":0,"event_name":"Shining Light","floor":13,"gold_loss":0,"cards_upgraded":["Strike_G","Backflip"]}],"is_beta":false,"boss_relics":[],"items_purged_floors":[],"is_endless":false,"potions_floor_spawned":[2,7],"killed_by":"Hexaghost","ascension_level":14}