{"gold_per_floor":[117,117,131,131,131,131,166,166,166,199,374,374,13,29,29,29],"floor_reached":16,"playtime":795,"items_purged":[],"score":131,"play_id":"8527a8eb-6ebd-40dd-99f8-ff9f8a6e502c","local_time":"20181216112342","is_ascension_mode":false,"campfire_choices":[{"data":"Backflip","floor":6,"key":"SMITH"},{"data":"Neutralize","floor":8,"key":"SMITH"},{"floor":12,"key":"REST"},{"data":"Burst","floor":15,"key":"SMITH"}],"neow_cost":"NONE","seed_source_timestamp":668060432619008,"circlet_count":0,"master_deck":["Defend_G","Defend_G","Defend_G","Defend_G","Defend_G","Strike_G","Strike_G","Strike_G","Strike_G","Strike_G","Survivor","Neutralize+1","PiercingWail","Backflip+1","Burst+1","Crippling Poison","Doubt","Slice","Deflect"],"relics":["Ring of the Snake","NeowsBlessing","Golden Idol","Bronze Scales","Frozen Egg 2","Pen Nib","Ice Cream"],"potions_floor_usage":[10],"damage_taken":[{"damage":0,"enemies":"Small Slimes","floor":1,"turns":1},{"damage":0,"enemies":"Jaw Worm","floor":3,"turns":1},{"damage":0,"enemies":"Gremlin Nob","floor":7,"turns":1},{"damage":43,"enemies":"Lagavulin","floor":10,"turns":14},{"damage":0,"enemies":"2 Louse","floor":14,"turns":3},{"damage":52,"enemies":"Slime Boss","floor":16,"turns":11}],"seed_played":"-153581687942694013","potions_obtained":[{"floor":3,"key":"FairyPotion"},{"floor":7,"key":"Regen Potion"}],"is_trial":false,"path_per_floor":["M","?","M","?","?","R","E","R","T","E","?","R","$","M","R","B"],"character_chosen":"THE_SILENT","items_purchased":["Ice Cream","Slice"],"campfire_rested":1,"item_purchase_floors":[13,13],"current_hp_per_floor":[70,70,70,63,56,56,56,56,56,28,28,49,49,49,49,7],"gold":29,"neow_bonus":"THREE_ENEMY_KILL","is_prod":false,"is_daily":false,"chose_seed":false,"campfire_upgraded":3,"win_rate":0.0,"timestamp":1544912622,"path_taken":["M","?","M","?","?","R","E","R","T","E","?","R","$","M","R","BOSS"],"build_version":"2018-12-13","purchased_purges":0,"victory":false,"max_hp_per_floor":[70,70,70,70,70,70,70,70,70,70,70,70,70,70,70,70],"card_choices":[{"not_picked":["Quick Slash","Sucker Punch"],"picked":"PiercingWail","floor":1},{"not_picked":["Sucker Punch","Underhanded Strike"],"picked":"Backflip","floor":3},{"not_picked":["Night Terror","Flying Knee"],"picked":"Burst","floor":7},{"not_picked":["Tactician","Slice"],"picked":"Crippling Poison","floor":10},{"not_picked":["Underhanded Strike","Tactician"],"picked":"Deflect","floor":14}],"player_experience":476530,"relics_obtained":[{"floor":7,"key":"Bronze Scales"},{"floor":9,"key":"Frozen Egg 2"},{"floor":10,"key":"Pen Nib"}],"event_choices":[{"damage_healed":0,"gold_gain":0,"player_choice":"Take Wound","damage_taken":0,"relics_obtained":["Golden Idol"],"max_hp_gain":0,"max_hp_loss":0,"event_name":"Golden Idol","floor":2,"gold_loss":0,"cards_obtained":["Injury"]},{"damage_healed":0,"gold_gain":0,"player_choice":"Fled","damage_taken":7,"max_hp_gain":0,"max_hp_loss":0,"event_name":"Scrap Ooze","floor":4,"gold_loss":0},{"cards_removed":["Injury"],"damage_healed":0,"gold_gain":0,"player_choice":"Card Removal","damage_taken":7,"max_hp_gain":0,"max_hp_loss":0,"event_name":"Golden Wing","floor":5,"gold_loss":0},{"damage_healed":0,"gold_gain":175,"player_choice":"AGREE","damage_taken":0,"max_hp_gain":0,"max_hp_loss":0,"event_name":"Liars Game","floor":11,"gold_loss":0,"cards_obtained":["Doubt"]}],"is_beta":false,"boss_relics":[],"items_purged_floors":[],"is_endless":false,"potions_floor_spawned":[3,7],"killed_by":"Slime Boss","ascension_level":0}