{"gold_per_floor":[117,127,19,29,44,76,76,76,76,76,76,76,56,74,74,178,178,194,212,224,139,39,39],"floor_reached":23,"playtime":1430,"items_purged":["Strike_B","Defend_B"],"score":241,"play_id":"fb8e95de-cef6-4760-bfe8-40eda8c28289","local_time":"20181123023918","is_ascension_mode":false,"campfire_choices":[{"data":"Defragment","floor":8,"key":"SMITH"},{"data":"Strike_B","floor":11,"key":"PURGE"},{"data":"Zap","floor":12,"key":"SMITH"},{"data":"Defragment","floor":15,"key":"SMITH"}],"neow_cost":"NONE","seed_source_timestamp":640648666402634,"circlet_count":0,"master_deck":["Strike_B","Strike_B","Defend_B+1","Defend_B","Zap+1","Dualcast+1","Rebound","Static Discharge","Heatsinks","Defragment+1","Melter","Ball Lightning","Scrape","Defragment+1","Buffer","Sweeping Beam","Lockon","White Noise"],"relics":["Cracked Core","War Paint","WingedGreaves","Peace Pipe","Nuclear Battery","Symbiotic Virus"],"potions_floor_usage":[16,16,19,19],"damage_taken":[{"damage":3,"enemies":"Small Slimes","floor":1,"turns":3},{"damage":0,"enemies":"Cultist","floor":2,"turns":3},{"damage":2,"enemies":"Jaw Worm","floor":4,"turns":4},{"damage":6,"enemies":"Exordium Wildlife","floor":5,"turns":3},{"damage":36,"enemies":"3 Sentries","floor":6,"turns":5},{"damage":7,"enemies":"Blue Slaver","floor":14,"turns":2},{"damage":0,"enemies":"Slime Boss","floor":16,"turns":7},{"damage":7,"enemies":"3 Byrds","floor":18,"turns":2},{"damage":13,"enemies":"Shell Parasite","floor":19,"turns":3},{"damage":27,"enemies":"Snake Plant","floor":20,"turns":2},{"damage":31,"enemies":"Book of Stabbing","floor":23,"turns":3}],"seed_played":"3393976892663341996","potions_obtained":[{"floor":5,"key":"Weak Potion"},{"floor":6,"key":"Poison Potion"},{"floor":13,"key":"GamblersBrew"},{"floor":18,"key":"Poison Potion"}],"is_trial":false,"path_per_floor":["M","M","$","M","M","E","?","R","T","?","R","R","?","M","R","B",null,"M","M","M","?","$","E"],"character_chosen":"DEFECT","items_purchased":["Heatsinks"],"campfire_rested":0,"item_purchase_floors":[3],"current_hp_per_floor":[72,72,72,70,64,28,53,53,53,53,53,53,53,46,46,46,75,68,55,28,28,28,0],"gold":39,"neow_bonus":"RANDOM_COMMON_RELIC","is_prod":false,"is_daily":false,"chose_seed":false,"campfire_upgraded":3,"win_rate":0,"timestamp":1542893958,"path_taken":["M","M","$","M","M","E","?","R","T","?","R","R","?","?","R","BOSS","M","M","?","?","$","E"],"build_version":"2018-11-15","purchased_purges":2,"victory":false,"max_hp_per_floor":[75,75,75,75,75,75,75,75,75,75,75,75,75,75,75,75,75,75,75,75,75,75,75],"card_choices":[{"not_picked":["Steam Power","Storm"],"picked":"Rebound","floor":1},{"not_picked":["Conserve Battery","FTL"],"picked":"Static Discharge","floor":2},{"not_picked":["Undo","Steam"],"picked":"Defragment","floor":4},{"not_picked":["Leap","Compile Driver"],"picked":"Melter","floor":5},{"not_picked":["Lockon","Streamline"],"picked":"Ball Lightning","floor":6},{"not_picked":["Coolheaded","Ball Lightning"],"picked":"Defragment","floor":14},{"not_picked":["Meteor Strike","Electrodynamics"],"picked":"Buffer","floor":16},{"not_picked":["Doom and Gloom","Gash"],"picked":"Sweeping Beam","floor":18},{"not_picked":["Hello World","Loop+1"],"picked":"Lockon","floor":19},{"not_picked":["Gash+1","Coolheaded"],"picked":"White Noise","floor":20}],"player_experience":335971,"relics_obtained":[{"floor":6,"key":"WingedGreaves"},{"floor":9,"key":"Peace Pipe"}],"event_choices":[{"damage_healed":25,"gold_gain":0,"player_choice":"Banana","damage_taken":0,"max_hp_gain":0,"max_hp_loss":0,"event_name":"Big Fish","floor":7,"gold_loss":0},{"damage_healed":0,"gold_gain":0,"cards_transformed":["Defend_B"],"player_choice":"Change","damage_taken":0,"max_hp_gain":0,"max_hp_loss":0,"event_name":"Living Wall","floor":10,"gold_loss":0,"cards_obtained":["Scrape"]},{"damage_healed":0,"gold_gain":0,"player_choice":"Bought 1 Potion","damage_taken":0,"max_hp_gain":0,"max_hp_loss":0,"event_name":"The Woman in Blue","floor":13,"gold_loss":0},{"damage_healed":0,"gold_gain":0,"player_choice":"Obtained Relic","damage_taken":0,"relics_obtained":["Symbiotic Virus"],"max_hp_gain":0,"max_hp_loss":0,"event_name":"Addict","floor":21,"gold_loss":85}],"is_beta":false,"boss_relics":[{"not_picked":["Runic Pyramid","FrozenCore"],"picked":"Nuclear Battery"}],"items_purged_floors":[3,22],"is_endless":false,"potions_floor_spawned":[5,6,18],"killed_by":"Book of Stabbing","ascension_level":0}