{"gold_per_floor":[111,129,129,149,149,149,174,324,324,339,339],"floor_reached":11,"playtime":219,"items_purged":[],"score":142,"play_id":"2feba0e7-c702-4ff1-b579-4287e316f45b","local_time":"20190106024601","is_ascension_mode":true,"campfire_choices":[{"data":"Zap","floor":6,"key":"SMITH"}],"neow_cost":"NONE","seed_source_timestamp":282849399776500,"circlet_count":0,"master_deck":["AscendersBane","Strike_B","Strike_B","Strike_B","Strike_B","Defend_B","Defend_B","Defend_B+1","Zap+1","Dualcast","Streamline+1","Hologram","Conserve Battery","Steam","Doubt","Ball Lightning"],"relics":["Cracked Core","Dodecahedron","Blue Candle"],"potions_floor_usage":[10],"damage_taken":[{"damage":8,"enemies":"2 Louse","floor":1,"turns":3},{"damage":2,"enemies":"Jaw Worm","floor":2,"turns":3},{"damage":0,"enemies":"Cultist","floor":4,"turns":3},{"damage":24,"enemies":"3 Sentries","floor":7,"turns":6},{"damage":5,"enemies":"Lots of Slimes","floor":10,"turns":4},{"damage":13,"enemies":"Exordium Wildlife","floor":11,"turns":1}],"seed_played":"8655659447658185151","potions_obtained":[{"floor":4,"key":"Block Potion"}],"is_trial":false,"path_per_floor":["M","M","?","M","?","R","E","?","T","M","M"],"character_chosen":"DEFECT","items_purchased":[],"campfire_rested":0,"item_purchase_floors":[],"current_hp_per_floor":[63,61,38,38,31,31,7,7,7,2,0],"gold":339,"neow_bonus":"TEN_PERCENT_HP_BONUS","is_prod":false,"is_daily":false,"chose_seed":false,"campfire_upgraded":1,"win_rate":0,"timestamp":1546710361,"path_taken":["M","M","?","M","?","R","E","?","T","M","M"],"build_version":"2019-01-03v4","purchased_purges":0,"victory":false,"max_hp_per_floor":[78,78,78,78,78,78,78,78,78,78,78],"card_choices":[{"not_picked":["Turbo","Hologram"],"picked":"Streamline","floor":1},{"not_picked":["Go for the Eyes","Compile Driver"],"picked":"Hologram","floor":2},{"not_picked":["Auto Shields","Gash"],"picked":"Conserve Battery","floor":4},{"not_picked":["Consume","Tempest"],"picked":"Steam","floor":7},{"not_picked":["Barrage","Glacier"],"picked":"Ball Lightning","floor":10}],"player_experience":1011260,"relics_obtained":[{"floor":7,"key":"Dodecahedron"},{"floor":9,"key":"Blue Candle"}],"event_choices":[{"damage_healed":0,"gold_gain":0,"player_choice":"Entered Light","damage_taken":23,"max_hp_gain":0,"max_hp_loss":0,"event_name":"Shining Light","floor":3,"gold_loss":0,"cards_upgraded":["Streamline","Defend_B"]},{"cards_removed":["Defend_B"],"damage_healed":0,"gold_gain":0,"player_choice":"Card Removal","damage_taken":7,"max_hp_gain":0,"max_hp_loss":0,"event_name":"Golden Wing","floor":5,"gold_loss":0},{"damage_healed":0,"gold_gain":150,"player_choice":"AGREE","damage_taken":0,"max_hp_gain":0,"max_hp_loss":0,"event_name":"Liars Game","floor":8,"gold_loss":0,"cards_obtained":["Doubt"]}],"is_beta":false,"boss_relics":[],"items_purged_floors":[],"is_endless":false,"potions_floor_spawned":[4],"killed_by":"Exordium Wildlife","ascension_level":19}