{"gold_per_floor":[109,59,59,76,94,94,111,111,111,125,125,125,146,71,71,191,191,216,141,141,141,111,111,136,155,155,176,176,176,176,195,195,195],"floor_reached":33,"playtime":1350,"items_purged":["Injury"],"score":357,"play_id":"95b8d727-3a96-44f1-9591-e0cbf06a0560","local_time":"20190201002916","is_ascension_mode":true,"campfire_choices":[{"data":"Havoc","floor":6,"key":"SMITH"},{"floor":8,"key":"REST"},{"data":"Armaments","floor":15,"key":"SMITH"},{"data":"True Grit","floor":23,"key":"SMITH"},{"floor":29,"key":"REST"},{"floor":32,"key":"REST"}],"neow_cost":"NONE","seed_source_timestamp":699508174610722,"circlet_count":0,"master_deck":["Bash","Headbutt","Anger","Havoc+1","True Grit+1","Armaments+1","Pommel Strike","Demon Form+1","Warcry+1","Feel No Pain+1","Combust+1","Shrug It Off+1","Spot Weakness","Rage","Bite","Bite","Bite","Bite","Bite","True Grit+1"],"relics":["Black Blood","PreservedInsect","Frozen Egg 2","Golden Idol","Meat on the Bone","Singing Bowl","The Courier","Juzu Bracelet"],"potions_floor_usage":[24,33,33],"damage_taken":[{"damage":8,"enemies":"Jaw Worm","floor":1,"turns":5},{"damage":3,"enemies":"2 Louse","floor":4,"turns":3},{"damage":10,"enemies":"Small Slimes","floor":5,"turns":2},{"damage":33,"enemies":"Exordium Thugs","floor":7,"turns":5},{"damage":9,"enemies":"Blue Slaver","floor":10,"turns":3},{"damage":6,"enemies":"Red Slaver","floor":13,"turns":3},{"damage":9,"enemies":"Slime Boss","floor":16,"turns":9},{"damage":44,"enemies":"2 Thieves","floor":18,"turns":4},{"damage":25,"enemies":"Chosen","floor":24,"turns":5},{"damage":22,"enemies":"Snecko","floor":25,"turns":4},{"damage":46,"enemies":"Snake Plant","floor":27,"turns":5},{"damage":47,"enemies":"Shelled Parasite and Fungi","floor":31,"turns":6},{"damage":91,"enemies":"Collector","floor":33,"turns":6}],"seed_played":"-2773804265136918262","potions_obtained":[{"floor":1,"key":"Ancient Potion"},{"floor":5,"key":"EssenceOfSteel"},{"floor":13,"key":"SteroidPotion"},{"floor":16,"key":"LiquidBronze"},{"floor":18,"key":"Explosive Potion"},{"floor":31,"key":"SpeedPotion"}],"is_trial":false,"path_per_floor":["M","?","?","M","M","R","M","R","T","M","?","?","M","$","R","B",null,"M","?","T","T","$","R","M","M","T","M","?","R","?","M","R","B"],"character_chosen":"IRONCLAD","items_purchased":["Feel No Pain+1"],"campfire_rested":3,"item_purchase_floors":[22],"current_hp_per_floor":[70,70,63,66,62,62,35,59,59,56,56,49,49,49,49,58,75,53,53,53,53,53,53,52,52,52,28,28,52,52,45,57,0],"gold":195,"neow_bonus":"RANDOM_COMMON_RELIC","is_prod":false,"is_daily":false,"chose_seed":false,"campfire_upgraded":3,"win_rate":0,"timestamp":1548955756,"path_taken":["M","?","?","M","M","R","M","R","T","M","?","?","?","$","R","BOSS","M","?","?","?","?","R","?","M","T","M","?","R","?","M","R","BOSS"],"build_version":"2019-01-23","purchased_purges":1,"victory":false,"max_hp_per_floor":[80,80,80,80,80,80,80,80,80,80,80,80,80,80,80,80,80,80,80,80,80,80,80,82,82,82,82,82,82,57,57,57,57],"card_choices":[{"not_picked":["Fire Breathing","Warcry"],"picked":"Headbutt","floor":1},{"not_picked":["Twin Strike","Reckless Charge"],"picked":"Anger","floor":4},{"not_picked":["Perfected Strike","Rage"],"picked":"Havoc","floor":5},{"not_picked":["Cleave","Berserk"],"picked":"True Grit","floor":7},{"not_picked":["Wild Strike","Body Slam"],"picked":"Armaments","floor":10},{"not_picked":["Combust+1","Rampage"],"picked":"Pommel Strike","floor":13},{"not_picked":["Brutality+1","Bludgeon"],"picked":"Demon Form+1","floor":16},{"not_picked":["Intimidate","Clash"],"picked":"Warcry+1","floor":18},{"not_picked":["Cleave","Anger","Seeing Red"],"picked":"Singing Bowl","floor":24},{"not_picked":["Body Slam","Heavy Blade"],"picked":"Combust+1","floor":25},{"not_picked":["Rage","Thunderclap"],"picked":"Shrug It Off+1","floor":27},{"not_picked":["Sword Boomerang","Warcry"],"picked":"True Grit+1","floor":31}],"player_experience":295356,"relics_obtained":[{"floor":9,"key":"Frozen Egg 2"},{"floor":20,"key":"Singing Bowl"},{"floor":21,"key":"The Courier"},{"floor":26,"key":"Juzu Bracelet"}],"event_choices":[{"cards_removed":["Defend_R"],"damage_healed":0,"gold_gain":0,"player_choice":"Card Removal","damage_taken":0,"max_hp_gain":0,"max_hp_loss":0,"event_name":"The Cleric","floor":2,"gold_loss":50},{"cards_removed":["Defend_R"],"damage_healed":0,"gold_gain":0,"player_choice":"Card Removal","damage_taken":7,"max_hp_gain":0,"max_hp_loss":0,"event_name":"Golden Wing","floor":3,"gold_loss":0},{"damage_healed":0,"gold_gain":0,"player_choice":"Take Wound","damage_taken":0,"relics_obtained":["Golden Idol"],"max_hp_gain":0,"max_hp_loss":0,"event_name":"Golden Idol","floor":11,"gold_loss":0,"cards_obtained":["Injury"]},{"damage_healed":0,"gold_gain":0,"player_choice":"Success","damage_taken":7,"relics_obtained":["Meat on the Bone"],"max_hp_gain":0,"max_hp_loss":0,"event_name":"Scrap Ooze","floor":12,"gold_loss":0},{"cards_removed":["Defend_R"],"damage_healed":0,"gold_gain":0,"player_choice":"Gave Gold","damage_taken":0,"max_hp_gain":0,"max_hp_loss":0,"event_name":"Beggar","floor":19,"gold_loss":75},{"damage_healed":0,"gold_gain":0,"cards_transformed":["Defend_R","Strike_R"],"player_choice":"Became Test Subject","damage_taken":0,"max_hp_gain":0,"max_hp_loss":0,"event_name":"Drug Dealer","floor":28,"gold_loss":0,"cards_obtained":["Spot Weakness","Rage"]},{"damage_healed":0,"gold_gain":0,"player_choice":"Became a vampire","damage_taken":0,"max_hp_gain":0,"max_hp_loss":25,"event_name":"Vampires","floor":30,"gold_loss":0,"cards_obtained":["Bite","Bite","Bite","Bite","Bite"]}],"is_beta":false,"boss_relics":[{"not_picked":["Coffee Dripper","Runic Dome"],"picked":"Black Blood"}],"items_purged_floors":[14],"is_endless":false,"potions_floor_spawned":[1,5,13,16,18,31],"killed_by":"Collector","ascension_level":8}