{"gold_per_floor":[113,63,76,91,21,48,48,68,150,150,37,54,73,92,92,193,193,207,226,226],"floor_reached":20,"playtime":805,"items_purged":[],"score":223,"play_id":"bebb26f4-f4cc-483b-8968-1a2230c771f7","local_time":"20180924134100","is_ascension_mode":true,"campfire_choices":[{"data":"Loop","floor":7,"key":"SMITH"},{"floor":15,"key":"REST"}],"neow_cost":"TEN_PERCENT_HP_LOSS","seed_source_timestamp":238254289730016,"circlet_count":0,"master_deck":["Strike_B","Strike_B","Defend_B","Defend_B","Defend_B","Defend_B","Zap","Dualcast","Lockon","Streamline","Loop+1","Capacitor","Turbo","Lockon","Defragment","Doom and Gloom","Steam","Conserve Battery","Fission","Multi-Cast","Beam Cell+1"],"relics":["FrozenCore","Dead Branch","Ice Cream","Bottled Flame"],"potions_floor_usage":[13,14,16,20],"damage_taken":[{"damage":0,"enemies":"2 Louse","floor":1,"turns":2},{"damage":11,"enemies":"Jaw Worm","floor":3,"turns":4},{"damage":0,"enemies":"Cultist","floor":4,"turns":2},{"damage":25,"enemies":"Lagavulin","floor":6,"turns":7},{"damage":13,"enemies":"Red Slaver","floor":8,"turns":3},{"damage":0,"enemies":"Large Slime","floor":12,"turns":4},{"damage":10,"enemies":"3 Louse","floor":13,"turns":3},{"damage":0,"enemies":"2 Fungi Beasts","floor":14,"turns":3},{"damage":7,"enemies":"Hexaghost","floor":16,"turns":8},{"damage":10,"enemies":"Chosen","floor":18,"turns":8},{"damage":33,"enemies":"3 Byrds","floor":19,"turns":8},{"damage":17,"enemies":"Snake Plant","floor":20,"turns":3}],"seed_played":"-6785146073019014635","potions_obtained":[{"floor":4,"key":"EssenceOfSteel"},{"floor":8,"key":"Block Potion"},{"floor":13,"key":"FocusPotion"},{"floor":16,"key":"Strength Potion"},{"floor":18,"key":"Strength Potion"},{"floor":19,"key":"SkillPotion"}],"is_trial":false,"path_per_floor":["M","?","M","M","$","E","R","M","T","?","$","M","M","M","R","B",null,"M","M"],"character_chosen":"DEFECT","items_purchased":["Capacitor","Defragment","Doom and Gloom"],"campfire_rested":1,"item_purchase_floors":[5,11,11],"current_hp_per_floor":[68,68,57,57,57,32,32,19,19,12,12,12,2,2,22,15,55,45,12,0],"gold":226,"neow_bonus":"ONE_RARE_RELIC","is_prod":false,"is_daily":false,"chose_seed":false,"campfire_upgraded":1,"win_rate":0,"timestamp":1537789260,"path_taken":["M","?","M","?","?","E","R","M","T","?","$","?","M","M","R","BOSS","M","M","M"],"build_version":"2018-09-20","purchased_purges":0,"victory":false,"max_hp_per_floor":[68,68,68,68,68,68,68,68,68,68,68,68,68,68,68,68,68,68,68,68],"card_choices":[{"not_picked":["Compile Driver","Tempest"],"picked":"Lockon","floor":1},{"not_picked":["Genetic Algorithm","Steam"],"picked":"Streamline","floor":3},{"not_picked":["BootSequence","Go for the Eyes"],"picked":"Loop","floor":4},{"not_picked":["Meteor Strike","Heatsinks"],"picked":"Turbo","floor":6},{"not_picked":["Melter","Storm"],"picked":"Lockon","floor":8},{"not_picked":["Gash","Compile Driver"],"picked":"Steam","floor":12},{"not_picked":["Go for the Eyes","Streamline"],"picked":"Conserve Battery","floor":13},{"not_picked":["Conserve Battery","Turbo"],"picked":"Fission","floor":14},{"not_picked":["Fission","Creative AI"],"picked":"Multi-Cast","floor":16},{"not_picked":["Turbo","Capacitor","Steam+1"],"picked":"SKIP","floor":18},{"not_picked":["Turbo+1","Steam"],"picked":"Beam Cell+1","floor":19}],"player_experience":653553,"relics_obtained":[{"floor":6,"key":"Ice Cream"},{"floor":9,"key":"Bottled Flame"}],"event_choices":[{"event_name":"The Cleric","player_choice":"Card Removal","floor":2,"damage_taken":0},{"event_name":"Golden Wing","player_choice":"Card Removal","floor":10,"damage_taken":0}],"is_beta":false,"boss_relics":[{"not_picked":["Runic Pyramid","Calling Bell"],"picked":"FrozenCore"}],"items_purged_floors":[],"is_endless":false,"potions_floor_spawned":[4,8,13,16,18,19],"killed_by":"Snake Plant","ascension_level":5}