{"gold_per_floor":[116,116,136,146,164,239,265,265,344,354,12,12,47,59,59,59],"floor_reached":16,"playtime":756,"items_purged":[],"score":218,"play_id":"b02607e4-a844-4e39-be38-0682cb94a6cf","local_time":"20180913165600","is_ascension_mode":true,"campfire_choices":[{"floor":8.0,"key":"REST"},{"floor":12.0,"key":"REST"},{"data":"Sunder","floor":15.0,"key":"SMITH"}],"neow_cost":"NONE","seed_source_timestamp":17263355502908,"circlet_count":0,"master_deck":["Strike_B","Strike_B","Strike_B","Strike_B","Defend_B","Defend_B","Defend_B","Defend_B","Zap","Dualcast","AscendersBane","FTL","Conserve Battery","Streamline","Core Surge","Sunder+1","Stack","Doom and Gloom"],"special_seed":0,"relics":["Cracked Core","DataDisk","Gambling Chip","Ornamental Fan","Vajra","Bag of Preparation","PreservedInsect"],"potions_floor_usage":[16],"damage_taken":[{"damage":11.0,"enemies":"2 Louse","floor":1.0,"turns":2.0},{"damage":0.0,"enemies":"Small Slimes","floor":3.0,"turns":2.0},{"damage":1.0,"enemies":"Cultist","floor":4.0,"turns":3.0},{"damage":0.0,"enemies":"Gremlin Gang","floor":5.0,"turns":4.0},{"damage":31.0,"enemies":"Gremlin Nob","floor":7.0,"turns":4.0},{"damage":16.0,"enemies":"Large Slime","floor":10.0,"turns":5.0},{"damage":14.0,"enemies":"3 Sentries","floor":13.0,"turns":4.0},{"damage":0.0,"enemies":"Blue Slaver","floor":14.0,"turns":2.0},{"damage":30,"enemies":"Slime Boss","floor":16,"turns":5}],"seed_played":"8426581444047842802","potions_obtained":[{"floor":1.0,"key":"Strength Potion"},{"floor":5.0,"key":"Poison Potion"},{"floor":7.0,"key":"Block Potion"},{"floor":10.0,"key":"FearPotion"}],"is_trial":false,"path_per_floor":["M","?","M","M","M","?","E","R","T","M","$","R","E","M","R"],"character_chosen":"DEFECT","items_purchased":["Vajra","Bag of Preparation"],"campfire_rested":2,"item_purchase_floors":[11,11],"current_hp_per_floor":[53,58,58,57,57,46,15,37,37,21,21,43,29,29,29,0],"gold":59,"neow_bonus":"RANDOM_COMMON_RELIC","is_prod":false,"is_daily":false,"chose_seed":false,"campfire_upgraded":1,"win_rate":0,"timestamp":1536850560,"path_taken":["M","?","?","M","?","?","E","R","T","?","$","R","E","M","R","BOSS"],"build_version":"2018-09-06","purchased_purges":0,"victory":false,"max_hp_per_floor":[71,76,76,76,76,76,76,76,76,76,76,76,76,76,76,76],"card_choices":[{"not_picked":["Aggregate","Sweeping Beam"],"picked":"FTL","floor":1.0},{"not_picked":["Hello World","Barrage","Force Field"],"picked":"SKIP","floor":3.0},{"not_picked":["Blizzard","Leap"],"picked":"Conserve Battery","floor":4.0},{"not_picked":["Compile Driver","Recycle"],"picked":"Streamline","floor":5.0},{"not_picked":["Gash","Sunder"],"picked":"Core Surge","floor":7.0},{"not_picked":["Steam","Barrage"],"picked":"Sunder","floor":10.0},{"not_picked":["Compile Driver","Steam"],"picked":"Stack","floor":13.0},{"not_picked":["Conserve Battery","Leap"],"picked":"Doom and Gloom","floor":14.0}],"player_experience":973776,"relics_obtained":[{"floor":7.0,"key":"Gambling Chip"},{"floor":9.0,"key":"Ornamental Fan"},{"floor":13.0,"key":"PreservedInsect"}],"event_choices":[{"event_name":"Big Fish","player_choice":"Donut","floor":2.0,"damage_taken":0.0},{"event_name":"World of Goop","player_choice":"Gather Gold","floor":6.0,"damage_taken":0.0}],"is_beta":false,"boss_relics":[],"items_purged_floors":[],"is_endless":false,"potions_floor_spawned":[1,5,7,10],"killed_by":"Slime Boss","ascension_level":19}