{"path_per_floor":["M","M","?","M","$","E","?","R","T","R","M","R","M","?","R"],"character_chosen":"THE_SILENT","items_purchased":[],"gold_per_floor":[117,134,134,151,76,106,106,106,129,129,142,142,155,155,155,155],"floor_reached":16,"campfire_rested":0,"playtime":586,"current_hp_per_floor":[70,70,63,59,59,47,47,47,47,47,47,47,41,46,46,0],"items_purged":["Strike_G"],"gold":155,"score":100,"play_id":"9da6f3db-c512-4418-9b8e-89874f02f882","local_time":"20180423065538","is_prod":false,"is_daily":false,"chose_seed":false,"is_ascension_mode":false,"campfire_upgraded":4,"timestamp":1524459338,"path_taken":["M","M","?","M","$","E","?","R","T","R","M","R","M","?","R","BOSS"],"build_version":"2018-04-19","seed_source_timestamp":422078560211,"purchased_purges":1,"victory":false,"master_deck":["Defend_G","Defend_G","Defend_G","Defend_G","Defend_G","Strike_G","Strike_G","Strike_G","Strike_G","Survivor","Neutralize+1","Backflip","Sucker Punch+1","All Out Attack+1","Poisoned Stab","Prepared","Flying Knee+1"],"max_hp_per_floor":[70,70,70,70,70,70,70,70,70,70,70,70,70,75,75,75],"relics":["Ring of the Snake","Sundial","Juzu Bracelet","Prayer Wheel"],"card_choices":[{"not_picked":["Deflect","Eviscerate"],"picked":"Backflip","floor":1},{"not_picked":["Acrobatics","Flying Knee"],"picked":"Sucker Punch","floor":2},{"not_picked":["Dodge and Roll","Calculated Gamble"],"picked":"All Out Attack","floor":4},{"not_picked":["Expertise","Dodge and Roll"],"picked":"Poisoned Stab","floor":6},{"not_picked":["Acrobatics","Outmaneuver"],"picked":"Prepared","floor":11},{"not_picked":["Outmaneuver","Phantasmal Killer"],"picked":"Flying Knee","floor":13}],"player_experience":514206,"potions_floor_usage":[6,6,16],"damage_taken":[{"damage":0,"enemies":"2 Louse","floor":1,"turns":3},{"damage":0,"enemies":"Small Slimes","floor":2,"turns":4},{"damage":4,"enemies":"Cultist","floor":4,"turns":5},{"damage":27,"enemies":"Lagavulin","floor":6,"turns":9},{"damage":0,"enemies":"2 Fungi Beasts","floor":11,"turns":4},{"damage":6,"enemies":"3 Louse","floor":13,"turns":2},{"damage":55,"enemies":"Slime Boss","floor":16,"turns":10}],"event_choices":[{"event_name":"Golden Wing","player_choice":"Card Removal","floor":3,"damage_taken":0},{"event_name":"Liars Game","player_choice":"disagreed","floor":7,"damage_taken":0},{"event_name":"Big Fish","player_choice":"Donut","floor":14,"damage_taken":0}],"boss_relics":[],"potions_floor_spawned":[1,4,6],"seed_played":"7339885366130233331","killed_by":"Slime Boss","ascension_level":0,"is_trial":false}