{"gold_per_floor":[116,129,139,10,27,27,84,84,84,84,115,131,131,144,144,221,221,240,9,9,9,9,9],"floor_reached":23,"playtime":771,"items_purged":["Shame"],"score":331,"play_id":"bc887071-66d8-4e06-b95f-66cfb1df72d7","local_time":"20190131115057","is_ascension_mode":true,"campfire_choices":[{"data":"Loop","floor":10.0,"key":"SMITH"},{"floor":13,"key":"REST"},{"data":"Mayhem","floor":15,"key":"SMITH"}],"neow_cost":"CURSE","seed_source_timestamp":7011845115415,"circlet_count":0,"master_deck":["AscendersBane","Strike_B","Strike_B","Strike_B","Strike_B","Defend_B","Defend_B","Defend_B","Defend_B","Zap+1","Dualcast","Mayhem+1","Good Instincts","Self Repair","Loop+1","Chaos","Coolheaded","Cold Snap","Steam","Barrage","Go for the Eyes","Darkness","Electrodynamics","Hologram","Consume","Decay"],"special_seed":0,"relics":["Cracked Core","Torii","Ginger","Boot","Sozu","Happy Flower"],"potions_floor_usage":[11,11,12,16,23],"damage_taken":[{"damage":0.0,"enemies":"Cultist","floor":1.0,"turns":3.0},{"damage":9.0,"enemies":"2 Louse","floor":2.0,"turns":4.0},{"damage":9.0,"enemies":"Jaw Worm","floor":3.0,"turns":4.0},{"damage":8.0,"enemies":"2 Fungi Beasts","floor":5.0,"turns":4.0},{"damage":22.0,"enemies":"3 Sentries","floor":7.0,"turns":9.0},{"damage":36,"enemies":"Gremlin Nob","floor":11,"turns":4},{"damage":14,"enemies":"Lots of Slimes","floor":12,"turns":5},{"damage":7,"enemies":"3 Louse","floor":14,"turns":4},{"damage":20,"enemies":"Slime Boss","floor":16,"turns":10},{"damage":32,"enemies":"2 Thieves","floor":18,"turns":4},{"damage":38,"enemies":"Gremlin Leader","floor":23,"turns":2}],"seed_played":"1861976149535552526","potions_obtained":[{"floor":1.0,"key":"FearPotion"},{"floor":7.0,"key":"AttackPotion"},{"floor":11,"key":"Poison Potion"},{"floor":12,"key":"Regen Potion"},{"floor":14,"key":"LiquidBronze"}],"is_trial":false,"path_per_floor":["M","M","M","$","M","?","?","?","T","R","E","M","R","M","R","B",null,"M","$","?","?","$","E"],"character_chosen":"DEFECT","items_purchased":["Coolheaded","Consume","Happy Flower"],"campfire_rested":1,"item_purchase_floors":[4,19,19],"current_hp_per_floor":[64,62,60,60,59,59,44,44,44,44,15,8,29,29,29,31,61,36,36,36,36,36,0],"gold":9,"neow_bonus":"RANDOM_COLORLESS_2","is_prod":false,"is_daily":false,"chose_seed":false,"campfire_upgraded":2,"win_rate":0,"timestamp":1548931857,"path_taken":["M","M","?","$","M","?","?","?","T","R","E","M","R","M","R","BOSS","M","?","?","?","?","E"],"build_version":"2019-01-23","purchased_purges":1,"victory":false,"max_hp_per_floor":[71,71,71,71,71,71,71,71,71,71,71,71,71,71,71,71,71,71,71,71,71,71,71],"card_choices":[{"not_picked":["Sweeping Beam","Barrage"],"picked":"Self Repair","floor":1.0},{"not_picked":["Reinforced Body","Chaos"],"picked":"Loop","floor":2.0},{"not_picked":["Rip and Tear","Self Repair"],"picked":"Chaos","floor":3.0},{"not_picked":["Rebound","Heatsinks"],"picked":"Cold Snap","floor":5.0},{"not_picked":["Scrape","Rip and Tear"],"picked":"Steam","floor":7.0},{"not_picked":["Static Discharge","Turbo"],"picked":"Barrage","floor":11},{"not_picked":["Gash","Genetic Algorithm"],"picked":"Go for the Eyes","floor":12},{"not_picked":["Compile Driver","Turbo"],"picked":"Darkness","floor":14},{"not_picked":["Thunder Strike","Seek"],"picked":"Electrodynamics","floor":16},{"not_picked":["Cold Snap","Force Field"],"picked":"Hologram","floor":18}],"player_experience":1153812,"relics_obtained":[{"floor":7.0,"key":"Torii"},{"floor":9.0,"key":"Ginger"},{"floor":11,"key":"Boot"}],"event_choices":[{"damage_healed":0.0,"max_hp_gain":0.0,"max_hp_loss":0.0,"gold_gain":0.0,"event_name":"Liars Game","player_choice":"Ignored","floor":6.0,"gold_loss":0.0,"damage_taken":0.0},{"damage_healed":0.0,"max_hp_gain":0.0,"max_hp_loss":0.0,"gold_gain":0.0,"event_name":"Dead Adventurer","player_choice":"Searched \u00272\u0027 times","floor":7.0,"gold_loss":0.0,"damage_taken":0.0},{"damage_healed":0.0,"max_hp_gain":0.0,"max_hp_loss":0.0,"gold_gain":0.0,"event_name":"Accursed Blacksmith","player_choice":"Forge","floor":8.0,"gold_loss":0.0,"damage_taken":0.0,"cards_upgraded":["Zap"]},{"damage_healed":0,"gold_gain":0,"player_choice":"Ignored","damage_taken":0,"max_hp_gain":0,"max_hp_loss":0,"event_name":"Beggar","floor":20,"gold_loss":0},{"damage_healed":0,"gold_gain":0,"player_choice":"Smashed Altar","damage_taken":0,"max_hp_gain":0,"max_hp_loss":0,"event_name":"Forgotten Altar","floor":21,"gold_loss":0,"cards_obtained":["Decay"]}],"is_beta":false,"boss_relics":[{"not_picked":["Astrolabe","Pandora\u0027s Box"],"picked":"Sozu"}],"items_purged_floors":[4],"is_endless":false,"potions_floor_spawned":[1,7,11,12,14],"killed_by":"Gremlin Leader","ascension_level":15}