{"path_per_floor":["M","?","M","M","M","R","M","R","T","M","M","R","?","$","R","B",null,"M","?","M","M","$","R"],"character_chosen":"IRONCLAD","items_purchased":["Shrug It Off","Block Potion"],"gold_per_floor":[112,112,126,139,150,150,162,162,186,197,210,210,210,36,36,131,131,143,143,162,180,80,80],"floor_reached":24,"campfire_rested":1,"playtime":933,"current_hp_per_floor":[80,73,72,78,69,69,73,73,73,78,80,80,80,77,77,48,77,68,52,24,10,10,33],"items_purged":["Parasite","Strike_R"],"gold":80,"score":258,"play_id":"cc25e82d-41b7-458e-beef-9780cd2403e6","local_time":"20180313081930","is_prod":false,"is_daily":false,"is_ascension_mode":true,"campfire_upgraded":4,"timestamp":1520925570,"path_taken":["M","?","M","M","M","R","M","R","T","?","M","R","?","$","R","BOSS","M","?","M","M","$","R","M"],"build_version":"2018-03-09","purchased_purges":2,"victory":false,"master_deck":["Strike_R","Strike_R","Strike_R","Defend_R","Defend_R+1","Defend_R","Defend_R","Bash","Heavy Blade+1","Flex+1","Clothesline","Power Through+1","Whirlwind","Cleave","Inflame+1","Demon Form+1","Metallicize","Shrug It Off","Feed","Flex+1"],"max_hp_per_floor":[80,80,80,80,80,80,80,80,80,80,80,80,80,77,77,77,77,77,77,77,77,77,77],"relics":["Burning Blood","War Paint","Lizard Tail","Nilry\u0027s Codex"],"card_choices":[{"not_picked":["Seeing Red","Havoc"],"picked":"Heavy Blade"},{"not_picked":["Seeing Red","Body Slam"],"picked":"Flex"},{"not_picked":["Heavy Blade","Wild Strike"],"picked":"Clothesline"},{"not_picked":["Wild Strike","Entrench"],"picked":"Power Through"},{"not_picked":["Armaments","Searing Blow"],"picked":"Whirlwind"},{"not_picked":["Uppercut","Seeing Red"],"picked":"Cleave"},{"not_picked":["Havoc","Battle Trance"],"picked":"Inflame"},{"not_picked":["Fiend Fire","Berserk"],"picked":"Feed"},{"not_picked":["Armaments","Uppercut"],"picked":"Flex"}],"player_experience":221398,"potions_floor_usage":[7,10,18,18,24],"damage_taken":[{"damage":3,"enemies":"Small Slimes","floor":1,"turns":3},{"damage":7,"enemies":"Jaw Worm","floor":3,"turns":3},{"damage":0,"enemies":"Cultist","floor":4,"turns":3},{"damage":15,"enemies":"3 Louse","floor":5,"turns":4},{"damage":14,"enemies":"Red Slaver","floor":7,"turns":7},{"damage":1,"enemies":"Looter","floor":10,"turns":4},{"damage":0,"enemies":"Large Slime","floor":11,"turns":6},{"damage":35,"enemies":"Hexaghost","floor":16,"turns":8},{"damage":15,"enemies":"Spheric Guardian","floor":18,"turns":5},{"damage":34,"enemies":"Shell Parasite","floor":20,"turns":5},{"damage":58,"enemies":"Chosen and Byrds","floor":21,"turns":7},{"damage":39,"enemies":"Slaver and Parasite","floor":24,"turns":5}],"event_choices":[{"event_name":"Golden Wing","player_choice":"Card Removal","floor":2,"damage_taken":0},{"event_name":"Match and Keep!","player_choice":"3 cards matched","floor":13,"damage_taken":0},{"event_name":"Cursed Tome","player_choice":"Obtained Book","floor":19,"damage_taken":0}],"boss_relics":[{"not_picked":["Astrolabe","Eternal Feather"],"picked":"Lizard Tail"}],"potions_floor_spawned":[1,7,11,21],"seed_played":"-2522928674698795102","killed_by":"Slaver and Parasite","ascension_level":4,"is_trial":false}