{"path_per_floor":["M","M","?","$","?","R","M","R","T","R","M","M","T","?","R","B",null,"M","$","M","M","M","R","?","M","T","?","M","R","?","T","R","B",null,"M","?","M","$","M","R","M","R","T","R","$","?","R","M","R","B"],"character_chosen":"IRONCLAD","items_purchased":["Metallicize","Limit Break","Shrug It Off","Pummel"],"gold_per_floor":[111,130,130,17,92,92,107,107,107,107,126,137,137,159,159,261,261,278,21,39,59,77,77,77,94,94,94,111,111,111,111,111,210,210,230,230,242,117,132,132,145,145,171,171,88,88,88,106,106,106],"floor_reached":51,"campfire_rested":3,"playtime":1478,"current_hp_per_floor":[80,80,80,80,69,69,75,75,75,75,76,80,80,77,77,19,80,72,72,73,53,59,59,59,52,52,52,46,70,54,54,78,31,80,61,80,80,80,46,70,76,76,83,83,83,83,83,87,87,52],"items_purged":["Strike_R","Strike_R","Strike_R"],"gold":106,"score":662,"play_id":"ef58c5db-1f3c-4974-9788-41d850f3f818","local_time":"20180329221038","is_prod":false,"is_daily":false,"is_ascension_mode":false,"campfire_upgraded":9,"timestamp":1522354238,"path_taken":["M","?","?","$","?","R","M","R","T","R","?","M","?","?","R","BOSS","M","$","?","M","M","R","?","M","T","?","M","R","?","?","R","BOSS","M","?","M","$","M","R","M","R","T","R","$","?","R","M","R","BOSS"],"build_version":"2018-03-22v2","purchased_purges":3,"victory":true,"master_deck":["Strike_R+1","Defend_R+1","Defend_R+1","Defend_R+1","Defend_R+1","Bash","Spot Weakness+1","Whirlwind+1","Metallicize+1","Sword Boomerang+1","Iron Wave+1","Twin Strike","Shrug It Off+1","Sword Boomerang+1","Limit Break+1","Clothesline+1","Power Through+1","Flex+1","Entrench+1","Offering+1","Heavy Blade+1","Shrug It Off+1","True Grit+1","Shrug It Off+1","Pummel+1","Normality","Power Through+1"],"max_hp_per_floor":[80,80,80,80,80,80,80,80,80,80,80,80,80,80,80,80,80,80,80,80,80,80,80,80,80,80,80,80,80,80,80,80,80,80,80,80,80,80,80,80,80,80,87,87,87,87,87,87,87,87],"relics":["Burning Blood","Unceasing Top","Ginger","Odd Mushroom","Lizard Tail","Omamori","Shuriken","Necronomicon","Dead Branch","Sozu","Strawberry","War Paint"],"card_choices":[{"not_picked":["Thunderclap","Carnage"],"picked":"Spot Weakness","floor":1},{"not_picked":["Reckless Charge","Clash"],"picked":"Whirlwind","floor":2},{"not_picked":["Seeing Red","Iron Wave"],"picked":"Sword Boomerang","floor":7},{"not_picked":["Fire Breathing","Havoc"],"picked":"Iron Wave","floor":11},{"not_picked":["Thunderclap","Anger"],"picked":"Twin Strike","floor":12},{"not_picked":["Pommel Strike","Perfected Strike"],"picked":"Shrug It Off","floor":14},{"not_picked":["Rampage","Headbutt"],"picked":"Sword Boomerang","floor":18},{"not_picked":["Sword Boomerang","True Grit"],"picked":"Clothesline","floor":20},{"not_picked":["Armaments","Intimidate"],"picked":"Power Through","floor":21},{"not_picked":["Anger","Perfected Strike"],"picked":"Flex","floor":22},{"not_picked":["Cleave","Shockwave"],"picked":"Entrench","floor":28},{"not_picked":["Juggernaut","Immolate"],"picked":"Offering","floor":33},{"not_picked":["Flex","Uppercut"],"picked":"Heavy Blade","floor":35},{"not_picked":["Bludgeon","Feel No Pain"],"picked":"Shrug It Off","floor":37},{"not_picked":["Sentinel","Whirlwind"],"picked":"True Grit","floor":41},{"not_picked":["Twin Strike","Clothesline"],"picked":"Power Through","floor":48}],"player_experience":223721,"potions_floor_usage":[14,22,22,22,33],"damage_taken":[{"damage":1,"enemies":"Cultist","floor":1,"turns":4},{"damage":6,"enemies":"Jaw Worm","floor":2,"turns":3},{"damage":0,"enemies":"2 Louse","floor":7,"turns":1},{"damage":5,"enemies":"Looter","floor":11,"turns":2},{"damage":0,"enemies":"Blue Slaver","floor":12,"turns":4},{"damage":9,"enemies":"The Mushroom Lair","floor":14,"turns":4},{"damage":64,"enemies":"Hexaghost","floor":16,"turns":11},{"damage":14,"enemies":"2 Thieves","floor":18,"turns":4},{"damage":5,"enemies":"Chosen","floor":20,"turns":3},{"damage":26,"enemies":"Snake Plant","floor":21,"turns":5},{"damage":0,"enemies":"3 Cultists","floor":22,"turns":2},{"damage":13,"enemies":"Sentry and Sphere","floor":25,"turns":4},{"damage":12,"enemies":"Centurion and Healer","floor":28,"turns":3},{"damage":53,"enemies":"Automaton","floor":33,"turns":8},{"damage":25,"enemies":"3 Darklings","floor":35,"turns":3},{"damage":0,"enemies":"Orb Walker","floor":37,"turns":2},{"damage":40,"enemies":"Maw","floor":39,"turns":5},{"damage":0,"enemies":"4 Shapes","floor":41,"turns":1},{"damage":0,"enemies":"3 Darklings","floor":48,"turns":1},{"damage":41,"enemies":"Awakened One","floor":50,"turns":12}],"event_choices":[{"event_name":"Living Wall","player_choice":"Grow","floor":3,"damage_taken":0},{"event_name":"World of Goop","player_choice":"Gather Gold","floor":5,"damage_taken":0},{"event_name":"Mushrooms","player_choice":"Fought Mushrooms","floor":14,"damage_taken":0},{"event_name":"Back to Basics","player_choice":"Simplicity","floor":24,"damage_taken":0},{"event_name":"The Mausoleum","player_choice":"Yes","floor":27,"damage_taken":0},{"event_name":"Cursed Tome","player_choice":"Obtained Book","floor":30,"damage_taken":0},{"event_name":"Winding Halls","player_choice":"Writhe","floor":36,"damage_taken":0},{"event_name":"Accursed Blacksmith","player_choice":"Rummage","floor":46,"damage_taken":0}],"boss_relics":[{"not_picked":["Runic Cube","Orrery"],"picked":"Lizard Tail"},{"not_picked":["Cursed Key","Philosopher\u0027s Stone"],"picked":"Sozu"}],"potions_floor_spawned":[1,7,11,18,28,35,39,48],"seed_played":"6353728474477897075","ascension_level":0,"is_trial":false}