{"path_per_floor":["M","M","M","M","?","R","$","R","T","R","M","R","M","M","R","B",null,"M","M","M","$","?","M","M","R","T","R","?","M","?","M","R","B",null,"M","?","$","T","M"],"character_chosen":"IRONCLAD","items_purchased":["Ghostly Armor"],"gold_per_floor":[116,130,147,165,165,165,52,52,52,52,70,70,81,97,97,196,196,196,196,196,96,96,96,96,96,96,96,11,11,11,11,11,11,11,11,0,0,0,0,0],"floor_reached":40,"campfire_rested":2,"playtime":1557,"current_hp_per_floor":[80,80,80,78,62,62,62,62,62,62,68,68,72,77,77,45,80,80,80,65,65,49,35,25,49,49,73,73,79,79,80,80,38,80,42,42,42,42,44,0],"items_purged":["Strike_R","Strike_R"],"gold":0,"score":382,"play_id":"e0f6ff0e-aeec-4b62-b412-525935326df3","local_time":"20180402112301","is_prod":false,"is_daily":false,"is_ascension_mode":false,"campfire_upgraded":6,"timestamp":1522660981,"path_taken":["M","M","M","M","?","R","?","R","T","R","?","R","M","M","R","BOSS","M","M","M","$","?","M","M","R","T","R","?","M","?","?","R","BOSS","M","?","?","?","M","E"],"build_version":"2018-03-29v2","purchased_purges":2,"victory":false,"master_deck":["Strike_R","Strike_R","Defend_R","Defend_R","Defend_R","Defend_R","Bash+1","Heavy Blade+1","Sword Boomerang+1","True Grit+1","Ghostly Armor+1","Shrug It Off+1","Uppercut+1","Limit Break+1","Ghostly Armor","Writhe","Offering","Rage"],"max_hp_per_floor":[80,80,80,80,80,80,80,80,80,80,80,80,80,80,80,80,80,80,80,80,80,80,80,80,80,80,80,80,80,80,80,80,80,80,80,80,80,80,80,80],"relics":["Burning Blood","Torii","Ectoplasm","Enchiridion","Ancient Tea Set","Du-Vu Doll","Bronze Scales","Runic Cube","Red Mask","Ice Cream"],"card_choices":[{"not_picked":["Anger","Bloodletting"],"picked":"Heavy Blade","floor":1},{"not_picked":["Cleave","Body Slam"],"picked":"Sword Boomerang","floor":2},{"not_picked":["Cleave","Armaments"],"picked":"True Grit","floor":3},{"not_picked":["Bloodletting","Pummel"],"picked":"Shrug It Off","floor":11},{"not_picked":["Reckless Charge","Cleave"],"picked":"Uppercut","floor":13},{"not_picked":["Exhume","Offering"],"picked":"Limit Break","floor":16},{"not_picked":["Havoc","Battle Trance"],"picked":"Ghostly Armor","floor":29},{"not_picked":["Juggernaut","Berserk"],"picked":"Offering","floor":33},{"not_picked":["Evolve","Shockwave"],"picked":"Rage","floor":35}],"player_experience":255587,"potions_floor_usage":[4,14,18,19,31,35,40],"damage_taken":[{"damage":1,"enemies":"Cultist","floor":1,"turns":4},{"damage":0,"enemies":"Small Slimes","floor":2,"turns":3},{"damage":2,"enemies":"2 Louse","floor":3,"turns":2},{"damage":8,"enemies":"Exordium Thugs","floor":4,"turns":4},{"damage":0,"enemies":"Red Slaver","floor":11,"turns":4},{"damage":2,"enemies":"Blue Slaver","floor":13,"turns":5},{"damage":1,"enemies":"Exordium Thugs","floor":14,"turns":4},{"damage":38,"enemies":"The Guardian","floor":16,"turns":13},{"damage":6,"enemies":"3 Byrds","floor":18,"turns":6},{"damage":2,"enemies":"Shell Parasite","floor":19,"turns":6},{"damage":21,"enemies":"Centurion and Healer","floor":20,"turns":10},{"damage":20,"enemies":"Slaver and Parasite","floor":23,"turns":8},{"damage":16,"enemies":"Cultist and Chosen","floor":24,"turns":10},{"damage":0,"enemies":"Snake Plant","floor":29,"turns":3},{"damage":0,"enemies":"Centurion and Healer","floor":31,"turns":6},{"damage":48,"enemies":"Collector","floor":33,"turns":9},{"damage":44,"enemies":"3 Darklings","floor":35,"turns":6},{"damage":4,"enemies":"3 Shapes","floor":39,"turns":4},{"damage":62,"enemies":"Nemesis","floor":40,"turns":5}],"event_choices":[{"event_name":"Shining Light","player_choice":"Entered Light","floor":5,"damage_taken":0},{"event_name":"Cursed Tome","player_choice":"Obtained Book","floor":22,"damage_taken":0},{"event_name":"Addict","player_choice":"Obtained Relic","floor":28,"damage_taken":0},{"event_name":"The Mausoleum","player_choice":"Yes","floor":30,"damage_taken":0},{"event_name":"Tomb of Lord Red Mask","player_choice":"Paid","floor":36,"damage_taken":0}],"boss_relics":[{"not_picked":["Tiny House","Philosopher\u0027s Stone"],"picked":"Ectoplasm"},{"not_picked":["White Beast Statue","Calling Bell"],"picked":"Runic Cube"}],"potions_floor_spawned":[3,4,13,18,29,33,35],"seed_played":"7687290911725853416","killed_by":"Nemesis","ascension_level":0,"is_trial":false}