{"gold_per_floor":[119,119,89,109,134,134,134,134,134,168,168,197,197,216,216,216],"floor_reached":16,"playtime":281,"items_purged":[],"score":207,"play_id":"6f47f1e6-9763-4c38-99cf-fdfc4153fb89","local_time":"20190106025246","is_ascension_mode":true,"campfire_choices":[{"data":"Zap","floor":6.0,"key":"SMITH"},{"data":"Loop","floor":8,"key":"SMITH"},{"data":"Genetic Algorithm","floor":11,"key":"SMITH"},{"floor":15,"key":"REST"}],"neow_cost":"NONE","seed_source_timestamp":0,"circlet_count":0,"master_deck":["AscendersBane","Strike_B","Strike_B","Strike_B","Defend_B","Defend_B","Defend_B","Defend_B","Zap+1","Dualcast","Ball Lightning","Loop+1","Genetic Algorithm+1","Streamline","Creative AI"],"special_seed":0,"relics":["Cracked Core","Juzu Bracelet","Lantern","Omamori","Sundial"],"potions_floor_usage":[10,12,16],"damage_taken":[{"damage":7.0,"enemies":"Jaw Worm","floor":1.0,"turns":3.0},{"damage":3.0,"enemies":"Small Slimes","floor":4.0,"turns":2.0},{"damage":20,"enemies":"Lagavulin","floor":10,"turns":6},{"damage":32,"enemies":"Gremlin Nob","floor":12,"turns":4},{"damage":0,"enemies":"Cultist","floor":14,"turns":2},{"damage":27,"enemies":"Hexaghost","floor":16,"turns":7}],"seed_played":"-166139986978079121","potions_obtained":[{"floor":3.0,"key":"Strength Potion"},{"floor":3.0,"key":"Energy Potion"},{"floor":4.0,"key":"PowerPotion"},{"floor":12,"key":"Fire Potion"},{"floor":14,"key":"SpeedPotion"}],"is_trial":false,"path_per_floor":["M","?","?","M","T","R","?","R","T","E","R","E","?","M","R","B"],"character_chosen":"DEFECT","items_purchased":[],"campfire_rested":1,"item_purchase_floors":[],"current_hp_per_floor":[64,57,57,54,54,54,54,54,54,34,34,2,2,2,25,0],"gold":216,"neow_bonus":"TEN_PERCENT_HP_BONUS","is_prod":false,"is_daily":false,"chose_seed":false,"campfire_upgraded":3,"win_rate":0,"timestamp":1546710766,"path_taken":["M","?","?","?","?","R","?","R","T","E","R","E","?","M","R","BOSS"],"build_version":"2019-01-03v4","purchased_purges":0,"victory":false,"max_hp_per_floor":[78,78,78,78,78,78,78,78,78,78,78,78,78,78,78,78],"card_choices":[{"not_picked":["Cold Snap","Steam"],"picked":"Ball Lightning","floor":1.0},{"not_picked":["Turbo","Leap"],"picked":"Loop","floor":4.0},{"not_picked":["Auto Shields","Chaos"],"picked":"Genetic Algorithm","floor":10},{"not_picked":["Steam","Turbo"],"picked":"Streamline","floor":12},{"not_picked":["Reinforced Body","Stack"],"picked":"Creative AI","floor":14}],"player_experience":1011479,"relics_obtained":[{"floor":5.0,"key":"Juzu Bracelet"},{"floor":9,"key":"Lantern"},{"floor":10,"key":"Omamori"},{"floor":12,"key":"Sundial"}],"event_choices":[{"cards_removed":["Strike_B"],"damage_healed":0.0,"max_hp_gain":0.0,"max_hp_loss":0.0,"gold_gain":0.0,"event_name":"Golden Wing","player_choice":"Card Removal","floor":2.0,"gold_loss":0.0,"damage_taken":7.0},{"damage_healed":0.0,"max_hp_gain":0.0,"max_hp_loss":0.0,"gold_gain":0.0,"event_name":"The Woman in Blue","player_choice":"Bought 2 Potions","floor":3.0,"gold_loss":0.0,"damage_taken":0.0},{"damage_healed":0,"gold_gain":0,"player_choice":"Searched \u00270\u0027 times","damage_taken":0,"max_hp_gain":0,"max_hp_loss":0,"event_name":"Dead Adventurer","floor":7,"gold_loss":0},{"damage_healed":0,"gold_gain":0,"player_choice":"Ignored","damage_taken":0,"max_hp_gain":0,"max_hp_loss":0,"event_name":"Shining Light","floor":13,"gold_loss":0}],"is_beta":false,"boss_relics":[],"items_purged_floors":[],"is_endless":false,"potions_floor_spawned":[4,12,14],"killed_by":"Hexaghost","ascension_level":19}