{"gold_per_floor":[112,112,131,51,31,60,60,72,141,141,170,170,183,183,183,183],"floor_reached":16,"playtime":196,"items_purged":[],"score":240,"play_id":"50b2ec76-aba2-411c-9bc8-ee451b78294d","local_time":"20190103004007","is_ascension_mode":true,"campfire_choices":[{"data":"Searing Blow","floor":7.0,"key":"SMITH"},{"data":"Searing Blow+1","floor":10.0,"key":"SMITH"},{"data":"Searing Blow+2","floor":12,"key":"SMITH"},{"data":"Searing Blow+3","floor":15,"key":"SMITH"}],"neow_cost":"NONE","seed_source_timestamp":22450058169351,"circlet_count":0,"master_deck":["AscendersBane","Strike_R","Strike_R","Strike_R","Defend_R","Defend_R","Defend_R","Defend_R","Bash","Evolve","Searing Blow+4","Dropkick","Uppercut","Thunderclap","Headbutt","Headbutt","Anger"],"special_seed":0,"relics":["Burning Blood","NeowsBlessing","Blood Vial","Sundial","Odd Mushroom"],"potions_floor_usage":[11],"damage_taken":[{"damage":0.0,"enemies":"Jaw Worm","floor":1.0,"turns":1.0},{"damage":0.0,"enemies":"Cultist","floor":3.0,"turns":1.0},{"damage":0.0,"enemies":"Lagavulin","floor":6.0,"turns":1.0},{"damage":8.0,"enemies":"Small Slimes","floor":8.0,"turns":3.0},{"damage":15,"enemies":"The Mushroom Lair","floor":11,"turns":3},{"damage":12,"enemies":"3 Louse","floor":13,"turns":3},{"damage":7,"enemies":"Hexaghost","floor":16,"turns":2}],"seed_played":"-8526109928761322308","potions_obtained":[{"floor":3.0,"key":"Fire Potion"},{"floor":5.0,"key":"BloodPotion"},{"floor":11,"key":"Swift Potion"}],"is_trial":false,"path_per_floor":["M","?","M","$","?","E","R","M","T","R","?","R","M","?","R","B"],"character_chosen":"IRONCLAD","items_purchased":["Uppercut"],"campfire_rested":0,"item_purchase_floors":[4],"current_hp_per_floor":[74,74,75,75,75,75,75,73,73,73,66,66,62,62,62,57],"gold":183,"neow_bonus":"THREE_ENEMY_KILL","is_prod":false,"is_daily":false,"chose_seed":false,"campfire_upgraded":4,"win_rate":0,"timestamp":1546504807,"path_taken":["M","?","?","$","?","E","R","?","T","R","?","R","M","?","R","BOSS"],"build_version":"2019-01-01v2","purchased_purges":0,"victory":false,"max_hp_per_floor":[75,75,75,75,75,75,75,75,75,75,75,75,75,75,75,75],"card_choices":[{"not_picked":["Warcry","Havoc"],"picked":"Evolve","floor":1.0},{"not_picked":["Whirlwind","Twin Strike"],"picked":"Dropkick","floor":3.0},{"not_picked":["Clothesline","Headbutt"],"picked":"Thunderclap","floor":6.0},{"not_picked":["Cleave","Heavy Blade"],"picked":"Headbutt","floor":8.0},{"not_picked":["Perfected Strike","Hemokinesis"],"picked":"Headbutt","floor":11},{"not_picked":["Warcry","Intimidate"],"picked":"Anger","floor":13}],"player_experience":1016359,"relics_obtained":[{"floor":6.0,"key":"Blood Vial"},{"floor":9.0,"key":"Sundial"},{"floor":11,"key":"Odd Mushroom"}],"event_choices":[{"damage_healed":0.0,"max_hp_gain":0.0,"max_hp_loss":0.0,"gold_gain":0.0,"cards_transformed":["Strike_R"],"event_name":"Transmorgrifier","player_choice":"Transformed","floor":2.0,"gold_loss":0.0,"damage_taken":0.0,"cards_obtained":["Searing Blow"]},{"damage_healed":0.0,"max_hp_gain":0.0,"max_hp_loss":0.0,"gold_gain":0.0,"event_name":"The Woman in Blue","player_choice":"Bought 1 Potion","floor":5.0,"gold_loss":0.0,"damage_taken":0.0},{"damage_healed":0,"gold_gain":0,"player_choice":"Fought Mushrooms","damage_taken":0,"max_hp_gain":0,"max_hp_loss":0,"event_name":"Mushrooms","floor":11,"gold_loss":0},{"cards_removed":["Strike_R"],"damage_healed":0,"gold_gain":0,"player_choice":"Purged","damage_taken":0,"max_hp_gain":0,"max_hp_loss":0,"event_name":"Purifier","floor":14,"gold_loss":0}],"is_beta":true,"boss_relics":[],"items_purged_floors":[],"is_endless":false,"potions_floor_spawned":[3,11,13],"killed_by":"Hexaghost","ascension_level":19}