{"gold_per_floor":[109,109,120,8,28,28,44,44,67,77,95,125,125,160,160,264,264,275,285,285,301,316,316,181,181,181,181,199,199,40,73,73,174,174,190,111,130,147,108,108,126,146,171,181,201,0,30,55,67,79],"floor_reached":51,"playtime":3114,"items_purged":["Doubt","Strike_G","Strike_G"],"score":916,"play_id":"1840344b-847d-4b00-8f39-87964e0b732b","local_time":"20190117201447","is_ascension_mode":true,"campfire_choices":[{"data":"Backstab","floor":6,"key":"SMITH"},{"data":"Backstab","floor":8,"key":"SMITH"},{"data":"All Out Attack","floor":15,"key":"SMITH"},{"data":"Cloak And Dagger","floor":23,"key":"SMITH"},{"data":"After Image","floor":25,"key":"SMITH"},{"data":"Footwork","floor":29,"key":"SMITH"},{"data":"Leg Sweep","floor":32,"key":"SMITH"},{"data":"Phantasmal Killer","floor":40,"key":"SMITH"},{"data":"Blade Dance","floor":49,"key":"SMITH"}],"neow_cost":"CURSE","seed_source_timestamp":0,"circlet_count":0,"master_deck":["Defend_G","Defend_G","Defend_G","Defend_G","Defend_G","Strike_G","Strike_G","Strike_G","Survivor","Neutralize","Leg Sweep+1","Backstab+1","Backstab+1","Cloak And Dagger+1","Terror","All Out Attack+1","Blade Dance+1","Footwork+1","After Image+1","Dodge and Roll+1","Finisher","Predator","Backflip","Masterful Stab","Predator","Terror+1","Phantasmal Killer+1","Quick Slash+1","Endless Agony","Backstab+1","Finisher","Masterful Stab+1","Infinite Blades+1","Dodge and Roll+1"],"special_seed":0,"relics":["Ring of the Snake","Gambling Chip","Bronze Scales","Anchor","Bottled Flame","Sozu","Enchiridion","Paper Crane","CultistMask","Shuriken","Coffee Dripper","Orichalcum","Red Mask","MawBank"],"potions_floor_usage":[12,33,33,50],"damage_taken":[{"damage":1,"enemies":"2 Louse","floor":1,"turns":4},{"damage":0,"enemies":"Cultist","floor":3,"turns":5},{"damage":0,"enemies":"Small Slimes","floor":5,"turns":2},{"damage":0,"enemies":"Gremlin Gang","floor":7,"turns":6},{"damage":0,"enemies":"3 Louse","floor":10,"turns":2},{"damage":0,"enemies":"Blue Slaver","floor":11,"turns":1},{"damage":0,"enemies":"Gremlin Nob","floor":12,"turns":2},{"damage":2,"enemies":"Lagavulin","floor":14,"turns":5},{"damage":11,"enemies":"Hexaghost","floor":16,"turns":9},{"damage":2,"enemies":"3 Byrds","floor":18,"turns":3},{"damage":0,"enemies":"Shell Parasite","floor":19,"turns":3},{"damage":6,"enemies":"Sentry and Sphere","floor":21,"turns":4},{"damage":0,"enemies":"Snake Plant","floor":22,"turns":3},{"damage":0,"enemies":"Centurion and Healer","floor":28,"turns":4},{"damage":14,"enemies":"Book of Stabbing","floor":31,"turns":5},{"damage":16,"enemies":"Automaton","floor":33,"turns":8},{"damage":0,"enemies":"3 Shapes","floor":35,"turns":3},{"damage":0,"enemies":"Orb Walker","floor":37,"turns":3},{"damage":11,"enemies":"3 Darklings","floor":38,"turns":3},{"damage":0,"enemies":"Spire Growth","floor":41,"turns":3},{"damage":0,"enemies":"Jaw Worm Horde","floor":42,"turns":3},{"damage":0,"enemies":"Maw","floor":44,"turns":4},{"damage":0,"enemies":"Transient","floor":45,"turns":5},{"damage":0,"enemies":"Giant Head","floor":47,"turns":4},{"damage":0,"enemies":"Jaw Worm Horde","floor":48,"turns":3},{"damage":7,"enemies":"Donu and Deca","floor":50,"turns":7}],"seed_played":"6185842781083779668","potions_obtained":[{"floor":2,"key":"PowerPotion"},{"floor":2,"key":"FearPotion"},{"floor":2,"key":"EssenceOfSteel"},{"floor":10,"key":"SteroidPotion"},{"floor":14,"key":"Strength Potion"}],"is_trial":false,"path_per_floor":["M","?","M","$","M","R","M","R","T","M","M","E","?","E","R","B",null,"M","M","?","M","M","R","$","R","T","?","M","R","$","E","R","B",null,"M","$","M","M","$","R","M","M","T","M","M","?","E","M","R","B",null],"character_chosen":"THE_SILENT","items_purchased":["Backstab","Masterful Stab","Predator","Endless Agony","Finisher"],"campfire_rested":0,"item_purchase_floors":[4,24,30,36,39],"current_hp_per_floor":[69,69,69,69,69,69,69,69,69,69,69,69,69,67,67,56,67,65,65,49,43,43,43,43,43,43,43,43,43,43,29,29,13,56,56,56,56,45,45,45,45,45,45,45,45,45,45,45,45,38],"gold":91,"neow_bonus":"ONE_RARE_RELIC","is_prod":false,"is_daily":false,"chose_seed":false,"campfire_upgraded":9,"win_rate":0,"timestamp":1547752487,"path_taken":["M","?","M","$","M","R","M","R","T","M","?","E","?","E","R","BOSS","M","?","?","M","M","R","$","R","T","?","M","R","$","E","R","BOSS","M","$","?","M","$","R","M","M","T","M","M","?","E","M","R","BOSS"],"build_version":"2019-01-10","purchased_purges":3,"victory":true,"max_hp_per_floor":[70,70,70,70,70,70,70,70,70,70,70,70,70,70,70,70,70,70,70,70,70,70,70,70,70,70,70,70,70,70,70,70,70,70,70,70,70,70,70,70,70,70,70,70,70,70,70,70,70,70],"card_choices":[{"not_picked":["Predator","Deflect"],"picked":"Leg Sweep","floor":1},{"not_picked":["Poisoned Stab","Quick Slash"],"picked":"Backstab","floor":3},{"not_picked":["Deflect","Crippling Poison"],"picked":"Cloak And Dagger","floor":5},{"not_picked":["Unload","Dodge and Roll"],"picked":"Terror","floor":7},{"not_picked":["Prepared","Concentrate"],"picked":"All Out Attack","floor":10},{"not_picked":["Skewer","PiercingWail"],"picked":"Blade Dance","floor":11},{"not_picked":["Sucker Punch","Concentrate"],"picked":"Footwork","floor":12},{"not_picked":["Noxious Fumes","Terror","Flechettes"],"picked":"SKIP","floor":14},{"not_picked":["Night Terror","Burst"],"picked":"After Image","floor":16},{"not_picked":["Underhanded Strike+1","Acrobatics"],"picked":"Dodge and Roll+1","floor":18},{"not_picked":["Flying Knee","PiercingWail"],"picked":"Finisher","floor":19},{"not_picked":["Slice","Deadly Poison"],"picked":"Predator","floor":21},{"not_picked":["Dagger Throw+1","Outmaneuver"],"picked":"Backflip","floor":22},{"not_picked":["Well Laid Plans+1","Endless Agony","Distraction"],"picked":"SKIP","floor":28},{"not_picked":["Prepared","Bullet Time"],"picked":"Terror+1","floor":31},{"not_picked":["Wraith Form v2","Storm of Steel"],"picked":"Phantasmal Killer","floor":33},{"not_picked":["Distraction","Slice+1"],"picked":"Quick Slash+1","floor":35},{"not_picked":["Deadly Poison+1","Dagger Spray","Catalyst"],"picked":"SKIP","floor":37},{"not_picked":["Dodge and Roll+1","Bane+1"],"picked":"Backstab+1","floor":38},{"not_picked":["Quick Slash+1","Concentrate"],"picked":"Masterful Stab+1","floor":41},{"not_picked":["Deflect+1","Escape Plan"],"picked":"Infinite Blades+1","floor":42},{"not_picked":["Dagger Throw","Heel Hook","Quick Slash+1"],"picked":"SKIP","floor":44},{"not_picked":["Underhanded Strike","Distraction+1","Dagger Throw+1"],"picked":"SKIP","floor":45},{"not_picked":["Quick Slash","Doppelganger"],"picked":"Dodge and Roll+1","floor":47},{"not_picked":["Blade Dance","Choke","Eviscerate"],"picked":"SKIP","floor":48}],"player_experience":201655,"relics_obtained":[{"floor":9,"key":"Bronze Scales"},{"floor":12,"key":"Anchor"},{"floor":14,"key":"Bottled Flame"},{"floor":20,"key":"Enchiridion"},{"floor":26,"key":"Paper Crane"},{"floor":31,"key":"Shuriken"},{"floor":43,"key":"Orichalcum"},{"floor":47,"key":"MawBank"}],"event_choices":[{"damage_healed":0,"gold_gain":0,"player_choice":"Got Potions","damage_taken":0,"max_hp_gain":0,"max_hp_loss":0,"event_name":"Lab","floor":2,"gold_loss":0},{"damage_healed":0,"gold_gain":0,"player_choice":"Bought 0 Potions","damage_taken":0,"max_hp_gain":0,"max_hp_loss":0,"event_name":"The Woman in Blue","floor":13,"gold_loss":0},{"damage_healed":0,"gold_gain":0,"player_choice":"Obtained Book","damage_taken":16,"max_hp_gain":0,"max_hp_loss":0,"event_name":"Cursed Tome","floor":20,"gold_loss":0},{"damage_healed":0,"gold_gain":0,"player_choice":"Trade","damage_taken":0,"relics_obtained":["CultistMask"],"max_hp_gain":0,"max_hp_loss":0,"event_name":"FaceTrader","floor":27,"gold_loss":0},{"damage_healed":0,"gold_gain":0,"player_choice":"Paid","damage_taken":0,"relics_obtained":["Red Mask"],"max_hp_gain":0,"max_hp_loss":0,"event_name":"Tomb of Lord Red Mask","floor":46,"gold_loss":201}],"is_beta":false,"boss_relics":[{"not_picked":["Black Star","Fusion Hammer"],"picked":"Sozu"},{"not_picked":["Lizard Tail","Snecko Eye"],"picked":"Coffee Dripper"}],"items_purged_floors":[4,24,30],"is_endless":false,"potions_floor_spawned":[3,10,11,14,16,22,31,33,37,42,45,48],"ascension_level":5}