{"path_per_floor":["M","?","M","M","M","E","M","M","T","E","R","E","R","M","R","B",null,"M","M","M"],"character_chosen":"DEFECT","items_purchased":[],"gold_per_floor":[110,110,127,139,155,189,205,222,246,274,274,307,307,317,317,418,418,433,451,471,471],"floor_reached":21,"campfire_rested":1,"playtime":3302,"item_purchase_floors":[],"current_hp_per_floor":[63,68,68,66,57,20,10,10,17,12,12,2,28,32,32,26,72,51,38,18,0],"items_purged":[],"gold":471,"score":277,"play_id":"0d9eae73-79f6-4a89-81b7-e077f69bf821","local_time":"20180611225715","is_prod":false,"is_daily":false,"chose_seed":false,"is_ascension_mode":true,"campfire_upgraded":2,"win_rate":0,"timestamp":1528750635,"campfire_choices":[{"data":"Chaos","floor":11.0,"key":"SMITH"},{"floor":13.0,"key":"REST"},{"data":"Leap","floor":15.0,"key":"SMITH"}],"path_taken":["M","?","M","M","?","E","?","M","T","E","R","E","R","M","R","BOSS","M","M","M","M"],"build_version":"2018-06-07v3","seed_source_timestamp":207794911701131,"purchased_purges":0,"victory":false,"master_deck":["Strike_B","Strike_B","Strike_B","Strike_B","Defend_B","Defend_B","Defend_B","Defend_B","Zap","Dualcast","Leap+1","Chaos+1","Electrodynamics","Conserve Battery","Coolheaded","Sweeping Beam","Sunder","Reinforced Body","Chill","Steam","Buffer","Cold Snap","Skim","Aggregate","Loop","Coolheaded","Coolheaded+1","Tempest+1","Stack"],"max_hp_per_floor":[75,80,80,80,80,80,80,80,87,87,87,87,87,87,87,87,87,87,87,87,87],"relics":["Cracked Core","Happy Flower","Toolbox","Strawberry","Ornamental Fan","Art of War","Orrery"],"card_choices":[{"not_picked":["Loop","Turbo"],"picked":"Leap","floor":1.0},{"not_picked":["Glacier","Ball Lightning"],"picked":"Chaos","floor":3.0},{"not_picked":["Gash","Doom and Gloom"],"picked":"Electrodynamics","floor":4.0},{"not_picked":["Reprogram","Static Discharge"],"picked":"Conserve Battery","floor":5.0},{"not_picked":["Force Field","Hologram"],"picked":"Coolheaded","floor":6.0},{"not_picked":["Static Discharge","FTL"],"picked":"Sweeping Beam","floor":7.0},{"not_picked":["Chaos","Heatsinks"],"picked":"Sunder","floor":8.0},{"not_picked":["Thunder Strike","Doom and Gloom"],"picked":"Reinforced Body","floor":10.0},{"not_picked":["Steam","Sweeping Beam"],"picked":"Chill","floor":12.0},{"not_picked":["Blizzard","Beam Cell"],"picked":"Steam","floor":14.0},{"not_picked":["Hyperbeam","Multi-Cast"],"picked":"Buffer","floor":16},{"not_picked":["Beam Cell","Leap"],"picked":"Cold Snap","floor":17},{"not_picked":["Turbo","Reinforced Body"],"picked":"Skim","floor":17},{"not_picked":["Beam Cell","Streamline"],"picked":"Aggregate","floor":17},{"not_picked":["Scrape","Gash"],"picked":"Loop","floor":17},{"not_picked":["Leap","Turbo"],"picked":"Coolheaded","floor":17},{"not_picked":["Rebound","Compile Driver"],"picked":"Coolheaded+1","floor":18},{"not_picked":["Streamline","Barrage"],"picked":"Tempest+1","floor":19},{"not_picked":["Coolheaded","Force Field"],"picked":"Stack","floor":20}],"player_experience":748934,"potions_floor_usage":[16,21],"damage_taken":[{"damage":5.0,"enemies":"2 Louse","floor":1.0,"turns":3.0},{"damage":0.0,"enemies":"Small Slimes","floor":3.0,"turns":3.0},{"damage":2.0,"enemies":"Jaw Worm","floor":4.0,"turns":3.0},{"damage":9.0,"enemies":"Red Slaver","floor":5.0,"turns":3.0},{"damage":37.0,"enemies":"Gremlin Nob","floor":6.0,"turns":4.0},{"damage":10.0,"enemies":"Lots of Slimes","floor":7.0,"turns":3.0},{"damage":0.0,"enemies":"Blue Slaver","floor":8.0,"turns":4.0},{"damage":5.0,"enemies":"Lagavulin","floor":10.0,"turns":7.0},{"damage":10.0,"enemies":"Gremlin Nob","floor":12.0,"turns":4.0},{"damage":0.0,"enemies":"2 Fungi Beasts","floor":14.0,"turns":2.0},{"damage":6,"enemies":"Hexaghost","floor":16,"turns":9},{"damage":21,"enemies":"Chosen","floor":18,"turns":6},{"damage":13,"enemies":"Spheric Guardian","floor":19,"turns":6},{"damage":20,"enemies":"Snecko","floor":20,"turns":5},{"damage":30,"enemies":"Chosen and Byrds","floor":21,"turns":6}],"relics_obtained":[{"floor":6.0,"key":"Toolbox"},{"floor":9.0,"key":"Strawberry"},{"floor":10.0,"key":"Ornamental Fan"},{"floor":12.0,"key":"Art of War"}],"event_choices":[{"event_name":"Big Fish","player_choice":"Donut","floor":2.0,"damage_taken":0.0}],"boss_relics":[{"not_picked":["Busted Crown","Black Star"],"picked":"Orrery"}],"items_purged_floors":[],"potions_floor_spawned":[1,6,7,10,20],"seed_played":"2054369601445172153","killed_by":"Chosen and Byrds","ascension_level":7,"potions_obtained":[{"floor":1.0,"key":"LiquidBronze"},{"floor":6.0,"key":"SkillPotion"},{"floor":7.0,"key":"Weak Potion"},{"floor":10.0,"key":"SteroidPotion"},{"floor":20,"key":"SkillPotion"}],"is_trial":false}