{"gold_per_floor":[114,214,229,229,229,229,248,286,286,305,324,362,381,400,400,525,525,544,563,299,318,168,206,206,244,244,263,301,313,344,375,387,524,536,567,579,610,641,672,722,753,814,826,876,907,219,219,219,219,219],"floor_reached":51,"playtime":4757,"items_purged":["Injury","Strike_B"],"score":1035,"play_id":"f8004323-e841-49c9-b4dc-b02626eae6d5","local_time":"20181005220340","daily_mods":["Specialized","Colorless Cards","Night Terrors"],"is_ascension_mode":false,"campfire_choices":[{"data":"Zap","floor":6,"key":"SMITH"},{"data":"Coolheaded","floor":15,"key":"SMITH"},{"data":"Capacitor","floor":29,"key":"SMITH"},{"data":"Discovery","floor":32,"key":"SMITH"},{"data":"Echo Form","floor":47,"key":"SMITH"},{"floor":49,"key":"REST"}],"neow_cost":"","seed_source_timestamp":8706573078634,"circlet_count":0,"master_deck":["Strike_B","Defend_B+1","Defend_B","Defend_B","Defend_B","Zap+1","Dualcast","Flash of Steel","Flash of Steel","Flash of Steel","Flash of Steel","Flash of Steel","Ball Lightning","Cold Snap","Genetic Algorithm+1","Dark Shackles","Sadistic Nature","Stack","Coolheaded+1","Beam Cell","Cold Snap","Magnetism","Go for the Eyes+1","Coolheaded+1","White Noise","Bandage Up","Chill","Master of Strategy","Capacitor+1","Discovery+1","Mayhem","Barrage+1","Bandage Up","Dramatic Entrance+1","Beam Cell","Stack+1","Barrage+1","Echo Form+1","Mind Blast"],"special_seed":17809,"relics":["FrozenCore","Golden Idol","Dead Branch","Dodecahedron","War Paint","Sozu","DataDisk","Bag of Preparation","Bottled Tornado","Orichalcum","Cables","MawBank","Incense Burner","FossilizedHelix","Ginger","Runic Capacitor","Mummified Hand","Strawberry"],"potions_floor_usage":[14,16,19,25,25],"damage_taken":[{"damage":2,"enemies":"Small Slimes","floor":1,"turns":3},{"damage":0,"enemies":"Cultist","floor":3,"turns":2},{"damage":1,"enemies":"Jaw Worm","floor":7,"turns":2},{"damage":4,"enemies":"Gremlin Nob","floor":8,"turns":3},{"damage":9,"enemies":"3 Louse","floor":10,"turns":3},{"damage":5,"enemies":"Blue Slaver","floor":11,"turns":2},{"damage":17,"enemies":"3 Sentries","floor":12,"turns":5},{"damage":3,"enemies":"Exordium Wildlife","floor":13,"turns":3},{"damage":0,"enemies":"Large Slime","floor":14,"turns":2},{"damage":3,"enemies":"Hexaghost","floor":16,"turns":9},{"damage":0,"enemies":"Shell Parasite","floor":18,"turns":2},{"damage":0,"enemies":"3 Byrds","floor":19,"turns":4},{"damage":10,"enemies":"Snecko","floor":21,"turns":5},{"damage":15,"enemies":"Gremlin Leader","floor":23,"turns":6},{"damage":0,"enemies":"Slavers","floor":25,"turns":5},{"damage":0,"enemies":"Snake Plant","floor":27,"turns":4},{"damage":0,"enemies":"Book of Stabbing","floor":28,"turns":4},{"damage":0,"enemies":"Centurion and Healer","floor":30,"turns":4},{"damage":0,"enemies":"Sentry and Sphere","floor":31,"turns":3},{"damage":0,"enemies":"Automaton","floor":33,"turns":7},{"damage":0,"enemies":"Orb Walker","floor":35,"turns":3},{"damage":0,"enemies":"3 Shapes","floor":37,"turns":4},{"damage":0,"enemies":"3 Darklings","floor":38,"turns":3},{"damage":0,"enemies":"Maw","floor":39,"turns":6},{"damage":0,"enemies":"2 Orb Walkers","floor":40,"turns":5},{"damage":0,"enemies":"Sphere and 2 Shapes","floor":41,"turns":3},{"damage":13,"enemies":"4 Shapes","floor":42,"turns":6},{"damage":0,"enemies":"Giant Head","floor":44,"turns":6},{"damage":0,"enemies":"Maw","floor":45,"turns":4},{"damage":0,"enemies":"Time Eater","floor":50,"turns":10}],"seed_played":"-1512193527981860122","potions_obtained":[{"floor":7,"key":"GamblersBrew"},{"floor":8,"key":"FocusPotion"},{"floor":12,"key":"SneckoOil"},{"floor":14,"key":"Weak Potion"},{"floor":16,"key":"Energy Potion"}],"is_trial":false,"path_per_floor":["M","?","M","?","?","R","M","E","T","M","M","E","M","M","R","B",null,"M","M","$","M","$","E","?","E","T","M","E","R","M","M","R","B",null,"M","?","M","M","M","E","M","M","T","E","M","$","R","?","R","B"],"character_chosen":"DEFECT","items_purchased":["DataDisk","White Noise","Bag of Preparation","Runic Capacitor","Mummified Hand","Strawberry"],"campfire_rested":1,"item_purchase_floors":[20,20,22,46,46,46],"current_hp_per_floor":[73,73,73,78,78,78,77,73,73,64,59,42,39,39,39,36,80,80,80,80,70,70,55,55,59,59,63,67,67,71,75,75,79,80,80,80,80,80,80,80,80,67,67,71,79,86,86,86,82,82],"gold":219,"neow_bonus":"","is_prod":false,"is_daily":true,"chose_seed":false,"campfire_upgraded":5,"win_rate":0,"timestamp":1538769820,"path_taken":["M","?","M","?","?","R","M","E","T","M","M","E","?","M","R","BOSS","M","?","$","M","$","E","?","E","T","?","E","R","?","?","R","BOSS","M","?","M","M","?","E","M","M","T","E","M","$","R","?","R","BOSS"],"build_version":"2018-10-04","purchased_purges":2,"victory":true,"max_hp_per_floor":[75,75,75,80,80,80,80,80,80,80,80,80,80,80,80,80,80,80,80,80,80,80,80,80,80,80,80,80,80,80,80,80,80,80,80,80,80,80,80,80,80,80,80,80,80,87,87,87,82,82],"card_choices":[{"not_picked":["Rebound","Stack"],"picked":"Ball Lightning","floor":1},{"not_picked":["Doom and Gloom","Discovery"],"picked":"Cold Snap","floor":3},{"not_picked":["Recycle","Coolheaded"],"picked":"Genetic Algorithm","floor":7},{"not_picked":["Good Instincts","Conserve Battery"],"picked":"Dark Shackles","floor":8},{"not_picked":["Darkness","Swift Strike"],"picked":"Sadistic Nature","floor":10},{"not_picked":["Redo","Gash"],"picked":"Stack","floor":11},{"not_picked":["Reinforced Body","Go for the Eyes"],"picked":"Coolheaded","floor":12},{"not_picked":["Redo","Steam"],"picked":"Beam Cell","floor":13},{"not_picked":["Coolheaded","Redo"],"picked":"Cold Snap","floor":14},{"not_picked":["Secret Weapon","Secret Technique"],"picked":"Magnetism","floor":16},{"not_picked":["Purity","Ball Lightning+1"],"picked":"Go for the Eyes+1","floor":18},{"not_picked":["Blind","Steam Power"],"picked":"Coolheaded+1","floor":19},{"not_picked":["Ball Lightning","Turbo","Steam"],"picked":"SKIP","floor":21},{"not_picked":["Static Discharge","Gash"],"picked":"Bandage Up","floor":23},{"not_picked":["Tempest","Scrape","Conserve Battery"],"picked":"SKIP","floor":25},{"not_picked":["Steam","Coolheaded"],"picked":"Capacitor","floor":27},{"not_picked":["Cold Snap+1","Dramatic Entrance"],"picked":"Discovery","floor":28},{"not_picked":["Streamline","Turbo","Sweeping Beam"],"picked":"SKIP","floor":30},{"not_picked":["Streamline","Auto Shields","Amplify"],"picked":"SKIP","floor":31},{"not_picked":["Machine Learning","Violence"],"picked":"Mayhem","floor":33},{"not_picked":["Redo","Streamline"],"picked":"Barrage+1","floor":35},{"not_picked":["Trip","Enlightenment"],"picked":"Bandage Up","floor":36},{"not_picked":["Blizzard","Deep Breath+1"],"picked":"Dramatic Entrance+1","floor":37},{"not_picked":["Gash","Steam+1","Heatsinks"],"picked":"SKIP","floor":38},{"not_picked":["Stack","Redo+1","Sweeping Beam+1"],"picked":"SKIP","floor":39},{"not_picked":["Rebound+1","Ball Lightning","Streamline"],"picked":"SKIP","floor":40},{"not_picked":["Sweeping Beam","Gash"],"picked":"Beam Cell","floor":41},{"not_picked":["Leap+1","Sweeping Beam+1"],"picked":"Stack+1","floor":42},{"not_picked":["Rebound","Steam"],"picked":"Barrage+1","floor":44},{"not_picked":["Rebound+1","Beam Cell+1"],"picked":"Echo Form","floor":45}],"player_experience":1309203,"relics_obtained":[{"floor":8,"key":"Dead Branch"},{"floor":9,"key":"Dodecahedron"},{"floor":12,"key":"War Paint"},{"floor":23,"key":"Bottled Tornado"},{"floor":25,"key":"Orichalcum"},{"floor":26,"key":"Cables"},{"floor":28,"key":"MawBank"},{"floor":40,"key":"Incense Burner"},{"floor":43,"key":"FossilizedHelix"},{"floor":44,"key":"Ginger"}],"event_choices":[{"event_name":"Golden Shrine","player_choice":"Pray","floor":2,"damage_taken":0},{"event_name":"Big Fish","player_choice":"Donut","floor":4,"damage_taken":0},{"event_name":"Golden Idol","player_choice":"Take Wound","floor":5,"damage_taken":0},{"event_name":"Drug Dealer","player_choice":"Became Test Subject","floor":24,"damage_taken":0},{"event_name":"SensoryStone","player_choice":"Memory 1","floor":36,"damage_taken":0},{"event_name":"Match and Keep!","player_choice":"1 cards matched","floor":48,"damage_taken":0}],"is_beta":false,"boss_relics":[{"not_picked":["Snecko Eye","Lizard Tail"],"picked":"Sozu"},{"not_picked":["White Beast Statue","Velvet Choker"],"picked":"FrozenCore"}],"items_purged_floors":[20,46],"is_endless":false,"potions_floor_spawned":[7,8,12,14,16,25,27,31,33,35,41,42],"ascension_level":0}