{"path_per_floor":["M","?","?","$","M","R","M","?","T","M","R","$","M","M","R","B",null,"M","?","?","M","M","R","?","?","T","M","M","$"],"character_chosen":"IRONCLAD","items_purchased":["Inflame","Bottled Tornado","Ghostly Armor"],"gold_per_floor":[109,184,134,59,73,73,90,90,90,111,111,44,60,81,81,212,212,226,226,226,246,266,266,266,266,266,286,310,33,33],"floor_reached":30,"campfire_rested":2,"playtime":1121,"current_hp_per_floor":[80,69,69,69,68,68,74,54,54,52,52,52,56,58,80,46,80,70,70,62,56,40,70,70,70,70,41,20,20,0],"items_purged":["Strike_R"],"gold":33,"score":222,"play_id":"81569556-d379-4043-aa75-c2cebcc2b7bb","local_time":"20180329142025","is_prod":false,"is_daily":false,"is_ascension_mode":false,"campfire_upgraded":2,"timestamp":1522326025,"path_taken":["M","?","?","$","M","R","M","?","T","M","R","$","M","M","R","BOSS","M","?","?","M","M","R","?","?","T","?","M","$","M"],"build_version":"2018-03-22v2","purchased_purges":1,"victory":false,"master_deck":["Strike_R+1","Strike_R+1","Defend_R+1","Defend_R+1","Defend_R+1","Defend_R+1","Bash","Body Slam+1","True Grit+1","Clothesline","Blood for Blood","Inflame","Pommel Strike","Sentinel","Juggernaut","Sword Boomerang","Body Slam+1","Demon Form","Iron Wave+1","Ghostly Armor"],"max_hp_per_floor":[80,80,80,80,80,80,80,80,80,80,80,80,80,80,80,80,80,80,80,80,80,80,80,80,80,80,80,80,80,80],"relics":["Burning Blood","Golden Idol","Ginger","Eternal Feather","Unceasing Top","Bottled Tornado"],"card_choices":[{"not_picked":["Heavy Blade","Warcry"],"picked":"Body Slam","floor":1},{"not_picked":["Evolve","Flex"],"picked":"True Grit","floor":5},{"not_picked":["Seeing Red","Disarm"],"picked":"Clothesline","floor":7},{"not_picked":["Fire Breathing","Heavy Blade"],"picked":"Blood for Blood","floor":10},{"not_picked":["Anger","Headbutt"],"picked":"Pommel Strike","floor":13},{"not_picked":["Thunderclap","Havoc"],"picked":"Sentinel","floor":14},{"not_picked":["Fiend Fire","Brutality"],"picked":"Juggernaut","floor":16},{"not_picked":["Warcry","Dual Wield"],"picked":"Sword Boomerang","floor":21},{"not_picked":["Headbutt","Clothesline"],"picked":"Body Slam","floor":22},{"not_picked":["Flex","Anger"],"picked":"Demon Form","floor":27},{"not_picked":["Shockwave","Sword Boomerang"],"picked":"Iron Wave","floor":28}],"player_experience":210593,"potions_floor_usage":[16,18,22,28,30,30],"damage_taken":[{"damage":1,"enemies":"Cultist","floor":1,"turns":3},{"damage":7,"enemies":"Small Slimes","floor":5,"turns":7},{"damage":0,"enemies":"2 Louse","floor":7,"turns":3},{"damage":8,"enemies":"Exordium Wildlife","floor":10,"turns":5},{"damage":2,"enemies":"Blue Slaver","floor":13,"turns":4},{"damage":4,"enemies":"Looter","floor":14,"turns":4},{"damage":40,"enemies":"Hexaghost","floor":16,"turns":12},{"damage":16,"enemies":"Spheric Guardian","floor":18,"turns":5},{"damage":12,"enemies":"Shell Parasite","floor":21,"turns":6},{"damage":22,"enemies":"Cultist and Chosen","floor":22,"turns":8},{"damage":35,"enemies":"Snake Plant","floor":27,"turns":5},{"damage":27,"enemies":"Centurion and Healer","floor":28,"turns":8},{"damage":40,"enemies":"Cultist and Chosen","floor":30,"turns":5}],"event_choices":[{"event_name":"World of Goop","player_choice":"Gather Gold","floor":2,"damage_taken":0},{"event_name":"The Cleric","player_choice":"Card Removal","floor":3,"damage_taken":0},{"event_name":"Golden Idol","player_choice":"Take Damage","floor":8,"damage_taken":0},{"event_name":"Back to Basics","player_choice":"Simplicity","floor":19,"damage_taken":0},{"event_name":"Wheel of Change","player_choice":"Damage","floor":20,"damage_taken":0},{"event_name":"Vampires","player_choice":"Ignored","floor":24,"damage_taken":0},{"event_name":"Upgrade Shrine","player_choice":"Upgraded","floor":25,"damage_taken":0}],"boss_relics":[{"not_picked":["Runic Dome","White Beast Statue"],"picked":"Eternal Feather"}],"potions_floor_spawned":[10,14,16,21,27,28],"seed_played":"2941918079232993070","killed_by":"Cultist and Chosen","ascension_level":0,"is_trial":false}