{"gold_per_floor":[110,123,123,41,41,70,70,102,148,158,170,170,201,211,211,288,288,307,222,222,222,71,103,103,103,103,103,23,23,34,46,46,123,123,142,168,188,200,213,213,243,243,322,322,340,350,369,141,141,141,141,141,41,73,73],"floor_reached":56,"playtime":2651,"items_purged":["Strike_R","Anger"],"score":1951,"play_id":"6bea46e4-2832-4fa6-b94a-3d3995d36539","local_time":"20190116234204","is_ascension_mode":true,"campfire_choices":[{"data":"Uppercut","floor":7.0,"key":"SMITH"},{"floor":12.0,"key":"REST"},{"data":"True Grit","floor":15.0,"key":"SMITH"},{"data":"Battle Trance","floor":24.0,"key":"SMITH"},{"data":"Feel No Pain","floor":27.0,"key":"SMITH"},{"data":"Offering","floor":29.0,"key":"SMITH"},{"data":"Demon Form","floor":32.0,"key":"SMITH"},{"data":"Dark Embrace","floor":40.0,"key":"SMITH"},{"floor":42.0,"key":"REST"},{"data":"Entrench","floor":44.0,"key":"SMITH"},{"floor":49.0,"key":"RECALL"},{"data":"Feel No Pain","floor":52.0,"key":"SMITH"}],"neow_cost":"TEN_PERCENT_HP_LOSS","seed_source_timestamp":0,"circlet_count":0,"master_deck":["AscendersBane","Strike_R","Strike_R","Defend_R","Defend_R","Defend_R","Bash","Shrug It Off","Feed","Uppercut+1","Flame Barrier","Battle Trance+1","Wild Strike","True Grit+1","Fiend Fire","Armaments+1","Feel No Pain+1","Impervious","Offering+1","Entrench+1","Demon Form+1","Dark Embrace+1","Intimidate+1","Feel No Pain+1","Body Slam","Seeing Red+1","Battle Trance+1"],"special_seed":0,"relics":["Burning Blood","Bag of Marbles","Boot","Matryoshka","Vajra","Centennial Puzzle","Happy Flower","White Beast Statue","Omamori","Potion Belt","Dream Catcher","Bottled Tornado","Gambling Chip","Sundial","Orrery","Strawberry","Shovel","Bag of Preparation","Magic Flower"],"potions_floor_usage":[55,55,55],"damage_taken":[{"damage":11.0,"enemies":"Small Slimes","floor":1.0,"turns":5.0},{"damage":2.0,"enemies":"2 Louse","floor":2.0,"turns":4.0},{"damage":41.0,"enemies":"Lagavulin","floor":6.0,"turns":9.0},{"damage":26.0,"enemies":"3 Sentries","floor":8.0,"turns":8.0},{"damage":1.0,"enemies":"Jaw Worm","floor":10.0,"turns":3.0},{"damage":1.0,"enemies":"Blue Slaver","floor":11.0,"turns":2.0},{"damage":17.0,"enemies":"Lagavulin","floor":13.0,"turns":8.0},{"damage":3.0,"enemies":"Looter","floor":14.0,"turns":2.0},{"damage":9.0,"enemies":"Slime Boss","floor":16.0,"turns":6.0},{"damage":0.0,"enemies":"Shell Parasite","floor":18.0,"turns":8.0},{"damage":3.0,"enemies":"Colosseum Slavers","floor":20.0,"turns":3.0},{"damage":33.0,"enemies":"Book of Stabbing","floor":23.0,"turns":6.0},{"damage":0.0,"enemies":"Spheric Guardian","floor":30.0,"turns":4.0},{"damage":0.0,"enemies":"Centurion and Healer","floor":31.0,"turns":6.0},{"damage":50.0,"enemies":"Collector","floor":33.0,"turns":9.0},{"damage":0.0,"enemies":"3 Shapes","floor":35.0,"turns":11.0},{"damage":10.0,"enemies":"Orb Walker","floor":37.0,"turns":4.0},{"damage":16.0,"enemies":"Writhing Mass","floor":38.0,"turns":6.0},{"damage":11.0,"enemies":"Maw","floor":39.0,"turns":8.0},{"damage":74.0,"enemies":"Nemesis","floor":41.0,"turns":13.0},{"damage":19.0,"enemies":"Spire Growth","floor":45.0,"turns":5.0},{"damage":6.0,"enemies":"Transient","floor":46.0,"turns":5.0},{"damage":5.0,"enemies":"Maw","floor":47.0,"turns":7.0},{"damage":8.0,"enemies":"Donu and Deca","floor":50.0,"turns":9.0},{"damage":20.0,"enemies":"Shield and Spear","floor":54.0,"turns":5.0},{"damage":19,"enemies":"The Heart","floor":55,"turns":10}],"seed_played":"6058553195537071163","potions_obtained":[{"floor":6.0,"key":"Block Potion"},{"floor":13.0,"key":"Explosive Potion"},{"floor":16.0,"key":"Fire Potion"},{"floor":18.0,"key":"Fruit Juice"},{"floor":23.0,"key":"Swift Potion"},{"floor":30.0,"key":"Dexterity Potion"},{"floor":31.0,"key":"EssenceOfSteel"},{"floor":33.0,"key":"Swift Potion"},{"floor":35.0,"key":"Dexterity Potion"},{"floor":37.0,"key":"FairyPotion"},{"floor":39.0,"key":"BloodPotion"},{"floor":41.0,"key":"Block Potion"},{"floor":46.0,"key":"Block Potion"}],"is_trial":false,"path_per_floor":["M","M","?","$","?","E","R","E","T","M","M","R","E","M","R","B",null,"M","?","?","?","$","E","R","T","T","R","$","R","M","M","R","B",null,"M","T","M","M","M","R","E","R","T","R","M","M","M","$","R","B",null,"R","$","E","B",null],"character_chosen":"IRONCLAD","items_purchased":["Uppercut","Feel No Pain","Impervious","Offering","Bag of Preparation"],"campfire_rested":2,"item_purchase_floors":[4,22,22,28,48],"current_hp_per_floor":[63,67,67,67,62,30,30,13,13,21,29,53,45,51,51,48,77,91,91,94,94,94,70,70,70,70,70,70,70,76,82,82,38,82,91,98,94,84,79,79,21,53,53,53,43,43,44,44,44,42,93,93,93,79,69],"gold":73,"neow_bonus":"REMOVE_TWO","is_prod":false,"is_daily":false,"chose_seed":false,"campfire_upgraded":9,"win_rate":0,"timestamp":1547649724,"path_taken":["M","M","?","$","?","E","R","E","T","M","M","R","E","M","R","BOSS","M","?","?","?","$","E","R","?","T","R","$","R","M","M","R","BOSS","M","?","M","M","M","R","E","R","T","R","M","M","M","$","R","BOSS","R","$","E","BOSS"],"build_version":"2019-01-10","purchased_purges":2,"victory":true,"max_hp_per_floor":[68,68,68,68,68,71,71,74,74,77,80,80,83,86,86,86,86,94,94,94,94,94,97,97,97,97,97,97,97,97,97,97,97,97,100,107,107,107,107,107,107,107,107,107,110,110,110,110,110,110,110,110,110,110,110],"card_choices":[{"not_picked":["Body Slam","Pommel Strike"],"picked":"Shrug It Off","floor":1.0},{"not_picked":["Flex","Sword Boomerang"],"picked":"Feed","floor":2.0},{"not_picked":["Perfected Strike","Dual Wield"],"picked":"Anger","floor":6.0},{"not_picked":["Thunderclap","Iron Wave","Body Slam"],"picked":"SKIP","floor":8.0},{"not_picked":["Heavy Blade","Thunderclap"],"picked":"Flame Barrier","floor":10.0},{"not_picked":["Whirlwind","Seeing Red"],"picked":"Battle Trance","floor":11.0},{"not_picked":["Dark Embrace","Clothesline"],"picked":"Wild Strike","floor":13.0},{"not_picked":["Clothesline","Body Slam"],"picked":"True Grit","floor":14.0},{"not_picked":["Bludgeon","Limit Break"],"picked":"Fiend Fire","floor":16.0},{"not_picked":["Wild Strike+1","Clash"],"picked":"Armaments+1","floor":18.0},{"not_picked":["Shrug It Off","Warcry","Sword Boomerang"],"picked":"SKIP","floor":23.0},{"not_picked":["Twin Strike","Shrug It Off"],"picked":"Entrench","floor":30.0},{"not_picked":["Wild Strike","Havoc"],"picked":"Demon Form","floor":31.0},{"not_picked":["Feed","Immolate"],"picked":"Dark Embrace","floor":33.0},{"not_picked":["Entrench","Armaments"],"picked":"Intimidate+1","floor":34.0},{"not_picked":["Disarm","Rupture"],"picked":"Feel No Pain","floor":34.0},{"not_picked":["Iron Wave","Uppercut"],"picked":"Body Slam","floor":35.0},{"not_picked":["Armaments+1","Spot Weakness","Blood for Blood+1"],"picked":"SKIP","floor":37.0},{"not_picked":["Havoc","Metallicize","Sentinel"],"picked":"SKIP","floor":38.0},{"not_picked":["Pommel Strike+1","Berserk","Rage+1"],"picked":"SKIP","floor":39.0},{"not_picked":["Corruption","Reckless Charge","Headbutt"],"picked":"SKIP","floor":41.0},{"not_picked":["Headbutt+1","True Grit"],"picked":"Seeing Red+1","floor":42.0},{"not_picked":["Iron Wave+1","Anger","Spot Weakness+1"],"picked":"SKIP","floor":45.0},{"not_picked":["Iron Wave","Headbutt"],"picked":"Battle Trance+1","floor":46.0},{"not_picked":["Shrug It Off","Rampage","Clash"],"picked":"SKIP","floor":47.0},{"not_picked":["Warcry","Pommel Strike","True Grit"],"picked":"SKIP","floor":54.0}],"player_experience":938185,"relics_obtained":[{"floor":6.0,"key":"Boot"},{"floor":8.0,"key":"Matryoshka"},{"floor":9.0,"key":"Vajra"},{"floor":9.0,"key":"Centennial Puzzle"},{"floor":13.0,"key":"Happy Flower"},{"floor":23.0,"key":"Dream Catcher"},{"floor":25.0,"key":"Bottled Tornado"},{"floor":25.0,"key":"Gambling Chip"},{"floor":26.0,"key":"Sundial"},{"floor":36.0,"key":"Strawberry"},{"floor":41.0,"key":"Shovel"},{"floor":54.0,"key":"Magic Flower"}],"event_choices":[{"cards_removed":["Strike_R"],"damage_healed":0.0,"max_hp_gain":0.0,"max_hp_loss":0.0,"gold_gain":0.0,"event_name":"Living Wall","player_choice":"Forget","floor":3.0,"gold_loss":0.0,"damage_taken":0.0},{"damage_healed":0.0,"max_hp_gain":0.0,"max_hp_loss":0.0,"gold_gain":0.0,"event_name":"Scrap Ooze","player_choice":"Success","floor":5.0,"gold_loss":0.0,"damage_taken":5.0,"relics_obtained":["Bag of Marbles"]},{"damage_healed":0.0,"max_hp_gain":0.0,"max_hp_loss":0.0,"gold_gain":0.0,"event_name":"Addict","player_choice":"Obtained Relic","floor":19.0,"gold_loss":85.0,"damage_taken":0.0,"relics_obtained":["Omamori"]},{"damage_healed":0.0,"max_hp_gain":0.0,"max_hp_loss":0.0,"gold_gain":0.0,"event_name":"Colosseum","player_choice":"Fight","floor":20.0,"gold_loss":0.0,"damage_taken":0.0},{"damage_healed":0.0,"max_hp_gain":0.0,"max_hp_loss":0.0,"gold_gain":0.0,"event_name":"Colosseum","player_choice":"Fled From Nobs","floor":20.0,"gold_loss":0.0,"damage_taken":0.0},{"damage_healed":0.0,"max_hp_gain":0.0,"max_hp_loss":0.0,"gold_gain":0.0,"event_name":"The Mausoleum","player_choice":"Opened","floor":21.0,"gold_loss":0.0,"damage_taken":0.0,"relics_obtained":["Potion Belt"],"cards_obtained":["Writhe"]}],"is_beta":false,"boss_relics":[{"not_picked":["Coffee Dripper","Fusion Hammer"],"picked":"White Beast Statue"},{"not_picked":["Snecko Eye","Cursed Key"],"picked":"Orrery"}],"items_purged_floors":[48,53],"is_endless":false,"potions_floor_spawned":[6,13,16,18,20,23,30,31,33,35,37,38,39,41,45,46,47,54],"ascension_level":15}