{"path_per_floor":["M","M","M","M","M","E","R","M","T","R","?","M","M","$","R","B",null,"M","$","M","$","?","R","M","?","T","M","R","M","M","M","R"],"character_chosen":"THE_SILENT","items_purchased":["Glass Knife","Strawberry","Snake Skull"],"gold_per_floor":[113,127,138,154,165,195,195,214,291,291,391,409,429,79,79,183,183,195,41,56,6,6,6,24,24,93,111,111,123,142,162,162,162],"floor_reached":33,"campfire_rested":4,"playtime":1331,"current_hp_per_floor":[67,67,64,64,61,44,44,37,37,37,37,37,36,43,70,22,91,55,55,40,40,24,51,36,36,36,18,45,44,39,14,41,0],"items_purged":["Defend_G","Strike_G"],"gold":162,"score":280,"play_id":"1eec635c-27a2-48ce-a3fb-fed2acdefc5d","local_time":"20180405193333","is_prod":false,"is_daily":false,"is_ascension_mode":false,"campfire_upgraded":2,"timestamp":1522949613,"path_taken":["M","M","M","M","M","E","R","M","T","R","?","M","?","$","R","BOSS","M","$","M","$","?","R","M","?","T","M","R","M","M","?","R","BOSS"],"build_version":"2018-03-29v2","purchased_purges":3,"victory":false,"master_deck":["Defend_G","Defend_G","Defend_G","Defend_G","Strike_G","Strike_G","Strike_G","Survivor","Neutralize","Poisoned Stab","Deflect","Concentrate","Quick Slash","Deadly Poison","Choke+1","Noxious Fumes+1","Dagger Throw","Dodge and Roll","Glass Knife","Envenom","Backflip","Dash","Necronomicurse","Slice+1","Cloak And Dagger","Backflip","Noxious Fumes","Dodge and Roll+1"],"max_hp_per_floor":[70,70,70,70,70,84,84,84,84,84,84,84,84,91,91,91,91,91,91,91,91,91,91,91,91,91,91,91,91,91,91,91,91],"relics":["Ring of the Snake","Mango","Smiling Mask","Strawberry","The Specimen","Snake Skull","Necronomicon","Question Card"],"card_choices":[{"not_picked":["Cloak And Dagger","Dagger Throw"],"picked":"Poisoned Stab","floor":1},{"not_picked":["Poisoned Stab","Distraction"],"picked":"Deflect","floor":2},{"not_picked":["Finisher","Underhanded Strike"],"picked":"Concentrate","floor":3},{"not_picked":["Dodge and Roll","Accuracy"],"picked":"Quick Slash","floor":4},{"not_picked":["Sucker Punch","Endless Agony"],"picked":"Deadly Poison","floor":5},{"not_picked":["Masterful Stab","Acrobatics"],"picked":"Choke","floor":6},{"not_picked":["Terror","Concentrate"],"picked":"Noxious Fumes","floor":8},{"not_picked":["Skewer","Dagger Spray"],"picked":"Dagger Throw","floor":12},{"not_picked":["Infinite Blades","Prepared"],"picked":"Dodge and Roll","floor":13},{"not_picked":["Unload","Storm of Steel"],"picked":"Envenom","floor":16},{"not_picked":["Blade Dance","Poisoned Stab"],"picked":"Backflip","floor":18},{"not_picked":["Quick Slash","Riddle With Holes"],"picked":"Dash","floor":20},{"not_picked":["Reflex","Underhanded Strike"],"picked":"Slice","floor":24},{"not_picked":["Poisoned Stab","Endless Agony","Flying Knee"],"picked":"Cloak And Dagger","floor":27},{"not_picked":["Sucker Punch","Choke","Acrobatics"],"picked":"Backflip","floor":29},{"not_picked":["Prepared","Dagger Throw","Flying Knee"],"picked":"Noxious Fumes","floor":30},{"not_picked":["Cloak And Dagger","Tools of the Trade","Eviscerate"],"picked":"Dodge and Roll","floor":31}],"player_experience":324949,"potions_floor_usage":[4,30,31,33,33,33],"damage_taken":[{"damage":3,"enemies":"2 Louse","floor":1,"turns":3},{"damage":0,"enemies":"Cultist","floor":2,"turns":4},{"damage":3,"enemies":"Jaw Worm","floor":3,"turns":5},{"damage":0,"enemies":"Lots of Slimes","floor":4,"turns":7},{"damage":3,"enemies":"2 Fungi Beasts","floor":5,"turns":4},{"damage":31,"enemies":"Gremlin Nob","floor":6,"turns":5},{"damage":7,"enemies":"Blue Slaver","floor":8,"turns":2},{"damage":0,"enemies":"Looter","floor":12,"turns":3},{"damage":1,"enemies":"Red Slaver","floor":13,"turns":3},{"damage":48,"enemies":"The Guardian","floor":16,"turns":10},{"damage":36,"enemies":"Spheric Guardian","floor":18,"turns":7},{"damage":15,"enemies":"Chosen","floor":20,"turns":5},{"damage":15,"enemies":"Snecko","floor":24,"turns":3},{"damage":18,"enemies":"Snake Plant","floor":27,"turns":4},{"damage":1,"enemies":"Cultist and Chosen","floor":29,"turns":5},{"damage":5,"enemies":"3 Cultists","floor":30,"turns":5},{"damage":25,"enemies":"Snake Plant","floor":31,"turns":6},{"damage":46,"enemies":"Automaton","floor":33,"turns":6}],"event_choices":[{"event_name":"Wheel of Change","player_choice":"Gold","floor":11,"damage_taken":0},{"event_name":"Cursed Tome","player_choice":"Obtained Book","floor":22,"damage_taken":0},{"event_name":"Beggar","player_choice":"Ignored","floor":25,"damage_taken":0}],"boss_relics":[{"not_picked":["Astrolabe","Calling Bell"],"picked":"The Specimen"}],"potions_floor_spawned":[2,3,5,13,20,29,30,31],"seed_played":"-2007574851141537983","killed_by":"Automaton","ascension_level":0,"is_trial":false}