{"gold_per_floor":[111,111,111,111,77,77,93,42,121,152,152,165,165,184,184,289,289,303,303,8,28,28,28,28,28,28,55,55,4,21,34,34,138,138,151,151,151,151,166,166,182,192,216,216,216,249,249,266,266,266],"floor_reached":51,"playtime":5233,"items_purged":[],"score":954,"play_id":"6993c411-0aeb-4ff7-94d3-ebea50f83c93","local_time":"20180924200508","is_ascension_mode":true,"campfire_choices":[{"floor":6.0,"key":"REST"},{"floor":11.0,"key":"REST"},{"data":"Crippling Poison","floor":13.0,"key":"SMITH"},{"data":"Sucker Punch","floor":15.0,"key":"SMITH"},{"data":"Dagger Spray","floor":23.0,"key":"SMITH"},{"floor":25.0,"key":"REST"},{"floor":32,"key":"REST"},{"data":"Survivor","floor":40,"key":"SMITH"},{"floor":44,"key":"REST"},{"floor":47,"key":"REST"},{"floor":49,"key":"REST"}],"neow_cost":"NONE","seed_source_timestamp":255240675486846,"circlet_count":0,"master_deck":["Defend_G","Defend_G","Defend_G","Defend_G","Defend_G","Strike_G","Strike_G","Strike_G","Strike_G","Survivor+1","Neutralize+1","Backflip","Sucker Punch+1","Quick Slash","Crippling Poison+1","Dagger Spray+1","Unload+1","Backflip+1","Bane","Well Laid Plans+1","Terror+1","PiercingWail","Venomology+1","Adrenaline","Predator+1","Backstab+1","Escape Plan+1","Footwork+1"],"special_seed":0,"relics":["Ring of the Serpent","Bag of Preparation","Dead Branch","Meat on the Bone","Darkstone Periapt","Velvet Choker","Paper Crane","Enchiridion","Strawberry","Question Card","Centennial Puzzle","Ninja Scroll"],"potions_floor_usage":[33,33,33,41,41,42,42,46,46,48,48,50,50,50],"damage_taken":[{"damage":0.0,"enemies":"Jaw Worm","floor":1.0,"turns":6.0},{"damage":1.0,"enemies":"Small Slimes","floor":7.0,"turns":4.0},{"damage":30.0,"enemies":"3 Sentries","floor":10.0,"turns":9.0},{"damage":0.0,"enemies":"2 Louse","floor":12.0,"turns":3.0},{"damage":2.0,"enemies":"Red Slaver","floor":14.0,"turns":3.0},{"damage":43.0,"enemies":"The Guardian","floor":16.0,"turns":20.0},{"damage":20.0,"enemies":"Spheric Guardian","floor":18.0,"turns":5.0},{"damage":0.0,"enemies":"3 Byrds","floor":21.0,"turns":3.0},{"damage":14.0,"enemies":"Gremlin Leader","floor":27.0,"turns":6.0},{"damage":12,"enemies":"Snake Plant","floor":30,"turns":5},{"damage":7,"enemies":"Cultist and Chosen","floor":31,"turns":5},{"damage":37,"enemies":"Champ","floor":33,"turns":18},{"damage":3,"enemies":"Orb Walker","floor":35,"turns":3},{"damage":11,"enemies":"3 Shapes","floor":39,"turns":4},{"damage":5,"enemies":"Reptomancer","floor":41,"turns":7},{"damage":24,"enemies":"Spire Growth","floor":42,"turns":4},{"damage":34,"enemies":"2 Orb Walkers","floor":46,"turns":4},{"damage":14,"enemies":"Maw","floor":48,"turns":8},{"damage":57,"enemies":"Awakened One","floor":50,"turns":21}],"seed_played":"-8914739019521317441","potions_obtained":[{"floor":12.0,"key":"GhostInAJar"},{"floor":21.0,"key":"Block Potion"},{"floor":27,"key":"FearPotion"},{"floor":30,"key":"FearPotion"},{"floor":35,"key":"Block Potion"},{"floor":42,"key":"PowerPotion"},{"floor":46,"key":"SkillPotion"}],"is_trial":false,"path_per_floor":["M","?","?","?","?","R","M","?","T","E","R","M","R","M","R","B",null,"M","?","$","M","?","R","?","R","T","E","?","$","M","M","R","B",null,"M","?","?","?","M","R","M","M","T","R","?","E","R","M","R","B"],"character_chosen":"THE_SILENT","items_purchased":["Paper Crane","Bane","PiercingWail"],"campfire_rested":7,"item_purchase_floors":[20,20,29],"current_hp_per_floor":[63,56,56,31,31,52,51,51,51,33,54,54,54,52,52,21,58,38,61,61,61,61,61,45,66,73,59,59,59,47,40,63,38,67,64,64,64,64,53,53,63,39,39,60,60,38,59,45,66,21],"gold":266,"neow_bonus":"THREE_CARDS","is_prod":false,"is_daily":false,"chose_seed":false,"campfire_upgraded":4,"win_rate":0,"timestamp":1537812308,"path_taken":["M","?","?","?","?","R","M","?","T","E","R","M","R","M","R","BOSS","M","?","$","?","?","R","?","R","T","E","?","$","M","?","R","BOSS","M","?","?","?","M","R","M","M","T","R","?","E","R","?","R","BOSS"],"build_version":"2018-09-20","purchased_purges":0,"victory":true,"max_hp_per_floor":[70,70,70,70,70,70,70,70,70,70,70,70,70,70,70,70,70,70,70,70,70,70,70,70,70,77,77,77,77,77,77,77,77,77,77,77,73,73,73,73,73,73,73,73,73,73,73,73,73,73],"card_choices":[{"not_picked":["PiercingWail","Dagger Throw"],"picked":"Backflip","floor":0.0},{"not_picked":["Bane","Slice"],"picked":"Sucker Punch","floor":1.0},{"not_picked":["Backflip","Acrobatics"],"picked":"Quick Slash","floor":7.0},{"not_picked":["Masterful Stab","Distraction","Tactician"],"picked":"SKIP","floor":10.0},{"not_picked":["Escape Plan","Slice"],"picked":"Crippling Poison","floor":12.0},{"not_picked":["Quick Slash","Underhanded Strike"],"picked":"Dagger Spray","floor":14.0},{"not_picked":["A Thousand Cuts","After Image"],"picked":"Unload","floor":16.0},{"not_picked":["Skewer+1","Infinite Blades"],"picked":"Backflip+1","floor":18.0},{"not_picked":["Dodge and Roll","Dagger Spray"],"picked":"Well Laid Plans+1","floor":21.0},{"not_picked":["Cloak And Dagger","Prepared"],"picked":"Terror+1","floor":27},{"not_picked":["Terror+1","Predator","Outmaneuver","Dagger Spray+1"],"picked":"SKIP","floor":30},{"not_picked":["Dagger Throw","Prepared","Predator"],"picked":"Venomology","floor":31},{"not_picked":["A Thousand Cuts","Tools of the Trade","Die Die Die"],"picked":"Adrenaline","floor":33},{"not_picked":["Setup+1","Calculated Gamble+1","Terror+1","Flying Knee"],"picked":"SKIP","floor":35},{"not_picked":["Blade Dance","Heel Hook","Quick Slash"],"picked":"Predator+1","floor":39},{"not_picked":["Acrobatics","Backflip+1","Blade Dance+1"],"picked":"Backstab+1","floor":41},{"not_picked":["Outmaneuver","Sucker Punch","All Out Attack+1","Cloak And Dagger+1"],"picked":"SKIP","floor":42},{"not_picked":["Night Terror","Acrobatics+1","Sucker Punch"],"picked":"Escape Plan+1","floor":46},{"not_picked":["Prepared","Backflip","Terror"],"picked":"Footwork+1","floor":48}],"player_experience":661572,"relics_obtained":[{"floor":9.0,"key":"Meat on the Bone"},{"floor":10.0,"key":"Darkstone Periapt"},{"floor":24.0,"key":"Enchiridion"},{"floor":26.0,"key":"Strawberry"},{"floor":27,"key":"Question Card"},{"floor":43,"key":"Centennial Puzzle"},{"floor":46,"key":"Ninja Scroll"}],"event_choices":[{"event_name":"Golden Wing","player_choice":"Card Removal","floor":2.0,"damage_taken":0.0},{"event_name":"Living Wall","player_choice":"Grow","floor":3.0,"damage_taken":0.0},{"event_name":"Scrap Ooze","player_choice":"success","floor":4.0,"damage_taken":25.0},{"event_name":"World of Goop","player_choice":"Left","floor":5.0,"damage_taken":0.0},{"event_name":"WeMeetAgain","player_choice":"Gold","floor":8.0,"damage_taken":0.0},{"event_name":"The Library","player_choice":"Heal","floor":19.0,"damage_taken":0.0},{"event_name":"Cursed Tome","player_choice":"Obtained Book","floor":24.0,"damage_taken":0.0},{"event_name":"Upgrade Shrine","player_choice":"Upgraded","floor":28,"damage_taken":0},{"event_name":"Tomb of Lord Red Mask","player_choice":"Ignored","floor":36,"damage_taken":0},{"event_name":"Winding Halls","player_choice":"Max HP","floor":37,"damage_taken":0},{"event_name":"Accursed Blacksmith","player_choice":"Forge","floor":38,"damage_taken":0},{"event_name":"SecretPortal","player_choice":"Rejected Portal.","floor":45,"damage_taken":0}],"is_beta":false,"boss_relics":[{"not_picked":["Eternal Feather","Lizard Tail"],"picked":"Velvet Choker"},{"not_picked":["White Beast Statue","Cursed Key"],"picked":"Ring of the Serpent"}],"items_purged_floors":[],"is_endless":false,"potions_floor_spawned":[12,21,27,30,35,39,42,46],"ascension_level":9}