{"gold_per_floor":[117,127,127,127,127,127,142,31,104,119,133,133,133,144,144,241,241,253,253,168,168,185,185,203,234,234,234,234,81,100,119,119,119],"floor_reached":33,"playtime":3893,"items_purged":["Defend_G"],"score":282,"play_id":"b9748b64-3604-4a13-90fc-990de9887bc4","local_time":"20181205153104","is_ascension_mode":false,"campfire_choices":[{"data":"Bouncing Flask","floor":6,"key":"SMITH"},{"data":"Skewer","floor":13,"key":"SMITH"},{"data":"Leg Sweep","floor":15,"key":"SMITH"},{"data":"Terror","floor":23,"key":"SMITH"},{"floor":27,"key":"REST"},{"floor":32,"key":"REST"}],"neow_cost":"NONE","seed_source_timestamp":774541182158473,"circlet_count":0,"master_deck":["Defend_G","Defend_G","Defend_G","Strike_G","Strike_G","Strike_G","Survivor","Neutralize","Bouncing Flask+1","Catalyst","Choke","Terror+1","Acrobatics","Leg Sweep+1","Skewer+1","Dash","Corpse Explosion","Quick Slash","Writhe","Backflip","Leg Sweep+1","Concentrate","Backflip","Sucker Punch+1"],"relics":["Ring of the Snake","Tingsha","Pear","HoveringKite","Pen Nib","Shuriken","Kunai","Paper Crane","Lantern"],"potions_floor_usage":[2,2,14,16,21,21,22,30,33],"damage_taken":[{"damage":2,"enemies":"Jaw Worm","floor":1,"turns":6},{"damage":2,"enemies":"Small Slimes","floor":2,"turns":4},{"damage":0,"enemies":"2 Louse","floor":7,"turns":3},{"damage":4,"enemies":"Exordium Wildlife","floor":10,"turns":3},{"damage":8,"enemies":"2 Fungi Beasts","floor":11,"turns":4},{"damage":2,"enemies":"Large Slime","floor":14,"turns":6},{"damage":8,"enemies":"Hexaghost","floor":16,"turns":7},{"damage":4,"enemies":"Shell Parasite","floor":18,"turns":4},{"damage":0,"enemies":"Colosseum Slavers","floor":21,"turns":3},{"damage":21,"enemies":"3 Byrds","floor":22,"turns":5},{"damage":0,"enemies":"3 Cultists","floor":24,"turns":2},{"damage":27,"enemies":"Gremlin Leader","floor":25,"turns":6},{"damage":15,"enemies":"Snake Plant","floor":30,"turns":3},{"damage":13,"enemies":"Snecko","floor":31,"turns":4},{"damage":78,"enemies":"Collector","floor":33,"turns":5}],"seed_played":"-1140662562757353602","potions_obtained":[{"floor":0,"key":"Fruit Juice"},{"floor":0,"key":"Fruit Juice"},{"floor":0,"key":"PowerPotion"},{"floor":2,"key":"GhostInAJar"},{"floor":7,"key":"Swift Potion"},{"floor":11,"key":"Energy Potion"},{"floor":14,"key":"GamblersBrew"},{"floor":18,"key":"SneckoOil"},{"floor":25,"key":"PowerPotion"},{"floor":30,"key":"Energy Potion"}],"is_trial":false,"path_per_floor":["M","M","?","?","?","R","M","$","T","M","M","?","R","M","R","B",null,"M","?","?","?","M","R","M","E","T","R","?","$","M","M","R","B"],"character_chosen":"THE_SILENT","items_purchased":["Terror","Lantern"],"campfire_rested":2,"item_purchase_floors":[8,29],"current_hp_per_floor":[68,76,69,69,62,62,62,62,72,68,60,60,60,58,58,50,90,86,86,86,86,65,65,65,38,38,65,65,65,50,37,64,0],"gold":119,"neow_bonus":"THREE_SMALL_POTIONS","is_prod":false,"is_daily":false,"chose_seed":false,"campfire_upgraded":4,"win_rate":0.0,"timestamp":1543977064,"path_taken":["M","M","?","?","?","R","M","?","T","M","M","?","R","M","R","BOSS","M","?","?","?","M","R","M","E","T","R","?","$","?","M","R","BOSS"],"build_version":"2018-11-15","purchased_purges":1,"victory":false,"max_hp_per_floor":[70,80,80,80,80,80,80,80,90,90,90,90,90,90,90,90,90,90,90,90,90,90,90,90,90,90,90,90,90,90,90,90,90],"card_choices":[{"not_picked":["Blur","Outmaneuver"],"picked":"Bouncing Flask","floor":1},{"not_picked":["Deadly Poison","Heel Hook"],"picked":"Catalyst","floor":2},{"not_picked":["Dodge and Roll","Blade Dance"],"picked":"Choke","floor":7},{"not_picked":["Flying Knee","Backflip"],"picked":"Acrobatics","floor":10},{"not_picked":["Malaise","Sucker Punch"],"picked":"Leg Sweep","floor":11},{"not_picked":["Dodge and Roll","Outmaneuver"],"picked":"Dash","floor":14},{"not_picked":["Die Die Die","Venomology"],"picked":"Corpse Explosion","floor":16},{"not_picked":["Concentrate","Outmaneuver+1"],"picked":"Quick Slash","floor":18},{"not_picked":["Sucker Punch","Backstab+1"],"picked":"Backflip","floor":22},{"not_picked":["Cloak And Dagger","Deflect"],"picked":"Leg Sweep+1","floor":24},{"not_picked":["Deadly Poison","Deflect"],"picked":"Concentrate","floor":25},{"not_picked":["Deflect","Flechettes"],"picked":"Backflip","floor":30},{"not_picked":["Dodge and Roll+1","Outmaneuver"],"picked":"Sucker Punch+1","floor":31}],"player_experience":351522,"relics_obtained":[{"floor":9,"key":"Pear"},{"floor":25,"key":"Kunai"},{"floor":26,"key":"Paper Crane"}],"event_choices":[{"cards_removed":["Strike_G"],"damage_healed":0,"gold_gain":0,"player_choice":"Card Removal","damage_taken":7,"max_hp_gain":0,"max_hp_loss":0,"event_name":"Golden Wing","floor":3,"gold_loss":0},{"damage_healed":0,"gold_gain":0,"player_choice":"Ignored","damage_taken":0,"max_hp_gain":0,"max_hp_loss":0,"event_name":"Shining Light","floor":4,"gold_loss":0},{"damage_healed":0,"gold_gain":0,"player_choice":"Success","damage_taken":7,"relics_obtained":["Tingsha"],"max_hp_gain":0,"max_hp_loss":0,"event_name":"Scrap Ooze","floor":5,"gold_loss":0},{"damage_healed":0,"gold_gain":0,"cards_transformed":["Defend_G"],"player_choice":"Change","damage_taken":0,"max_hp_gain":0,"max_hp_loss":0,"event_name":"Living Wall","floor":12,"gold_loss":0,"cards_obtained":["Skewer"]},{"damage_healed":0,"gold_gain":0,"player_choice":"Opened","damage_taken":0,"relics_obtained":["Pen Nib"],"max_hp_gain":0,"max_hp_loss":0,"event_name":"The Mausoleum","floor":19,"gold_loss":0,"cards_obtained":["Writhe"]},{"damage_healed":0,"gold_gain":0,"player_choice":"Obtained Relic","damage_taken":0,"relics_obtained":["Shuriken"],"max_hp_gain":0,"max_hp_loss":0,"event_name":"Addict","floor":20,"gold_loss":85},{"damage_healed":0,"gold_gain":0,"player_choice":"Fight","damage_taken":0,"max_hp_gain":0,"max_hp_loss":0,"event_name":"Colosseum","floor":21,"gold_loss":0},{"damage_healed":0,"gold_gain":0,"player_choice":"Fled From Nobs","damage_taken":0,"max_hp_gain":0,"max_hp_loss":0,"event_name":"Colosseum","floor":21,"gold_loss":0},{"cards_removed":["Strike_G"],"damage_healed":0,"gold_gain":0,"player_choice":"Card Removal","damage_taken":0,"max_hp_gain":0,"max_hp_loss":0,"event_name":"Wheel of Change","floor":28,"gold_loss":0}],"is_beta":false,"boss_relics":[{"not_picked":["Cursed Key","Calling Bell"],"picked":"HoveringKite"}],"items_purged_floors":[8],"is_endless":false,"potions_floor_spawned":[2,7,11,14,18,21,25,30],"killed_by":"Collector","ascension_level":0}