{"path_per_floor":["M","?","$","?","M","E","R","M","T","E","?","M","E","M","R","B",null,"M","$","M","?","?","R","M"],"character_chosen":"IRONCLAD","items_purchased":["Gambling Chip"],"gold_per_floor":[114,114,114,64,79,109,109,124,149,179,179,198,236,255,255,380,380,399,99,118,43,143,143,162],"floor_reached":25,"campfire_rested":0,"playtime":1103,"current_hp_per_floor":[78,77,76,75,74,73,72,71,70,69,52,56,61,64,64,44,62,61,60,52,52,52,52,42],"items_purged":[],"gold":162,"score":246,"play_id":"8c9c1771-3fe2-43cc-b5a0-1727c226898d","local_time":"20180322225228","daily_mods":["Diverse","Terminal","Hoarder"],"is_prod":false,"is_daily":true,"is_ascension_mode":false,"campfire_upgraded":3,"timestamp":1521755548,"path_taken":["M","?","$","?","M","E","R","M","T","E","?","M","E","M","R","BOSS","M","$","M","?","?","R","M","E"],"build_version":"2018-03-15v3","purchased_purges":0,"victory":false,"master_deck":["Strike_R","Strike_R+1","Strike_R","Defend_R","Defend_R","Defend_R","Defend_R","Bash","Noxious Fumes","Noxious Fumes","Noxious Fumes","Dash+1","Dash+1","Dash+1","Entrench","Entrench","Entrench+1","Barricade","Barricade"],"max_hp_per_floor":[78,77,76,75,74,73,72,71,70,69,68,67,66,65,64,63,62,61,60,59,58,57,56,55],"relics":["Black Blood","Juzu Bracelet","Vajra","Regal Pillow","Golden Idol","Whetstone","Gambling Chip"],"card_choices":[{"not_picked":["Warcry","Sword Boomerang"],"picked":"Entrench"},{"not_picked":["Limit Break","Berserk"],"picked":"Barricade"}],"player_experience":161031,"potions_floor_usage":[18,24,25],"damage_taken":[{"damage":0,"enemies":"2 Louse","floor":1,"turns":3},{"damage":6,"enemies":"Jaw Worm","floor":5,"turns":4},{"damage":1,"enemies":"3 Sentries","floor":6,"turns":7},{"damage":1,"enemies":"Cultist","floor":8,"turns":3},{"damage":0,"enemies":"Gremlin Nob","floor":10,"turns":5},{"damage":2,"enemies":"Blue Slaver","floor":12,"turns":4},{"damage":1,"enemies":"3 Sentries","floor":13,"turns":6},{"damage":3,"enemies":"3 Louse","floor":14,"turns":4},{"damage":26,"enemies":"Hexaghost","floor":16,"turns":9},{"damage":2,"enemies":"2 Thieves","floor":18,"turns":5},{"damage":18,"enemies":"Spheric Guardian","floor":20,"turns":7},{"damage":20,"enemies":"3 Cultists","floor":24,"turns":7},{"damage":60,"enemies":"Book of Stabbing","floor":25,"turns":8}],"event_choices":[{"event_name":"Living Wall","player_choice":"Forget","floor":2,"damage_taken":0},{"event_name":"The Cleric","player_choice":"Card Removal","floor":4,"damage_taken":0},{"event_name":"Golden Idol","player_choice":"Take Damage","floor":11,"damage_taken":0},{"event_name":"Beggar","player_choice":"Gave Gold","floor":21,"damage_taken":0},{"event_name":"Golden Shrine","player_choice":"Pray","floor":22,"damage_taken":0}],"boss_relics":[{"not_picked":["Runic Pyramid","Cursed Key"],"picked":"Black Blood"}],"potions_floor_spawned":[5,6,8,14],"seed_played":"7321977595555922760","killed_by":"Book of Stabbing","ascension_level":0,"is_trial":false}