{"gold_per_floor":[209,227,11,27,27,27,68,68,141,165,204,229,229,8,8,101,101,114,114,39,60,60,60,85,85,85,99,99,117,117],"floor_reached":30,"playtime":1000,"items_purged":["Strike_B"],"score":480,"play_id":"952c0cc4-8609-4a90-a493-40c8bb08b4e2","local_time":"20181228205934","is_ascension_mode":true,"campfire_choices":[{"data":"Sunder","floor":6.0,"key":"SMITH"},{"data":"Go for the Eyes","floor":8.0,"key":"SMITH"},{"floor":13.0,"key":"REST"},{"data":"Conserve Battery","floor":15.0,"key":"SMITH"},{"data":"Biased Cognition","floor":23.0,"key":"SMITH"},{"data":"Self Repair","floor":25.0,"key":"SMITH"},{"floor":28,"key":"REST"}],"neow_cost":"NONE","seed_source_timestamp":38237707149495,"circlet_count":0,"master_deck":["AscendersBane","Strike_B","Strike_B","Defend_B","Defend_B","Defend_B","Defend_B","Zap","Dualcast","Ball Lightning","Go for the Eyes+1","Sunder+1","Compile Driver","Core Surge","Turbo","Genetic Algorithm","Self Repair+1","Conserve Battery+1","Biased Cognition+1","Chill","Capacitor","Amplify","Undo","Defragment+1"],"special_seed":0,"relics":["Cracked Core","OrangePellets","Golden Idol","Potion Belt","Question Card","Singing Bowl","Philosopher\u0027s Stone","FaceOfCleric"],"potions_floor_usage":[29],"damage_taken":[{"damage":4.0,"enemies":"Small Slimes","floor":1.0,"turns":3.0},{"damage":7.0,"enemies":"Jaw Worm","floor":2.0,"turns":4.0},{"damage":0.0,"enemies":"Cultist","floor":4.0,"turns":3.0},{"damage":7.0,"enemies":"Gremlin Nob","floor":7.0,"turns":3.0},{"damage":4.0,"enemies":"Blue Slaver","floor":10.0,"turns":3.0},{"damage":5.0,"enemies":"3 Sentries","floor":11.0,"turns":4.0},{"damage":0.0,"enemies":"Exordium Thugs","floor":12.0,"turns":3.0},{"damage":22.0,"enemies":"Slime Boss","floor":16.0,"turns":6.0},{"damage":33.0,"enemies":"3 Byrds","floor":18.0,"turns":5.0},{"damage":7.0,"enemies":"Spheric Guardian","floor":21.0,"turns":3.0},{"damage":6.0,"enemies":"Snecko","floor":24.0,"turns":4.0},{"damage":17,"enemies":"Cultist and Chosen","floor":27,"turns":5},{"damage":22,"enemies":"Shelled Parasite and Fungi","floor":29,"turns":7},{"damage":33,"enemies":"Snake Plant","floor":30,"turns":2}],"seed_played":"5623898974571791218","potions_obtained":[{"floor":4.0,"key":"SpeedPotion"},{"floor":7.0,"key":"PowerPotion"},{"floor":11.0,"key":"AttackPotion"},{"floor":16.0,"key":"Block Potion"},{"floor":18.0,"key":"Strength Potion"},{"floor":24.0,"key":"Fruit Juice"},{"floor":27,"key":"Block Potion"}],"is_trial":false,"path_per_floor":["M","M","$","M","?","R","E","R","T","M","E","M","R","$","R","B",null,"M","?","$","M","?","R","M","R","T","M","R","M","M"],"character_chosen":"DEFECT","items_purchased":["OrangePellets","Self Repair","Conserve Battery","Capacitor"],"campfire_rested":2,"item_purchase_floors":[3,14,14,20],"current_hp_per_floor":[60,53,53,53,29,29,22,22,22,18,13,13,34,34,34,12,56,30,30,30,26,26,26,35,35,35,19,43,32,0],"gold":117,"neow_bonus":"HUNDRED_GOLD","is_prod":false,"is_daily":false,"chose_seed":false,"campfire_upgraded":5,"win_rate":0,"timestamp":1545998374,"path_taken":["M","M","$","M","?","R","E","R","T","M","E","M","R","$","R","BOSS","M","?","?","M","?","R","M","R","T","M","R","M","?"],"build_version":"2018-12-20","purchased_purges":1,"victory":false,"max_hp_per_floor":[71,71,71,71,71,71,71,71,71,71,71,71,71,71,71,71,71,71,71,71,74,74,74,82,82,82,83,83,84,84],"card_choices":[{"not_picked":["Stack","Go for the Eyes"],"picked":"Ball Lightning","floor":1.0},{"not_picked":["Rip and Tear","Redo"],"picked":"Go for the Eyes","floor":2.0},{"not_picked":["BootSequence","Stack"],"picked":"Sunder","floor":4.0},{"not_picked":["Coolheaded","Sweeping Beam"],"picked":"Compile Driver","floor":7.0},{"not_picked":["Double Energy","Turbo","Barrage"],"picked":"Core Surge","floor":10.0},{"not_picked":["Conserve Battery","Beam Cell","Consume"],"picked":"Turbo","floor":11.0},{"not_picked":["Reboot","Redo","White Noise"],"picked":"Genetic Algorithm","floor":12.0},{"not_picked":["Buffer","Meteor Strike","Machine Learning"],"picked":"Biased Cognition","floor":16.0},{"not_picked":["Tempest","Barrage","Aggregate"],"picked":"Chill","floor":18.0},{"not_picked":["Streamline","Lockon","Stack","Gash"],"picked":"Singing Bowl","floor":21.0},{"not_picked":["Ball Lightning+1","Redo","Self Repair","Conserve Battery"],"picked":"Singing Bowl","floor":24.0},{"not_picked":["Chill","Barrage","Go for the Eyes"],"picked":"Undo","floor":27},{"not_picked":["Melter","All For One","Compile Driver"],"picked":"Defragment+1","floor":29}],"player_experience":879453,"relics_obtained":[{"floor":7.0,"key":"Potion Belt"},{"floor":9.0,"key":"Question Card"},{"floor":11.0,"key":"Singing Bowl"}],"event_choices":[{"damage_healed":0.0,"max_hp_gain":0.0,"max_hp_loss":0.0,"gold_gain":0.0,"event_name":"Golden Idol","player_choice":"Take Damage","floor":5.0,"gold_loss":0.0,"damage_taken":24.0,"relics_obtained":["Golden Idol"]},{"damage_healed":0.0,"max_hp_gain":0.0,"max_hp_loss":0.0,"gold_gain":0.0,"event_name":"FaceTrader","player_choice":"Trade","floor":19.0,"gold_loss":0.0,"damage_taken":0.0,"relics_obtained":["FaceOfCleric"]},{"damage_healed":0.0,"max_hp_gain":0.0,"max_hp_loss":0.0,"gold_gain":0.0,"cards_transformed":["Strike_B"],"event_name":"Transmorgrifier","player_choice":"Transformed","floor":22.0,"gold_loss":0.0,"damage_taken":0.0,"cards_obtained":["Amplify"]}],"is_beta":false,"boss_relics":[{"not_picked":["Calling Bell","Ectoplasm"],"picked":"Philosopher\u0027s Stone"}],"items_purged_floors":[14],"is_endless":false,"potions_floor_spawned":[4,7,11,16,18,24,27],"killed_by":"Snake Plant","ascension_level":20}