{"gold_per_floor":[211,211,47,47,63,118,118,146,196,212,224,242,242,260,260,260],"floor_reached":16,"playtime":2686,"items_purged":["Strike_G"],"score":224,"play_id":"bf9f3ef0-5325-418d-95d7-c44cbaf7bf52","local_time":"20181211212913","is_ascension_mode":true,"campfire_choices":[{"floor":7,"key":"REST"},{"floor":13,"key":"REST"},{"data":"Cloak And Dagger","floor":15,"key":"SMITH"}],"neow_cost":"NONE","seed_source_timestamp":1129127808471,"circlet_count":0,"master_deck":["AscendersBane","Defend_G","Defend_G","Defend_G","Defend_G","Defend_G","Strike_G","Strike_G","Strike_G","Strike_G","Survivor","Neutralize","Dagger Throw","Footwork","Poisoned Stab","Predator","Adrenaline","Backstab","Dodge and Roll","Slice","Endless Agony","Cloak And Dagger+1"],"relics":["Ring of the Snake","GremlinMask","Tiny Chest","Vajra","Snake Skull"],"potions_floor_usage":[6,8,16,16,16],"damage_taken":[{"damage":3,"enemies":"2 Louse","floor":1,"turns":3},{"damage":5,"enemies":"Cultist","floor":5,"turns":5},{"damage":35,"enemies":"Lagavulin","floor":6,"turns":9},{"damage":31,"enemies":"3 Sentries","floor":8,"turns":11},{"damage":0,"enemies":"Jaw Worm","floor":10,"turns":3},{"damage":0,"enemies":"Looter","floor":11,"turns":3},{"damage":0,"enemies":"2 Fungi Beasts","floor":12,"turns":3},{"damage":5,"enemies":"Lots of Slimes","floor":14,"turns":3},{"damage":32,"enemies":"Slime Boss","floor":16,"turns":10}],"seed_played":"-8044034235859210818","potions_obtained":[{"floor":2,"key":"SneckoOil"},{"floor":2,"key":"Block Potion"},{"floor":8,"key":"Dexterity Potion"},{"floor":10,"key":"Regen Potion"},{"floor":14,"key":"EntropicBrew"}],"is_trial":false,"path_per_floor":["M","?","$","?","M","E","R","E","T","M","M","M","R","M","R","B"],"character_chosen":"THE_SILENT","items_purchased":["Footwork","Poisoned Stab"],"campfire_rested":2,"item_purchase_floors":[3,3],"current_hp_per_floor":[56,56,56,56,51,16,35,4,4,4,4,4,23,18,18,1],"gold":260,"neow_bonus":"HUNDRED_GOLD","is_prod":false,"is_daily":false,"chose_seed":false,"campfire_upgraded":1,"win_rate":0,"timestamp":1544560153,"path_taken":["M","?","?","?","M","E","R","E","T","?","M","?","R","M","R","BOSS"],"build_version":"2018-12-06","purchased_purges":1,"victory":false,"max_hp_per_floor":[66,66,66,66,66,66,66,66,66,66,66,66,66,66,66,66],"card_choices":[{"not_picked":["Bane","Dodge and Roll"],"picked":"Dagger Throw","floor":1},{"not_picked":["Outmaneuver","All Out Attack"],"picked":"Predator","floor":5},{"not_picked":["Dagger Throw","Prepared"],"picked":"Adrenaline","floor":6},{"not_picked":["Footwork","Blade Dance"],"picked":"Backstab","floor":8},{"not_picked":["Dagger Spray","Finisher"],"picked":"Dodge and Roll","floor":10},{"not_picked":["Acrobatics","PiercingWail"],"picked":"Slice","floor":11},{"not_picked":["Prepared","Sucker Punch"],"picked":"Endless Agony","floor":12},{"not_picked":["Dodge and Roll","Deadly Poison"],"picked":"Cloak And Dagger","floor":14}],"player_experience":1825739,"relics_obtained":[{"floor":6,"key":"Tiny Chest"},{"floor":8,"key":"Vajra"},{"floor":9,"key":"Snake Skull"}],"event_choices":[{"damage_healed":0,"gold_gain":0,"player_choice":"Got Potions","damage_taken":0,"max_hp_gain":0,"max_hp_loss":0,"event_name":"Lab","floor":2,"gold_loss":0},{"damage_healed":0,"gold_gain":0,"player_choice":"Trade","damage_taken":0,"relics_obtained":["GremlinMask"],"max_hp_gain":0,"max_hp_loss":0,"event_name":"FaceTrader","floor":4,"gold_loss":0}],"is_beta":false,"boss_relics":[],"items_purged_floors":[3],"is_endless":false,"potions_floor_spawned":[8,10,14],"killed_by":"Slime Boss","ascension_level":20}