{"gold_per_floor":[109,139,139,139,64,64,83,111,136,136,150,167,167,17,17,17],"floor_reached":16,"playtime":203,"items_purged":["Defend_R","Defend_R"],"score":98,"play_id":"7ec7f4f4-a0e3-4449-b07f-f0ef41cc83b2","local_time":"20180704223721","is_ascension_mode":false,"campfire_choices":[{"data":"Bash","floor":6,"key":"SMITH"},{"floor":13,"key":"REST"},{"data":"Flex","floor":15,"key":"SMITH"}],"neow_cost":"NONE","seed_source_timestamp":12668191955504,"circlet_count":0,"master_deck":["Strike_R","Strike_R","Strike_R","Strike_R","Strike_R","Defend_R","Bash+1","Flex+1","Double Tap","Pommel Strike"],"relics":["Black Star","Tiny Chest","Blood Vial","Regal Pillow","Bag of Preparation","Oddly Smooth Stone"],"potions_floor_usage":[],"damage_taken":[{"damage":5,"enemies":"2 Louse","floor":1,"turns":3},{"damage":6,"enemies":"Cultist","floor":7,"turns":3},{"damage":49,"enemies":"Lagavulin","floor":8,"turns":6},{"damage":2,"enemies":"Small Slimes","floor":11,"turns":3},{"damage":9,"enemies":"3 Louse","floor":12,"turns":3},{"damage":46,"enemies":"The Guardian","floor":16,"turns":5}],"seed_played":"-688323572826480695","potions_obtained":[{"floor":8,"key":"SteroidPotion"},{"floor":12,"key":"Energy Potion"}],"is_trial":false,"path_per_floor":["M","?","?","?","$","R","M","E","T","T","M","M","R","$","R"],"character_chosen":"IRONCLAD","items_purchased":["Pommel Strike"],"campfire_rested":1,"item_purchase_floors":[14],"current_hp_per_floor":[75,68,73,66,66,66,60,11,11,11,11,4,44,44,44,0],"gold":17,"neow_bonus":"BOSS_RELIC","is_prod":false,"is_daily":false,"chose_seed":false,"campfire_upgraded":2,"win_rate":0,"timestamp":1530769041,"path_taken":["M","?","?","?","$","R","?","E","T","?","M","?","R","$","R","BOSS"],"build_version":"2018-07-03","purchased_purges":2,"victory":false,"max_hp_per_floor":[80,80,85,85,85,85,85,85,85,85,85,85,85,85,85,85],"card_choices":[{"not_picked":["Headbutt","Shrug It Off"],"picked":"Flex","floor":8},{"not_picked":["Cleave","Shrug It Off"],"picked":"Double Tap","floor":11}],"player_experience":506972,"relics_obtained":[{"floor":8,"key":"Blood Vial"},{"floor":8,"key":"Regal Pillow"},{"floor":9,"key":"Bag of Preparation"},{"floor":10,"key":"Oddly Smooth Stone"}],"event_choices":[{"event_name":"Scrap Ooze","player_choice":"success","floor":2,"damage_taken":7},{"event_name":"Big Fish","player_choice":"Donut","floor":3,"damage_taken":0},{"event_name":"Golden Wing","player_choice":"Card Removal","floor":4,"damage_taken":0}],"boss_relics":[],"items_purged_floors":[5,14],"is_endless":false,"potions_floor_spawned":[8,12],"killed_by":"The Guardian","ascension_level":0}