{"path_per_floor":["M","?","M","M","$","E","R","M","T","R","M","R","M","M","R","B",null,"M","$","M","$","M","R","M","R","T","M","R","?","R","?","R"],"character_chosen":"IRONCLAD","items_purchased":["Shrug It Off","Inflame","Whirlwind"],"gold_per_floor":[114,114,126,137,62,95,95,110,110,110,127,127,147,160,160,264,264,276,52,69,30,46,46,61,61,86,99,99,99,99,99,99,99],"floor_reached":33,"campfire_rested":8,"playtime":1409,"current_hp_per_floor":[73,73,68,74,74,45,69,51,51,51,17,41,42,41,65,35,80,60,60,37,37,30,54,18,42,42,15,39,39,63,63,80,0],"items_purged":["Strike_R","Strike_R"],"gold":99,"score":249,"play_id":"956252f4-a551-44aa-8907-181ec2731915","local_time":"20180331070614","is_prod":false,"is_daily":false,"is_ascension_mode":false,"campfire_upgraded":1,"timestamp":1522472774,"path_taken":["M","?","M","?","$","E","R","M","T","R","M","R","M","M","R","BOSS","M","$","M","$","M","R","M","R","T","M","R","?","R","?","R","BOSS"],"build_version":"2018-03-29v2","purchased_purges":2,"victory":false,"master_deck":["Strike_R+1","Strike_R+1","Strike_R+1","Defend_R+1","Defend_R+1","Defend_R+1","Defend_R+1","Bash","Brutality","Combust","Sword Boomerang","Pummel","Pommel Strike+1","Berserk","True Grit","Flex","Flex","Impervious","Shrug It Off","Shrug It Off","Inflame","Heavy Blade","Whirlwind","Iron Wave","True Grit","Writhe"],"max_hp_per_floor":[80,80,80,80,80,80,80,80,80,80,80,80,80,80,80,80,80,80,80,80,80,80,80,80,80,80,80,80,80,80,80,80,80],"relics":["Black Blood","Sundial","Pen Nib","Orichalcum","Toxic Egg 2"],"card_choices":[{"not_picked":["Clothesline","Pommel Strike"],"picked":"Combust","floor":1},{"not_picked":["Clash","Flame Barrier"],"picked":"Sword Boomerang","floor":3},{"not_picked":["Perfected Strike","Seeing Red"],"picked":"Pummel","floor":4},{"not_picked":["Thunderclap","Battle Trance"],"picked":"Pommel Strike","floor":6},{"not_picked":["Headbutt","Sword Boomerang"],"picked":"Berserk","floor":8},{"not_picked":["Iron Wave","Cleave"],"picked":"True Grit","floor":11},{"not_picked":["Carnage","Armaments"],"picked":"Flex","floor":13},{"not_picked":["Carnage","Shockwave"],"picked":"Flex","floor":14},{"not_picked":["Fiend Fire","Demon Form"],"picked":"Impervious","floor":16},{"not_picked":["Flex","Clothesline"],"picked":"Shrug It Off","floor":18},{"not_picked":["Body Slam","Corruption"],"picked":"Heavy Blade","floor":20},{"not_picked":["Clothesline","Sword Boomerang"],"picked":"Iron Wave","floor":22},{"not_picked":["Infernal Blade","Cleave"],"picked":"True Grit","floor":27}],"player_experience":248676,"potions_floor_usage":[6,6,6,8,16,16,16,22],"damage_taken":[{"damage":13,"enemies":"Jaw Worm","floor":1,"turns":5},{"damage":11,"enemies":"Cultist","floor":3,"turns":5},{"damage":0,"enemies":"2 Louse","floor":4,"turns":3},{"damage":50,"enemies":"Lagavulin","floor":6,"turns":11},{"damage":39,"enemies":"Gremlin Gang","floor":8,"turns":6},{"damage":40,"enemies":"Exordium Thugs","floor":11,"turns":6},{"damage":5,"enemies":"Looter","floor":13,"turns":5},{"damage":7,"enemies":"Blue Slaver","floor":14,"turns":2},{"damage":36,"enemies":"Slime Boss","floor":16,"turns":9},{"damage":30,"enemies":"Shell Parasite","floor":18,"turns":8},{"damage":33,"enemies":"Chosen","floor":20,"turns":6},{"damage":17,"enemies":"3 Cultists","floor":22,"turns":6},{"damage":46,"enemies":"Snecko","floor":24,"turns":6},{"damage":37,"enemies":"Slaver and Parasite","floor":27,"turns":9},{"damage":80,"enemies":"Automaton","floor":33,"turns":12}],"event_choices":[{"event_name":"The Lab","player_choice":"Got Potions","floor":2,"damage_taken":0},{"event_name":"Back to Basics","player_choice":"Simplicity","floor":29,"damage_taken":0},{"event_name":"The Mausoleum","player_choice":"Yes","floor":31,"damage_taken":0}],"boss_relics":[{"not_picked":["Black Star","Astrolabe"],"picked":"Black Blood"}],"potions_floor_spawned":[1,6,11,13,14,20],"seed_played":"6341932273824021509","killed_by":"Automaton","ascension_level":0,"is_trial":false}