{"gold_per_floor":[111,111,126,149,162,162,182,182,209,253,271,19,43,43,43,136,136,161,174,188,188],"floor_reached":21,"playtime":825,"items_purged":[],"score":324,"play_id":"f9c1d5c1-6990-4dd6-a0cc-e0c895bf67b4","local_time":"20180713152601","is_ascension_mode":true,"campfire_choices":[{"floor":6.0,"key":"REST"},{"floor":8.0,"key":"REST"},{"floor":15,"key":"REST"}],"neow_cost":"NONE","seed_source_timestamp":0,"circlet_count":0,"master_deck":["Strike_R","Strike_R","Strike_R","Strike_R","Strike_R","Defend_R","Defend_R","Defend_R","Bash","AscendersBane","Ghostly Armor","Armaments","Inflame","Evolve","Disarm","Heavy Blade","True Grit+1","Double Tap+1","True Grit+1","Flame Barrier+1","Inflame","Reckless Charge","Clothesline","Wild Strike+1","Perfected Strike"],"special_seed":17725,"relics":["Fusion Hammer","Golden Idol","Regal Pillow","Bag of Preparation","Toxic Egg 2","Orrery"],"potions_floor_usage":[20,21],"damage_taken":[{"damage":0.0,"enemies":"2 Louse","floor":1.0,"turns":3.0},{"damage":7.0,"enemies":"Jaw Worm","floor":3.0,"turns":4.0},{"damage":0.0,"enemies":"Cultist","floor":4.0,"turns":3.0},{"damage":13.0,"enemies":"Large Slime","floor":5.0,"turns":5.0},{"damage":0.0,"enemies":"2 Fungi Beasts","floor":7.0,"turns":3.0},{"damage":13.0,"enemies":"Lagavulin","floor":10.0,"turns":8.0},{"damage":4.0,"enemies":"Looter","floor":11.0,"turns":3.0},{"damage":4,"enemies":"3 Louse","floor":13,"turns":5},{"damage":33,"enemies":"Hexaghost","floor":16,"turns":12},{"damage":7,"enemies":"Shell Parasite","floor":18,"turns":7},{"damage":2,"enemies":"3 Byrds","floor":19,"turns":5},{"damage":29,"enemies":"Sentry and Sphere","floor":20,"turns":6},{"damage":13,"enemies":"Chosen and Byrds","floor":21,"turns":4}],"seed_played":"5986081896675769642","potions_obtained":[{"floor":1.0,"key":"Ancient Potion"},{"floor":3.0,"key":"Weak Potion"},{"floor":11.0,"key":"SpeedPotion"},{"floor":19,"key":"Fruit Juice"}],"is_trial":false,"path_per_floor":["M","?","M","M","M","R","M","R","T","E","M","$","M","?","R","B",null,"M","M","M"],"character_chosen":"IRONCLAD","items_purchased":["Toxic Egg 2"],"campfire_rested":3,"item_purchase_floors":[12],"current_hp_per_floor":[68,68,61,61,48,68,68,68,68,55,51,51,47,40,68,35,60,53,51,27,14],"gold":188,"neow_bonus":"BOSS_RELIC","is_prod":false,"is_daily":false,"chose_seed":false,"campfire_upgraded":0,"win_rate":0,"timestamp":1531520761,"path_taken":["M","?","M","M","M","R","M","R","T","E","M","$","?","?","R","BOSS","M","?","?","M"],"build_version":"2018-07-12","purchased_purges":0,"victory":false,"max_hp_per_floor":[75,68,68,68,68,68,68,68,68,68,68,68,68,68,68,68,68,68,68,73,73],"card_choices":[{"not_picked":["Cleave","Power Through"],"picked":"Ghostly Armor","floor":1.0},{"not_picked":["Power Through","Clash"],"picked":"Armaments","floor":3.0},{"not_picked":["Whirlwind","Flex"],"picked":"Inflame","floor":4.0},{"not_picked":["Warcry","Searing Blow"],"picked":"Evolve","floor":5.0},{"not_picked":["Sword Boomerang","Twin Strike"],"picked":"Disarm","floor":7.0},{"not_picked":["Shockwave","Anger"],"picked":"Heavy Blade","floor":11.0},{"not_picked":["Pommel Strike","Sentinel+1"],"picked":"True Grit+1","floor":13},{"not_picked":["Barricade","Brutality"],"picked":"Double Tap+1","floor":16},{"not_picked":["Sentinel+1","Dropkick"],"picked":"True Grit+1","floor":17},{"not_picked":["True Grit+1","Sword Boomerang"],"picked":"Flame Barrier+1","floor":17},{"not_picked":["Clothesline","Warcry+1"],"picked":"Inflame","floor":17},{"not_picked":["Havoc+1","Clothesline"],"picked":"Reckless Charge","floor":17},{"not_picked":["Pummel","Second Wind+1"],"picked":"Clothesline","floor":17},{"not_picked":["Blood for Blood","Headbutt"],"picked":"Wild Strike+1","floor":18},{"not_picked":["Clothesline","Pommel Strike"],"picked":"Perfected Strike","floor":19}],"player_experience":624572,"relics_obtained":[{"floor":9.0,"key":"Regal Pillow"},{"floor":10.0,"key":"Bag of Preparation"}],"event_choices":[{"event_name":"Golden Idol","player_choice":"Lose Max HP","floor":2.0,"damage_taken":0.0},{"event_name":"Golden Wing","player_choice":"Card Removal","floor":14,"damage_taken":0}],"boss_relics":[{"not_picked":["Cursed Key","Ectoplasm"],"picked":"Orrery"}],"items_purged_floors":[],"is_endless":false,"potions_floor_spawned":[1,3,11,13,18,19],"killed_by":"Chosen and Byrds","ascension_level":15}