{"gold_per_floor":[112,262,24,99,99,99,132,147,147,147,161,188,199,209,209,209],"floor_reached":16,"playtime":512,"items_purged":["Doubt"],"score":220,"play_id":"44068013-356e-40a2-966b-5fa72c296196","local_time":"20181228192646","is_ascension_mode":true,"campfire_choices":[{"data":"Bash","floor":6,"key":"SMITH"},{"data":"True Grit","floor":10,"key":"SMITH"},{"data":"Perfected Strike","floor":15,"key":"SMITH"}],"neow_cost":"NONE","seed_source_timestamp":33322810715604,"circlet_count":0,"master_deck":["AscendersBane","Strike_R+1","Strike_R","Strike_R","Strike_R","Strike_R","Defend_R","Defend_R","Defend_R","Defend_R+1","Bash+1","Feel No Pain","Thunderclap","True Grit+1","Iron Wave","Perfected Strike+1","Second Wind"],"relics":["Burning Blood","Bag of Preparation","Kunai","Magic Flower","Self Forming Clay"],"potions_floor_usage":[12,16],"damage_taken":[{"damage":1,"enemies":"Cultist","floor":1,"turns":3},{"damage":17,"enemies":"3 Sentries","floor":7,"turns":15},{"damage":7,"enemies":"Small Slimes","floor":8,"turns":3},{"damage":0,"enemies":"2 Louse","floor":11,"turns":3},{"damage":24,"enemies":"Gremlin Nob","floor":12,"turns":4},{"damage":8,"enemies":"Blue Slaver","floor":13,"turns":5},{"damage":19,"enemies":"Large Slime","floor":14,"turns":8},{"damage":22,"enemies":"The Guardian","floor":16,"turns":2}],"seed_played":"-7581715730264233021","potions_obtained":[{"floor":7,"key":"Weak Potion"},{"floor":12,"key":"Block Potion"},{"floor":13,"key":"Swift Potion"}],"is_trial":false,"path_per_floor":["M","?","$","?","?","R","E","M","T","R","M","E","M","M","R","B"],"character_chosen":"IRONCLAD","items_purchased":["Bag of Preparation"],"campfire_rested":0,"item_purchase_floors":[3],"current_hp_per_floor":[80,80,80,69,44,44,33,32,32,32,41,26,27,17,17,0],"gold":209,"neow_bonus":"TEN_PERCENT_HP_BONUS","is_prod":false,"is_daily":false,"chose_seed":false,"campfire_upgraded":3,"win_rate":0,"timestamp":1545992806,"path_taken":["M","?","$","?","?","R","E","M","T","R","M","E","M","M","R","BOSS"],"build_version":"2018-12-20","purchased_purges":1,"victory":false,"max_hp_per_floor":[82,82,82,82,82,82,82,82,82,82,82,82,82,82,82,82],"card_choices":[{"not_picked":["Shrug It Off","Heavy Blade"],"picked":"Feel No Pain","floor":1},{"not_picked":["Cleave","Sentinel"],"picked":"Thunderclap","floor":7},{"not_picked":["Pummel","Dual Wield"],"picked":"True Grit","floor":8},{"not_picked":["Sentinel","Anger"],"picked":"Iron Wave","floor":11},{"not_picked":["True Grit","Havoc","Flex"],"picked":"SKIP","floor":12},{"not_picked":["Pommel Strike","Warcry"],"picked":"Perfected Strike","floor":13},{"not_picked":["Combust","Headbutt"],"picked":"Second Wind","floor":14}],"player_experience":875636,"relics_obtained":[{"floor":7,"key":"Kunai"},{"floor":9,"key":"Magic Flower"},{"floor":12,"key":"Self Forming Clay"}],"event_choices":[{"damage_healed":0,"gold_gain":150,"player_choice":"AGREE","damage_taken":0,"max_hp_gain":0,"max_hp_loss":0,"event_name":"Liars Game","floor":2,"gold_loss":0,"cards_obtained":["Doubt"]},{"damage_healed":0,"gold_gain":75,"player_choice":"Gather Gold","damage_taken":11,"max_hp_gain":0,"max_hp_loss":0,"event_name":"World of Goop","floor":4,"gold_loss":0},{"damage_healed":0,"gold_gain":0,"player_choice":"Entered Light","damage_taken":25,"max_hp_gain":0,"max_hp_loss":0,"event_name":"Shining Light","floor":5,"gold_loss":0,"cards_upgraded":["Strike_R","Defend_R"]}],"is_beta":false,"boss_relics":[],"items_purged_floors":[3],"is_endless":false,"potions_floor_spawned":[7,12,13],"killed_by":"The Guardian","ascension_level":20}