{"gold_per_floor":[111,111,125,125,24,55,55,84,109,109,109,126,26,37,37,37],"floor_reached":16,"playtime":930,"items_purged":["Strike_R","Strike_R"],"score":216,"play_id":"612b3ffa-6a05-4c76-b070-ffc9386d05a2","local_time":"20190123215559","is_ascension_mode":true,"campfire_choices":[{"data":"Whirlwind","floor":7.0,"key":"SMITH"},{"data":"Body Slam","floor":10.0,"key":"SMITH"},{"data":"Bash","floor":15.0,"key":"SMITH"}],"neow_cost":"NONE","seed_source_timestamp":975576724407872,"circlet_count":0,"master_deck":["AscendersBane","Strike_R","Strike_R","Strike_R","Defend_R","Defend_R","Defend_R","Defend_R","Bash+1","Whirlwind+1","Body Slam+1","Pommel Strike","Reaper","Metallicize","Shrug It Off"],"special_seed":0,"relics":["Burning Blood","Anchor","Juzu Bracelet","Boot","Magic Flower"],"potions_floor_usage":[],"damage_taken":[{"damage":19.0,"enemies":"Jaw Worm","floor":1.0,"turns":5.0},{"damage":5.0,"enemies":"2 Louse","floor":3.0,"turns":2.0},{"damage":31.0,"enemies":"Gremlin Nob","floor":6.0,"turns":4.0},{"damage":25.0,"enemies":"3 Sentries","floor":8.0,"turns":5.0},{"damage":0.0,"enemies":"Cultist","floor":12.0,"turns":3.0},{"damage":0.0,"enemies":"2 Fungi Beasts","floor":14.0,"turns":2.0},{"damage":0,"enemies":"Slime Boss","floor":16,"turns":1}],"seed_played":"-8024452781518215703","potions_obtained":[{"floor":3.0,"key":"Regen Potion"},{"floor":4.0,"key":"Fire Potion"},{"floor":14.0,"key":"EssenceOfSteel"}],"is_trial":false,"path_per_floor":["M","?","M","?","$","E","R","E","T","R","?","M","$","M","R","B"],"character_chosen":"IRONCLAD","items_purchased":["Pommel Strike"],"campfire_rested":0,"item_purchase_floors":[5],"current_hp_per_floor":[62,67,68,68,68,43,43,50,50,50,32,41,41,65,65,65],"gold":37,"neow_bonus":"TEN_PERCENT_HP_BONUS","is_prod":false,"is_daily":false,"chose_seed":false,"campfire_upgraded":3,"win_rate":0,"timestamp":1548240959,"path_taken":["M","?","M","?","$","E","R","E","T","R","?","M","$","M","R","BOSS"],"build_version":"2019-01-17v2","purchased_purges":2,"victory":false,"max_hp_per_floor":[82,87,87,87,87,87,87,87,87,87,87,87,87,87,87,87],"card_choices":[{"not_picked":["Heavy Blade","Clash"],"picked":"Whirlwind","floor":1.0},{"not_picked":["Wild Strike","Thunderclap"],"picked":"Body Slam","floor":3.0},{"not_picked":["Clothesline","Whirlwind"],"picked":"Reaper","floor":6.0},{"not_picked":["Iron Wave","Whirlwind"],"picked":"Metallicize","floor":8.0},{"not_picked":["Second Wind","Anger"],"picked":"Shrug It Off","floor":12.0},{"not_picked":["Perfected Strike","Clothesline","Bloodletting"],"picked":"SKIP","floor":14.0}],"player_experience":652324,"relics_obtained":[{"floor":6.0,"key":"Anchor"},{"floor":8.0,"key":"Juzu Bracelet"},{"floor":9.0,"key":"Boot"}],"event_choices":[{"damage_healed":0.0,"max_hp_gain":5.0,"max_hp_loss":0.0,"gold_gain":0.0,"event_name":"Big Fish","player_choice":"Donut","floor":2.0,"gold_loss":0.0,"damage_taken":0.0},{"damage_healed":0.0,"max_hp_gain":0.0,"max_hp_loss":0.0,"gold_gain":0.0,"event_name":"Lab","player_choice":"Got Potions","floor":4.0,"gold_loss":0.0,"damage_taken":0.0},{"damage_healed":0.0,"max_hp_gain":0.0,"max_hp_loss":0.0,"gold_gain":0.0,"event_name":"Scrap Ooze","player_choice":"Success","floor":11.0,"gold_loss":0.0,"damage_taken":18.0,"relics_obtained":["Magic Flower"]}],"is_beta":false,"boss_relics":[],"items_purged_floors":[5,13],"is_endless":false,"potions_floor_spawned":[3,14],"killed_by":"Slime Boss","ascension_level":20}