{"gold_per_floor":[114,39,50,50,24,24,43,43,43,43,86,104,123,123,123,212,212,235,249,269,269],"floor_reached":21,"playtime":693,"items_purged":[],"score":317,"play_id":"68743f85-b2b6-4944-a16e-f74923a1e15d","local_time":"20190131112301","is_ascension_mode":true,"campfire_choices":[{"data":"Zap","floor":6.0,"key":"SMITH"},{"floor":10.0,"key":"REST"},{"data":"Loop","floor":15.0,"key":"SMITH"}],"neow_cost":"CURSE","seed_source_timestamp":5406568332871,"circlet_count":0,"master_deck":["AscendersBane","Strike_B","Strike_B","Strike_B","Defend_B","Defend_B+1","Defend_B","Defend_B","Zap+1","Dualcast","Seek","Loop+1","Ball Lightning+1","Gash","BootSequence","Undo","Reinforced Body","Echo Form","Fission","Consume+1","Redo"],"special_seed":0,"relics":["Cracked Core","Golden Idol","Cables","Art of War","Sozu"],"potions_floor_usage":[19],"damage_taken":[{"damage":11.0,"enemies":"Small Slimes","floor":1.0,"turns":3.0},{"damage":3.0,"enemies":"Jaw Worm","floor":3.0,"turns":4.0},{"damage":0.0,"enemies":"Cultist","floor":7.0,"turns":3.0},{"damage":8.0,"enemies":"Gremlin Nob","floor":11.0,"turns":3.0},{"damage":0.0,"enemies":"2 Fungi Beasts","floor":12.0,"turns":3.0},{"damage":0.0,"enemies":"Blue Slaver","floor":13.0,"turns":3.0},{"damage":24.0,"enemies":"Slime Boss","floor":16.0,"turns":6.0},{"damage":2,"enemies":"Chosen","floor":18,"turns":4},{"damage":21,"enemies":"3 Byrds","floor":19,"turns":4},{"damage":23,"enemies":"Snake Plant","floor":20,"turns":4},{"damage":10,"enemies":"Shelled Parasite and Fungi","floor":21,"turns":2}],"seed_played":"-1891434800636563057","potions_obtained":[{"floor":12.0,"key":"LiquidBronze"},{"floor":13.0,"key":"SmokeBomb"},{"floor":16.0,"key":"EssenceOfSteel"}],"is_trial":false,"path_per_floor":["M","?","M","?","$","R","M","?","T","R","E","M","M","?","R","B",null,"M","M","M","M"],"character_chosen":"DEFECT","items_purchased":["Gash"],"campfire_rested":1,"item_purchase_floors":[5],"current_hp_per_floor":[53,53,50,29,29,29,29,29,29,48,40,40,40,40,40,16,52,50,29,6,0],"gold":269,"neow_bonus":"THREE_RARE_CARDS","is_prod":false,"is_daily":false,"chose_seed":false,"campfire_upgraded":2,"win_rate":0,"timestamp":1548930181,"path_taken":["M","?","M","?","?","R","M","?","T","R","E","?","M","?","R","BOSS","M","M","M","?"],"build_version":"2019-01-23","purchased_purges":0,"victory":false,"max_hp_per_floor":[71,71,71,71,71,71,71,64,64,64,64,64,64,64,64,64,64,64,64,64,64],"card_choices":[{"not_picked":["Amplify","Creative AI"],"picked":"Seek","floor":0.0},{"not_picked":["Turbo","Undo"],"picked":"Loop","floor":1.0},{"not_picked":["Turbo","Compile Driver"],"picked":"Ball Lightning","floor":3.0},{"not_picked":["Compile Driver","White Noise"],"picked":"BootSequence","floor":7.0},{"not_picked":["Rebound","Sunder"],"picked":"Undo","floor":11.0},{"not_picked":["Go for the Eyes","Turbo"],"picked":"Reinforced Body","floor":12.0},{"not_picked":["Stack","Conserve Battery"],"picked":"Echo Form","floor":13.0},{"not_picked":["Reboot","Thunder Strike"],"picked":"Fission","floor":16.0},{"not_picked":["Barrage","Gash"],"picked":"Consume+1","floor":18},{"not_picked":["Rebound+1","Beam Cell","Streamline"],"picked":"SKIP","floor":19},{"not_picked":["Fusion","Doom and Gloom+1"],"picked":"Redo","floor":20}],"player_experience":1152347,"relics_obtained":[{"floor":9.0,"key":"Cables"},{"floor":11.0,"key":"Art of War"}],"event_choices":[{"cards_removed":["Pain"],"damage_healed":0.0,"max_hp_gain":0.0,"max_hp_loss":0.0,"gold_gain":0.0,"event_name":"The Cleric","player_choice":"Card Removal","floor":2.0,"gold_loss":75.0,"damage_taken":0.0},{"damage_healed":0.0,"max_hp_gain":0.0,"max_hp_loss":0.0,"gold_gain":0.0,"event_name":"Shining Light","player_choice":"Entered Light","floor":4.0,"gold_loss":0.0,"damage_taken":21.0,"cards_upgraded":["Defend_B","Ball Lightning"]},{"damage_healed":0.0,"max_hp_gain":0.0,"max_hp_loss":7.0,"gold_gain":0.0,"event_name":"Golden Idol","player_choice":"Lose Max HP","floor":8.0,"gold_loss":0.0,"damage_taken":0.0,"relics_obtained":["Golden Idol"]},{"cards_removed":["Strike_B"],"damage_healed":0.0,"max_hp_gain":0.0,"max_hp_loss":0.0,"gold_gain":0.0,"event_name":"Bonfire Elementals","player_choice":"Offered Basic","floor":14.0,"gold_loss":0.0,"damage_taken":0.0}],"is_beta":false,"boss_relics":[{"not_picked":["FrozenCore","Nuclear Battery"],"picked":"Sozu"}],"items_purged_floors":[],"is_endless":false,"potions_floor_spawned":[12,13,16,19,20],"killed_by":"Shelled Parasite and Fungi","ascension_level":15}