{"path_per_floor":["M","M","?","M","?","E","M","E","T","M","R","E","$","M","R","B",null,"M","$","M","T","M","R","E","R","T","E","?","M","E","?","R","B",null,"M","?","M","$","M","E","?","R","T","R","E","$","?","M","R","B"],"character_chosen":"THE_SILENT","items_purchased":["Backstab","Toxic Egg 2","Pen Nib","Bag of Preparation","Bag of Marbles"],"gold_per_floor":[112,124,183,195,270,305,323,355,405,425,425,483,403,415,415,517,517,536,80,92,92,105,105,136,136,136,169,169,189,223,223,223,325,325,336,336,353,45,62,96,96,96,142,142,171,121,121,137,137,137],"floor_reached":51,"campfire_rested":3,"playtime":4908,"current_hp_per_floor":[57,56,56,56,45,28,26,23,23,23,44,43,43,43,43,37,62,50,50,47,47,42,42,42,42,42,40,40,40,47,47,68,53,67,69,69,69,69,69,64,64,64,64,64,64,64,58,48,72,50],"items_purged":["Prepared","Doubt"],"gold":137,"score":1057,"play_id":"860bac25-c137-4b8b-9f02-607d6e99bec4","local_time":"20180522001302","is_prod":false,"is_daily":false,"chose_seed":false,"is_ascension_mode":true,"campfire_upgraded":5,"timestamp":1526940782,"campfire_choices":[{"floor":11,"key":"REST"},{"data":"Distraction","floor":15,"key":"SMITH"},{"data":"Storm of Steel","floor":23,"key":"SMITH"},{"data":"Dash","floor":25,"key":"SMITH"},{"floor":32,"key":"REST"},{"data":"Eviscerate","floor":42,"key":"SMITH"},{"data":"Footwork","floor":44,"key":"SMITH"},{"floor":49,"key":"REST"}],"path_taken":["M","M","?","M","?","E","M","E","T","M","R","E","$","M","R","BOSS","M","$","M","?","M","R","E","R","T","E","?","?","E","?","R","BOSS","M","?","M","$","M","E","?","R","T","R","E","$","?","M","R","BOSS"],"build_version":"2018-05-17","seed_source_timestamp":28858594694812,"purchased_purges":2,"victory":true,"master_deck":["Survivor","Neutralize","Quick Slash","Deadly Poison","Distraction+1","Quick Slash+1","Underhanded Strike+1","Eviscerate+1","Terror","Setup","Cloak And Dagger","Well Laid Plans","Footwork+1","Footwork+1","Cloak And Dagger","Dodge and Roll","Dash+1","Burst","Escape Plan","Acrobatics","Storm of Steel+1","Skewer+1","Reflex+1","Dagger Throw+1","Storm of Steel+1","Dash+1","Acrobatics+1","Leg Sweep+1","Apotheosis+1","Leg Sweep+1"],"max_hp_per_floor":[70,70,70,70,70,70,70,70,70,70,70,70,70,70,70,70,70,70,70,70,70,70,70,70,70,70,70,70,70,72,72,72,72,72,74,74,74,74,74,76,76,76,76,76,76,76,80,80,80,80],"relics":["Pandora\u0027s Box","Anchor","Smiling Mask","Whetstone","Tiny Chest","Snecko Eye","Toxic Egg 2","Pen Nib","Meat on the Bone","Gremlin Horn","Mummified Hand","Toolbox","Singing Bowl","Cursed Key","Bag of Preparation","Bag of Marbles","Shuriken","Vajra","Letter Opener"],"card_choices":[{"not_picked":["Riddle With Holes","Outmaneuver"],"picked":"Well Laid Plans","floor":1},{"not_picked":["Backflip","Deadly Poison"],"picked":"Footwork","floor":2},{"not_picked":["Heel Hook","Leg Sweep"],"picked":"Footwork","floor":4},{"not_picked":["Reflex","Bane"],"picked":"Cloak And Dagger","floor":6},{"not_picked":["Prepared","PiercingWail"],"picked":"Dodge and Roll","floor":7},{"not_picked":["Acrobatics","Expertise"],"picked":"Dash","floor":8},{"not_picked":["Skewer","Dodge and Roll"],"picked":"Burst","floor":10},{"not_picked":["Calculated Gamble","Dagger Throw"],"picked":"Escape Plan","floor":12},{"not_picked":["Quick Slash","Expertise"],"picked":"Acrobatics","floor":14},{"not_picked":["Envenom","Doppelganger"],"picked":"Storm of Steel","floor":16},{"not_picked":["Dagger Spray","Poisoned Stab"],"picked":"Skewer+1","floor":18},{"not_picked":["Footwork","Slice+1","Flying Knee"],"picked":"SKIP","floor":20},{"not_picked":["Dagger Spray","Outmaneuver+1","Well Laid Plans+1"],"picked":"SKIP","floor":22},{"not_picked":["Underhanded Strike","PiercingWail+1"],"picked":"Reflex+1","floor":24},{"not_picked":["Well Laid Plans","Infinite Blades+1","Endless Agony+1"],"picked":"SKIP","floor":27},{"not_picked":["Deflect+1","Endless Agony"],"picked":"Dagger Throw+1","floor":29},{"not_picked":["Finisher","Expertise+1","Adrenaline+1"],"picked":"Singing Bowl","floor":30},{"not_picked":["Grand Finale","Phantasmal Killer+1"],"picked":"Storm of Steel+1","floor":33},{"not_picked":["Concentrate+1","Backstab","Cloak And Dagger+1"],"picked":"Singing Bowl","floor":35},{"not_picked":["PiercingWail+1","Dagger Throw"],"picked":"Dash+1","floor":37},{"not_picked":["Skewer+1","Terror+1"],"picked":"Acrobatics+1","floor":39},{"not_picked":["PiercingWail+1","Bane","Backflip+1"],"picked":"Singing Bowl","floor":40},{"not_picked":["Poisoned Stab+1","Caltrops+1"],"picked":"Leg Sweep+1","floor":45},{"not_picked":["Madness","Mind Blast","Flash of Steel"],"picked":"Singing Bowl","floor":47},{"not_picked":["Flash of Steel","Dramatic Entrance"],"picked":"Apotheosis","floor":47},{"not_picked":["Enlightenment","Secret Technique","Secret Weapon"],"picked":"Singing Bowl","floor":47},{"not_picked":["Blade Dance+1","Heel Hook+1"],"picked":"Leg Sweep+1","floor":48}],"player_experience":633626,"potions_floor_usage":[12,12,18,24,30,33,33,50,50],"damage_taken":[{"damage":6,"enemies":"Small Slimes","floor":1,"turns":3},{"damage":1,"enemies":"Jaw Worm","floor":2,"turns":3},{"damage":0,"enemies":"Cultist","floor":4,"turns":3},{"damage":17,"enemies":"3 Sentries","floor":6,"turns":8},{"damage":2,"enemies":"Lots of Slimes","floor":7,"turns":5},{"damage":3,"enemies":"Lagavulin","floor":8,"turns":7},{"damage":0,"enemies":"2 Fungi Beasts","floor":10,"turns":2},{"damage":1,"enemies":"3 Sentries","floor":12,"turns":6},{"damage":0,"enemies":"Large Slime","floor":14,"turns":5},{"damage":6,"enemies":"Hexaghost","floor":16,"turns":8},{"damage":12,"enemies":"2 Thieves","floor":18,"turns":3},{"damage":3,"enemies":"3 Byrds","floor":20,"turns":4},{"damage":5,"enemies":"Snake Plant","floor":22,"turns":4},{"damage":0,"enemies":"Gremlin Leader","floor":24,"turns":6},{"damage":14,"enemies":"Slavers","floor":27,"turns":5},{"damage":0,"enemies":"Cultist and Chosen","floor":29,"turns":4},{"damage":7,"enemies":"Book of Stabbing","floor":30,"turns":4},{"damage":15,"enemies":"Champ","floor":33,"turns":8},{"damage":0,"enemies":"3 Shapes","floor":35,"turns":2},{"damage":0,"enemies":"3 Darklings","floor":37,"turns":3},{"damage":0,"enemies":"4 Shapes","floor":39,"turns":1},{"damage":7,"enemies":"2 Orb Walkers","floor":40,"turns":4},{"damage":0,"enemies":"Giant Head","floor":45,"turns":3},{"damage":10,"enemies":"Maw","floor":48,"turns":3},{"damage":34,"enemies":"Time Eater","floor":50,"turns":6}],"relics_obtained":[{"floor":6,"key":"Anchor"},{"floor":8,"key":"Smiling Mask"},{"floor":9,"key":"Whetstone"},{"floor":12,"key":"Tiny Chest"},{"floor":21,"key":"Meat on the Bone"},{"floor":24,"key":"Gremlin Horn"},{"floor":26,"key":"Mummified Hand"},{"floor":27,"key":"Toolbox"},{"floor":30,"key":"Singing Bowl"},{"floor":40,"key":"Shuriken"},{"floor":43,"key":"Vajra"},{"floor":45,"key":"Letter Opener"}],"event_choices":[{"event_name":"Golden Wing","player_choice":"Gained Gold","floor":3,"damage_taken":0},{"event_name":"World of Goop","player_choice":"Gather Gold","floor":5,"damage_taken":0},{"event_name":"Drug Dealer","player_choice":"Ignored","floor":28,"damage_taken":0},{"event_name":"Vampires","player_choice":"Ignored","floor":31,"damage_taken":0},{"event_name":"Upgrade Shrine","player_choice":"Upgraded","floor":36,"damage_taken":0},{"event_name":"SensoryStone","player_choice":"Memory 3","floor":47,"damage_taken":0}],"boss_relics":[{"not_picked":["Ectoplasm","Philosopher\u0027s Stone"],"picked":"Snecko Eye"},{"not_picked":["Lizard Tail","Velvet Choker"],"picked":"Cursed Key"}],"potions_floor_spawned":[2,4,7,8,14,16,24,27,29,30,33,35,40,45],"seed_played":"5154190878016878087","ascension_level":7,"potions_obtained":[{"floor":2,"key":"SpeedPotion"},{"floor":4,"key":"Block Potion"},{"floor":7,"key":"GamblersBrew"},{"floor":8,"key":"Strength Potion"},{"floor":14,"key":"SteroidPotion"},{"floor":16,"key":"Weak Potion"},{"floor":24,"key":"FearPotion"},{"floor":27,"key":"Swift Potion"},{"floor":30,"key":"GamblersBrew"},{"floor":33,"key":"FearPotion"},{"floor":35,"key":"SkillPotion"},{"floor":40,"key":"Strength Potion"}],"is_trial":false}