{"path_per_floor":["M","?","M","M","M","R","?","R","T","M","R","$","R","?","R","B",null,"M","M","?","$","M","E","R","M","T","M","E","R","M","?","R","B",null,"M","M","?","M"],"character_chosen":"THE_SILENT","items_purchased":["Accuracy","Accuracy","Deflect"],"gold_per_floor":[109,59,72,90,109,109,109,109,109,121,121,43,43,69,69,170,200,211,225,225,56,76,109,109,127,127,143,172,172,183,183,183,285,285,304,320,320,338,338],"floor_reached":39,"campfire_rested":3,"playtime":1856,"current_hp_per_floor":[70,70,70,70,65,65,47,47,47,47,47,47,47,43,43,11,75,68,58,58,58,50,39,61,53,60,49,4,28,25,25,49,17,82,74,73,63,18,0],"items_purged":["Strike_G"],"gold":338,"score":413,"play_id":"bdd94530-eef4-449c-80fe-6c337d15cb5c","local_time":"20180415162055","is_prod":false,"is_daily":false,"chose_seed":false,"is_ascension_mode":false,"campfire_upgraded":5,"timestamp":1523802055,"path_taken":["M","?","M","M","?","R","?","R","T","M","R","?","R","?","R","BOSS","M","?","?","$","M","E","R","M","T","M","E","R","?","?","R","BOSS","M","M","?","M","M"],"build_version":"2018-04-12","seed_source_timestamp":4421549512722,"purchased_purges":1,"victory":false,"master_deck":["Defend_G","Defend_G","Defend_G","Defend_G","Survivor","Neutralize","Infinite Blades+1","Deflect","Dash+1","Backflip","Sucker Punch+1","Terror+1","Accuracy+1","Backstab+1","Envenom","Backflip+1","Setup+1","Cloak And Dagger+1","Accuracy","Deflect","PiercingWail+1","Slice","Finisher","Dagger Throw+1","Storm of Steel","Skewer+1","Bullet Time+1","Grand Finale+1","Noxious Fumes+1","Flying Knee+1","Madness","Madness","Dash+1"],"max_hp_per_floor":[70,70,70,70,70,70,70,70,70,70,70,70,70,70,70,70,75,75,75,75,75,75,75,75,75,82,82,82,82,82,82,82,82,82,82,82,82,82,82],"relics":["Ring of the Snake","Bag of Marbles","Peace Pipe","Odd Mushroom","Tiny House","War Paint","Strawberry","Frozen Egg 2","Astrolabe"],"card_choices":[{"not_picked":["Deadly Poison","Concentrate"],"picked":"Deflect","floor":1},{"not_picked":["Poisoned Stab","Quick Slash"],"picked":"Dash","floor":3},{"not_picked":["Dodge and Roll","Concentrate"],"picked":"Backflip","floor":4},{"not_picked":["Poisoned Stab","Deflect"],"picked":"Sucker Punch","floor":5},{"not_picked":["Catalyst","Tools of the Trade"],"picked":"Terror","floor":10},{"not_picked":["PiercingWail","Footwork"],"picked":"Backstab","floor":14},{"not_picked":["Adrenaline","Phantasmal Killer"],"picked":"Envenom","floor":16},{"not_picked":["Catalyst","Crippling Poison"],"picked":"Backflip","floor":17},{"not_picked":["Underhanded Strike","Prepared"],"picked":"Setup","floor":18},{"not_picked":["Acrobatics","Caltrops"],"picked":"Cloak And Dagger","floor":19},{"not_picked":["Dagger Spray","Deflect"],"picked":"PiercingWail","floor":22},{"not_picked":["Deflect","Reflex"],"picked":"Slice","floor":23},{"not_picked":["Wraith Form v2","Prepared"],"picked":"Finisher","floor":27},{"not_picked":["Terror","Prepared"],"picked":"Dagger Throw","floor":30},{"not_picked":["Wraith Form v2","Tools of the Trade"],"picked":"Storm of Steel","floor":33},{"not_picked":["Dagger Spray","Outmaneuver"],"picked":"Noxious Fumes","floor":35},{"not_picked":["Quick Slash","Crippling Poison"],"picked":"Flying Knee","floor":36},{"not_picked":["Escape Plan","Bane"],"picked":"Dash","floor":38}],"player_experience":431809,"potions_floor_usage":[14,16,23,30,33,33],"damage_taken":[{"damage":0,"enemies":"Small Slimes","floor":1,"turns":4},{"damage":0,"enemies":"2 Louse","floor":3,"turns":3},{"damage":0,"enemies":"Cultist","floor":4,"turns":4},{"damage":5,"enemies":"Lots of Slimes","floor":5,"turns":7},{"damage":0,"enemies":"Large Slime","floor":10,"turns":6},{"damage":13,"enemies":"The Mushroom Lair","floor":14,"turns":5},{"damage":32,"enemies":"Slime Boss","floor":16,"turns":13},{"damage":7,"enemies":"Shell Parasite","floor":18,"turns":5},{"damage":10,"enemies":"2 Thieves","floor":19,"turns":4},{"damage":8,"enemies":"Snake Plant","floor":22,"turns":4},{"damage":11,"enemies":"Slavers","floor":23,"turns":6},{"damage":8,"enemies":"Sentry and Sphere","floor":25,"turns":5},{"damage":11,"enemies":"Snecko","floor":27,"turns":5},{"damage":45,"enemies":"Gremlin Leader","floor":28,"turns":7},{"damage":3,"enemies":"3 Cultists","floor":30,"turns":6},{"damage":32,"enemies":"Champ","floor":33,"turns":10},{"damage":8,"enemies":"Orb Walker","floor":35,"turns":3},{"damage":1,"enemies":"3 Shapes","floor":36,"turns":5},{"damage":45,"enemies":"3 Darklings","floor":38,"turns":7},{"damage":29,"enemies":"Maw","floor":39,"turns":6}],"event_choices":[{"event_name":"The Cleric","player_choice":"Card Removal","floor":2,"damage_taken":0},{"event_name":"Scrap Ooze","player_choice":"success","floor":7,"damage_taken":18},{"event_name":"Mushrooms","player_choice":"Fought Mushrooms","floor":14,"damage_taken":0},{"event_name":"Accursed Blacksmith","player_choice":"Forge","floor":20,"damage_taken":0},{"event_name":"Vampires","player_choice":"Ignored","floor":31,"damage_taken":0},{"event_name":"Winding Halls","player_choice":"Embrace Madness","floor":37,"damage_taken":0}],"boss_relics":[{"not_picked":["Calling Bell","Lizard Tail"],"picked":"Tiny House"},{"not_picked":["Runic Pyramid","Eternal Feather"],"picked":"Astrolabe"}],"potions_floor_spawned":[4,10,14,16,22,23,25,27,30],"seed_played":"-4636006195180992077","killed_by":"Maw","ascension_level":0,"is_trial":false}