{"gold_per_floor":[118,118,133,147,7,7,41,41,66,79,104,24,82,94,94,172,172,188,113,113,113,18,18,18,38,92,110,110,110,110,110],"floor_reached":31,"playtime":819,"items_purged":[],"score":482,"play_id":"1f5d89ba-a206-47e2-88ab-40604ee1cec5","local_time":"20190115004130","is_ascension_mode":true,"campfire_choices":[{"floor":6.0,"key":"REST"},{"floor":8.0,"key":"REST"},{"floor":15.0,"key":"REST"},{"floor":23,"key":"REST"},{"floor":28,"key":"REST"},{"floor":30,"key":"REST"}],"neow_cost":"NONE","seed_source_timestamp":295719587973219,"circlet_count":0,"master_deck":["AscendersBane","Strike_R+1","Defend_R+1","Defend_R+1","Defend_R+1","Defend_R+1","Bash","Infernal Blade","Shockwave+1","Carnage","Armaments","Evolve","Clothesline","Power Through","Immolate","Thunderclap+1","Seeing Red+1","Bloodletting+1","Disarm","Decay","Shrug It Off","Feel No Pain","True Grit+1","True Grit"],"special_seed":0,"relics":["Fusion Hammer","Bag of Preparation","Bag of Marbles","Ginger","Pen Nib","Astrolabe","Nilry\u0027s Codex","War Paint"],"potions_floor_usage":[],"damage_taken":[{"damage":7.0,"enemies":"Small Slimes","floor":1.0,"turns":4.0},{"damage":6.0,"enemies":"Cultist","floor":3.0,"turns":4.0},{"damage":2.0,"enemies":"Jaw Worm","floor":4.0,"turns":3.0},{"damage":6.0,"enemies":"Gremlin Nob","floor":7.0,"turns":3.0},{"damage":1.0,"enemies":"Looter","floor":10.0,"turns":2.0},{"damage":25.0,"enemies":"Lagavulin","floor":11.0,"turns":4.0},{"damage":24.0,"enemies":"Lagavulin Event","floor":13.0,"turns":6.0},{"damage":7.0,"enemies":"Large Slime","floor":14.0,"turns":4.0},{"damage":33,"enemies":"Slime Boss","floor":16,"turns":12},{"damage":11,"enemies":"Spheric Guardian","floor":18,"turns":3},{"damage":29,"enemies":"Chosen","floor":25,"turns":4},{"damage":9,"enemies":"Shelled Parasite and Fungi","floor":27,"turns":7},{"damage":54,"enemies":"Book of Stabbing","floor":31,"turns":5}],"seed_played":"-8087934377513206821","potions_obtained":[{"floor":2.0,"key":"BloodPotion"},{"floor":2.0,"key":"Fire Potion"},{"floor":3.0,"key":"SpeedPotion"},{"floor":10.0,"key":"Swift Potion"},{"floor":16,"key":"FearPotion"}],"is_trial":false,"path_per_floor":["M","?","M","M","$","R","E","R","T","M","E","$","?","M","R","B",null,"M","?","?","?","$","R","$","M","T","M","R","?","R","E"],"character_chosen":"IRONCLAD","items_purchased":["Armaments","Evolve","Power Through","Shrug It Off","Feel No Pain"],"campfire_rested":6,"item_purchase_floors":[5,5,12,22,22],"current_hp_per_floor":[61,61,62,60,60,75,69,75,75,74,49,49,25,18,40,7,58,47,47,47,26,26,48,48,19,19,10,32,32,54,0],"gold":110,"neow_bonus":"BOSS_RELIC","is_prod":false,"is_daily":false,"chose_seed":false,"campfire_upgraded":0,"win_rate":0,"timestamp":1547541690,"path_taken":["M","?","M","?","$","R","E","R","T","M","E","$","?","M","R","BOSS","M","?","?","?","?","R","?","?","T","M","R","?","R","E"],"build_version":"2019-01-10","purchased_purges":0,"victory":false,"max_hp_per_floor":[75,75,75,75,75,75,75,75,75,75,75,75,75,75,75,75,75,75,75,75,75,75,75,75,75,75,75,75,75,75,75],"card_choices":[{"not_picked":["Perfected Strike","Inflame"],"picked":"Infernal Blade","floor":1.0},{"not_picked":["Havoc","Bloodletting"],"picked":"Shockwave","floor":3.0},{"not_picked":["Cleave","True Grit"],"picked":"Carnage","floor":4.0},{"not_picked":["Perfected Strike","Warcry"],"picked":"Clothesline","floor":11.0},{"not_picked":["Brutality","Bludgeon"],"picked":"Immolate","floor":16},{"not_picked":["Ghostly Armor","Whirlwind"],"picked":"Disarm","floor":18},{"not_picked":["Anger","Thunderclap"],"picked":"True Grit","floor":25},{"not_picked":["Clothesline","Sever Soul"],"picked":"True Grit","floor":27}],"player_experience":1020711,"relics_obtained":[{"floor":7.0,"key":"Bag of Preparation"},{"floor":9.0,"key":"Bag of Marbles"},{"floor":11.0,"key":"Ginger"},{"floor":21,"key":"Nilry\u0027s Codex"},{"floor":26,"key":"War Paint"}],"event_choices":[{"damage_healed":0.0,"max_hp_gain":0.0,"max_hp_loss":0.0,"gold_gain":0.0,"event_name":"Lab","player_choice":"Got Potions","floor":2.0,"gold_loss":0.0,"damage_taken":0.0},{"damage_healed":0.0,"max_hp_gain":0.0,"max_hp_loss":0.0,"gold_gain":0.0,"event_name":"Dead Adventurer","player_choice":"Searched \u00272\u0027 times","floor":13.0,"gold_loss":0.0,"damage_taken":0.0,"relics_obtained":["Pen Nib"]},{"cards_removed":["Strike_R"],"damage_healed":0,"gold_gain":0,"player_choice":"Gave Gold","damage_taken":0,"max_hp_gain":0,"max_hp_loss":0,"event_name":"Beggar","floor":19,"gold_loss":75},{"damage_healed":0,"gold_gain":0,"player_choice":"Smashed Altar","damage_taken":0,"max_hp_gain":0,"max_hp_loss":0,"event_name":"Forgotten Altar","floor":20,"gold_loss":0,"cards_obtained":["Decay"]},{"damage_healed":0,"gold_gain":0,"player_choice":"Obtained Book","damage_taken":21,"max_hp_gain":0,"max_hp_loss":0,"event_name":"Cursed Tome","floor":21,"gold_loss":0},{"damage_healed":0,"gold_gain":0,"player_choice":"Simplicity","damage_taken":0,"max_hp_gain":0,"max_hp_loss":0,"event_name":"Back to Basics","floor":29,"gold_loss":0,"cards_upgraded":["Strike_R","Defend_R","Defend_R","Defend_R","Defend_R"]}],"is_beta":true,"boss_relics":[{"not_picked":["Orrery","Cursed Key"],"picked":"Astrolabe"}],"items_purged_floors":[],"is_endless":false,"potions_floor_spawned":[3,10,16],"killed_by":"Book of Stabbing","ascension_level":20}