{"gold_per_floor":[115,115,115,115,133,149,149,165,165,165,90,90,100,130,130,228,228,243,256,156,170,187,187,187,187,234,244,244,244,343,258,258,355,355,355,355,230,230,230,230,230,230,230,248,248,197,197,217,217,217],"floor_reached":51,"playtime":502,"items_purged":["Defend_R","Defend_R","Strike_R"],"score":773,"play_id":"e58b2306-842a-47cd-8287-101c25642632","local_time":"20190121182948","is_ascension_mode":false,"campfire_choices":[{"data":"Whirlwind","floor":7,"key":"SMITH"},{"data":"Flex","floor":10,"key":"SMITH"},{"floor":12,"key":"REST"},{"data":"Flex","floor":15,"key":"SMITH"},{"data":"Sword Boomerang","floor":23,"key":"SMITH"},{"floor":28,"key":"REST"},{"floor":32,"key":"REST"},{"floor":40,"key":"REST"},{"floor":42,"key":"REST"},{"floor":49,"key":"REST"}],"neow_cost":"NONE","seed_source_timestamp":158676515364482,"circlet_count":0,"master_deck":["Bash+1","Sword Boomerang+1","Whirlwind+1","Flex+1","Flex+1","Limit Break+1"],"relics":["Runic Pyramid","Kunai","Blood Vial","Ornamental Fan","Velvet Choker","Juzu Bracelet","Happy Flower","Empty Cage","Mark of the Bloom"],"potions_floor_usage":[16,41,44,50,50,50],"damage_taken":[{"damage":5,"enemies":"2 Louse","floor":1,"turns":2},{"damage":0,"enemies":"Small Slimes","floor":5,"turns":2},{"damage":11,"enemies":"Jaw Worm","floor":6,"turns":2},{"damage":2,"enemies":"Lots of Slimes","floor":8,"turns":2},{"damage":12,"enemies":"Blue Slaver","floor":13,"turns":2},{"damage":14,"enemies":"Gremlin Nob","floor":14,"turns":3},{"damage":0,"enemies":"Slime Boss","floor":16,"turns":4},{"damage":6,"enemies":"Chosen","floor":18,"turns":2},{"damage":10,"enemies":"2 Thieves","floor":19,"turns":2},{"damage":6,"enemies":"Chosen and Byrds","floor":21,"turns":3},{"damage":11,"enemies":"Snecko","floor":22,"turns":3},{"damage":18,"enemies":"Shelled Parasite and Fungi","floor":27,"turns":2},{"damage":36,"enemies":"Collector","floor":33,"turns":4},{"damage":0,"enemies":"3 Darklings","floor":35,"turns":2},{"damage":14,"enemies":"3 Shapes","floor":39,"turns":2},{"damage":0,"enemies":"Giant Head","floor":41,"turns":1},{"damage":6,"enemies":"Writhing Mass","floor":44,"turns":2},{"damage":0,"enemies":"Transient","floor":48,"turns":5},{"damage":40,"enemies":"Donu and Deca","floor":50,"turns":3}],"seed_played":"-1361479718771305228","potions_obtained":[{"floor":6,"key":"SmokeBomb"},{"floor":8,"key":"PowerPotion"},{"floor":16,"key":"Fire Potion"},{"floor":19,"key":"Swift Potion"},{"floor":44,"key":"EssenceOfSteel"}],"is_trial":false,"path_per_floor":["M","?","?","?","M","M","R","M","T","R","$","R","M","E","R","B",null,"M","M","$","M","M","R","?","?","T","M","R","?","?","?","R","B",null,"M","?","$","?","M","R","E","R","T","M","?","$","?","M","R","B",null],"character_chosen":"IRONCLAD","items_purchased":["SteroidPotion"],"campfire_rested":6,"item_purchase_floors":[46],"current_hp_per_floor":[75,68,52,45,45,34,34,32,32,32,32,56,46,34,34,36,80,74,66,66,62,53,53,53,53,53,37,61,61,61,61,80,44,80,80,80,80,80,66,66,66,66,66,60,60,60,57,57,57,17],"gold":217,"neow_bonus":"BOSS_RELIC","is_prod":false,"is_daily":false,"chose_seed":false,"campfire_upgraded":4,"win_rate":1,"timestamp":1548113388,"path_taken":["M","?","?","?","M","M","R","?","T","R","?","R","M","E","R","BOSS","M","?","$","M","M","R","?","?","T","M","R","?","?","?","R","BOSS","M","?","$","?","M","R","E","R","T","M","?","$","?","M","R","BOSS"],"build_version":"2019-01-17v2","purchased_purges":3,"victory":true,"max_hp_per_floor":[80,80,80,80,80,80,80,80,80,80,80,80,80,80,80,80,80,80,80,80,80,80,80,80,80,80,80,80,80,80,80,80,80,80,80,80,80,80,80,80,80,80,80,80,80,80,80,80,80,80],"card_choices":[{"not_picked":["Twin Strike","Power Through"],"picked":"Sword Boomerang","floor":1},{"not_picked":["Anger","Metallicize"],"picked":"Whirlwind","floor":5},{"not_picked":["Twin Strike","Sever Soul"],"picked":"Flex","floor":8},{"not_picked":["Spot Weakness","Limit Break"],"picked":"Flex","floor":14},{"not_picked":["Perfected Strike","Inflame","Clothesline+1"],"picked":"SKIP","floor":18},{"not_picked":["Fiend Fire","Bludgeon"],"picked":"Limit Break","floor":33}],"player_experience":132954,"relics_obtained":[{"floor":9,"key":"Blood Vial"},{"floor":14,"key":"Ornamental Fan"},{"floor":26,"key":"Juzu Bracelet"}],"event_choices":[{"damage_healed":0,"gold_gain":0,"player_choice":"Success","damage_taken":7,"relics_obtained":["Kunai"],"max_hp_gain":0,"max_hp_loss":0,"event_name":"Scrap Ooze","floor":2,"gold_loss":0},{"damage_healed":0,"gold_gain":0,"player_choice":"Entered Light","damage_taken":16,"max_hp_gain":0,"max_hp_loss":0,"event_name":"Shining Light","floor":3,"gold_loss":0,"cards_upgraded":["Strike_R","Defend_R"]},{"cards_removed":["Defend_R"],"damage_healed":0,"gold_gain":0,"player_choice":"Card Removal","damage_taken":7,"max_hp_gain":0,"max_hp_loss":0,"event_name":"Golden Wing","floor":4,"gold_loss":0},{"cards_removed":["Defend_R"],"damage_healed":0,"gold_gain":0,"player_choice":"Elegance","damage_taken":0,"max_hp_gain":0,"max_hp_loss":0,"event_name":"Back to Basics","floor":24,"gold_loss":0},{"cards_removed":["Strike_R"],"damage_healed":0,"gold_gain":0,"player_choice":"Purged","damage_taken":0,"max_hp_gain":0,"max_hp_loss":0,"event_name":"Purifier","floor":25,"gold_loss":0},{"damage_healed":0,"gold_gain":0,"player_choice":"Ignored","damage_taken":0,"max_hp_gain":0,"max_hp_loss":0,"event_name":"Ghosts","floor":29,"gold_loss":0},{"damage_healed":0,"gold_gain":99,"player_choice":"Stole From Cult","damage_taken":0,"max_hp_gain":0,"max_hp_loss":0,"event_name":"Nest","floor":30,"gold_loss":0},{"damage_healed":0,"gold_gain":0,"player_choice":"Obtained Relic","damage_taken":0,"relics_obtained":["Happy Flower"],"max_hp_gain":0,"max_hp_loss":0,"event_name":"Addict","floor":31,"gold_loss":85},{"damage_healed":0,"gold_gain":0,"player_choice":"Ignored","damage_taken":0,"max_hp_gain":0,"max_hp_loss":0,"event_name":"Mysterious Sphere","floor":36,"gold_loss":0},{"damage_healed":0,"gold_gain":0,"player_choice":"Upgrade","damage_taken":0,"relics_obtained":["Mark of the Bloom"],"max_hp_gain":0,"max_hp_loss":0,"event_name":"MindBloom","floor":38,"gold_loss":0,"cards_upgraded":["Bash","Limit Break"]},{"cards_removed":["Strike_R"],"damage_healed":0,"gold_gain":0,"player_choice":"Purged","damage_taken":0,"max_hp_gain":0,"max_hp_loss":0,"event_name":"Purifier","floor":45,"gold_loss":0},{"damage_healed":0,"gold_gain":0,"player_choice":"Punched","damage_taken":3,"max_hp_gain":0,"max_hp_loss":0,"event_name":"Designer","floor":47,"gold_loss":0}],"is_beta":false,"boss_relics":[{"not_picked":["Tiny House","Eternal Feather"],"picked":"Velvet Choker"},{"not_picked":["Astrolabe","Lizard Tail"],"picked":"Empty Cage"}],"items_purged_floors":[11,20,37],"is_endless":false,"potions_floor_spawned":[6,8,16,19,22,27,33,39,44,48],"ascension_level":0}