{"gold_per_floor":[110,128,203,203,59,59,73,73,73,89,89,105,105,122,122,194,194,213,213,263,280,19,19],"floor_reached":23,"playtime":535,"items_purged":[],"score":320,"play_id":"8f9c7f8f-62b4-4f7c-9898-d4b19a2a80fc","local_time":"20180709114059","daily_mods":["Binary"],"is_ascension_mode":true,"campfire_choices":[{"data":"Sunder","floor":6,"key":"SMITH"},{"data":"Leap","floor":8,"key":"SMITH"},{"floor":15,"key":"REST"}],"neow_cost":"","seed_source_timestamp":0,"circlet_count":0,"master_deck":["Strike_B","Strike_B","Strike_B","Defend_B","Defend_B","Defend_B","Zap","Dualcast","AscendersBane","Sunder+1","Leap+1","Gash","Creative AI","Force Field","Doom and Gloom","Seek","Storm"],"relics":["Cracked Core","Busted Crown","The Courier","CultistMask","Snecko Eye"],"potions_floor_usage":[10,16,18,19],"damage_taken":[{"damage":7,"enemies":"2 Louse","floor":1,"turns":2},{"damage":7,"enemies":"Jaw Worm","floor":2,"turns":3},{"damage":0,"enemies":"Cultist","floor":7,"turns":2},{"damage":4,"enemies":"Looter","floor":10,"turns":3},{"damage":4,"enemies":"2 Fungi Beasts","floor":12,"turns":2},{"damage":6,"enemies":"Exordium Wildlife","floor":14,"turns":4},{"damage":22,"enemies":"The Guardian","floor":16,"turns":10},{"damage":12,"enemies":"Shell Parasite","floor":18,"turns":4},{"damage":0,"enemies":"2 Thieves","floor":19,"turns":1},{"damage":21,"enemies":"Snake Plant","floor":21,"turns":4},{"damage":25,"enemies":"Book of Stabbing","floor":23,"turns":3}],"seed_played":"-7956016761807446622","potions_obtained":[{"floor":7,"key":"SkillPotion"},{"floor":10,"key":"SmokeBomb"},{"floor":14,"key":"EssenceOfSteel"},{"floor":16,"key":"Energy Potion"},{"floor":18,"key":"Strength Potion"}],"is_trial":true,"path_per_floor":["M","M","?","?","$","R","M","R","T","M","?","M","?","M","R","B",null,"M","M","?","M","$"],"character_chosen":"DEFECT","items_purchased":["Sunder","Leap","Gash","Force Field","Doom and Gloom","Seek","Storm"],"campfire_rested":1,"item_purchase_floors":[5,5,5,22,22,22,22],"current_hp_per_floor":[57,50,39,32,32,32,32,32,32,28,28,24,24,18,39,17,58,46,46,46,25,25,0],"gold":19,"neow_bonus":"","is_prod":false,"is_daily":false,"chose_seed":false,"campfire_upgraded":2,"win_rate":0,"timestamp":1531161659,"path_taken":["M","M","?","?","$","R","M","R","T","M","?","?","?","M","R","BOSS","M","M","?","?","$","E"],"build_version":"2018-07-05","purchased_purges":0,"victory":false,"max_hp_per_floor":[71,71,71,71,71,71,71,71,71,71,71,71,71,71,71,71,71,71,71,71,71,71,71],"card_choices":[],"player_experience":544123,"relics_obtained":[{"floor":9,"key":"The Courier"}],"event_choices":[{"event_name":"World of Goop","player_choice":"Gather Gold","floor":3,"damage_taken":0},{"event_name":"Golden Wing","player_choice":"Card Removal","floor":4,"damage_taken":0},{"event_name":"FaceTrader","player_choice":"Trade","floor":11,"damage_taken":0},{"event_name":"Transmorgrifier","player_choice":"Transform","floor":13,"damage_taken":0},{"event_name":"The Joust","player_choice":"Bet on Murderer","floor":20,"damage_taken":0}],"boss_relics":[{"not_picked":["Empty Cage","Nuclear Battery"],"picked":"Snecko Eye"}],"items_purged_floors":[],"is_endless":false,"potions_floor_spawned":[7,10,14,16,18,19],"killed_by":"Book of Stabbing","ascension_level":15}