{"gold_per_floor":[163,177,177,177,192,220,232,273,311,323,260,260,291,307,307,381,381,393,393,50,61,35,60,77,77,77,77,77,77],"floor_reached":29,"playtime":783,"items_purged":["Defend_R"],"score":593,"play_id":"b793bdb3-8de1-4d08-b20b-c955c21cb171","local_time":"20190117171834","is_ascension_mode":true,"campfire_choices":[{"floor":7.0,"key":"REST"},{"data":"Perfected Strike","floor":10.0,"key":"SMITH"},{"floor":12.0,"key":"REST"},{"data":"Shrug It Off","floor":15.0,"key":"SMITH"},{"floor":25,"key":"REST"},{"floor":28,"key":"REST"}],"neow_cost":"NONE","seed_source_timestamp":0,"circlet_count":0,"master_deck":["AscendersBane","Defend_R+1","Defend_R","Defend_R","Bash+1","Shrug It Off+1","Perfected Strike+1","Thunderclap","Perfected Strike+1","Power Through","Shrug It Off","Shrug It Off","Limit Break+1","Limit Break","Inflame","Mayhem","Shrug It Off","Metallicize","Perfected Strike+1","Perfected Strike","Bite","Bite","Bite","Bite","Bite"],"special_seed":0,"relics":["Tiny House","Ancient Tea Set","MawBank","Champion Belt","Red Skull","Fusion Hammer","Whetstone","Frozen Egg 2"],"potions_floor_usage":[18],"damage_taken":[{"damage":1.0,"enemies":"Cultist","floor":1.0,"turns":3.0},{"damage":6.0,"enemies":"Jaw Worm","floor":2.0,"turns":4.0},{"damage":4.0,"enemies":"Small Slimes","floor":5.0,"turns":3.0},{"damage":25.0,"enemies":"Lagavulin","floor":6.0,"turns":5.0},{"damage":8.0,"enemies":"Gremlin Nob","floor":8.0,"turns":3.0},{"damage":10.0,"enemies":"3 Sentries","floor":13.0,"turns":9.0},{"damage":0.0,"enemies":"Looter","floor":14.0,"turns":2.0},{"damage":30.0,"enemies":"The Guardian","floor":16.0,"turns":9.0},{"damage":1,"enemies":"3 Byrds","floor":18,"turns":6},{"damage":0,"enemies":"Chosen","floor":21,"turns":4},{"damage":57,"enemies":"Gremlin Leader","floor":23,"turns":8},{"damage":0,"enemies":"Snecko","floor":24,"turns":2},{"damage":14,"enemies":"Centurion and Healer","floor":29,"turns":3}],"seed_played":"3382945859526107778","potions_obtained":[{"floor":0.0,"key":"Explosive Potion"},{"floor":2.0,"key":"Energy Potion"},{"floor":6.0,"key":"AttackPotion"},{"floor":8.0,"key":"EssenceOfSteel"},{"floor":13.0,"key":"Explosive Potion"},{"floor":23,"key":"Fire Potion"},{"floor":24,"key":"BloodPotion"}],"is_trial":false,"path_per_floor":["M","M","?","?","M","E","R","E","T","R","$","R","E","M","R","B",null,"M","?","$","M","$","E","M","R","T","?","R","M"],"character_chosen":"IRONCLAD","items_purchased":["Inflame","Mayhem","Shrug It Off","Perfected Strike"],"campfire_rested":4,"item_purchase_floors":[20,20,20,22],"current_hp_per_floor":[72,66,42,42,38,13,37,29,29,29,29,53,43,45,45,17,64,65,65,65,67,67,12,14,38,38,38,62,54],"gold":77,"neow_bonus":"BOSS_RELIC","is_prod":false,"is_daily":false,"chose_seed":false,"campfire_upgraded":2,"win_rate":0,"timestamp":1547774314,"path_taken":["M","?","?","?","M","E","R","E","T","R","$","R","E","M","R","BOSS","M","?","$","M","?","E","M","R","T","?","R","M"],"build_version":"2019-01-16","purchased_purges":1,"victory":false,"max_hp_per_floor":[80,80,80,80,80,80,80,80,80,80,80,80,80,80,80,80,80,80,80,80,80,80,80,80,80,80,80,80,80],"card_choices":[{"not_picked":["Evolve","Body Slam"],"picked":"Shrug It Off","floor":0.0},{"not_picked":["Warcry","Iron Wave"],"picked":"Perfected Strike","floor":1.0},{"not_picked":["Second Wind","Barricade"],"picked":"Thunderclap","floor":2.0},{"not_picked":["Shrug It Off","Heavy Blade"],"picked":"Perfected Strike","floor":5.0},{"not_picked":["Combust","True Grit"],"picked":"Power Through","floor":6.0},{"not_picked":["True Grit","Clothesline"],"picked":"Shrug It Off","floor":8.0},{"not_picked":["Sever Soul","Body Slam"],"picked":"Shrug It Off","floor":13.0},{"not_picked":["Heavy Blade","Havoc"],"picked":"Limit Break","floor":14.0},{"not_picked":["Double Tap","Fiend Fire"],"picked":"Limit Break","floor":16.0},{"not_picked":["Thunderclap+1","Warcry"],"picked":"Metallicize","floor":21},{"not_picked":["Armaments","Warcry"],"picked":"Perfected Strike","floor":23}],"player_experience":1026870,"relics_obtained":[{"floor":6.0,"key":"MawBank"},{"floor":8.0,"key":"Champion Belt"},{"floor":9.0,"key":"Red Skull"},{"floor":13.0,"key":"Blood Vial"},{"floor":23,"key":"Whetstone"},{"floor":26,"key":"Frozen Egg 2"}],"event_choices":[{"damage_healed":0.0,"max_hp_gain":0.0,"max_hp_loss":0.0,"gold_gain":0.0,"event_name":"Shining Light","player_choice":"Entered Light","floor":3.0,"gold_loss":0.0,"damage_taken":24.0,"cards_upgraded":["Defend_R","Perfected Strike"]},{"damage_healed":0.0,"max_hp_gain":0.0,"max_hp_loss":0.0,"gold_gain":0.0,"event_name":"WeMeetAgain","player_choice":"Gave Potion","floor":4.0,"gold_loss":0.0,"damage_taken":0.0,"relics_obtained":["Ancient Tea Set"]},{"damage_healed":0,"gold_gain":0,"player_choice":"Upgraded","damage_taken":0,"max_hp_gain":0,"max_hp_loss":0,"event_name":"Upgrade Shrine","floor":19,"gold_loss":0,"cards_upgraded":["Limit Break"]},{"damage_healed":0,"gold_gain":0,"player_choice":"Became a vampire (Vial)","damage_taken":0,"max_hp_gain":0,"max_hp_loss":0,"event_name":"Vampires","floor":27,"relics_lost":["Blood Vial"],"gold_loss":0,"cards_obtained":["Bite","Bite","Bite","Bite","Bite"]}],"is_beta":true,"boss_relics":[{"not_picked":["Coffee Dripper","Runic Dome"],"picked":"Fusion Hammer"}],"items_purged_floors":[11],"is_endless":false,"potions_floor_spawned":[2,6,8,13,23,24],"killed_by":"Centurion and Healer","ascension_level":20}