{"gold_per_floor":[112,112,112,132,151,174,194,194,220,234,254,254,269,284,284,284],"floor_reached":16,"playtime":192,"items_purged":[],"score":96,"play_id":"f4b27460-20f3-432a-88a6-04479fce7dc1","local_time":"20180704230456","is_ascension_mode":false,"campfire_choices":[{"data":"Perfected Strike","floor":8,"key":"SMITH"},{"data":"Perfected Strike","floor":12,"key":"SMITH"},{"floor":15,"key":"REST"}],"neow_cost":"NONE","seed_source_timestamp":14334219210027,"circlet_count":0,"master_deck":["Strike_R","Strike_R","Strike_R","Strike_R","Strike_R","Defend_R","Defend_R","Defend_R","Bash","Perfected Strike+1","Perfected Strike+1"],"relics":["White Beast Statue","Happy Flower","Bag of Preparation"],"potions_floor_usage":[7,10,13],"damage_taken":[{"damage":6,"enemies":"Cultist","floor":1,"turns":3},{"damage":8,"enemies":"Small Slimes","floor":4,"turns":3},{"damage":12,"enemies":"2 Louse","floor":5,"turns":3},{"damage":20,"enemies":"Exordium Thugs","floor":7,"turns":3},{"damage":0,"enemies":"Lots of Slimes","floor":10,"turns":2},{"damage":17,"enemies":"Gremlin Gang","floor":11,"turns":4},{"damage":11,"enemies":"Exordium Thugs","floor":13,"turns":3},{"damage":0,"enemies":"2 Fungi Beasts","floor":14,"turns":2},{"damage":0,"enemies":"Hexaghost","floor":16,"turns":1}],"seed_played":"301512472865227165","potions_obtained":[{"floor":1,"key":"Regen Potion"},{"floor":4,"key":"AttackPotion"},{"floor":5,"key":"Block Potion"},{"floor":7,"key":"Explosive Potion"},{"floor":10,"key":"SkillPotion"},{"floor":13,"key":"Dexterity Potion"}],"is_trial":false,"path_per_floor":["M","?","?","M","M","T","M","R","T","M","M","R","M","M","R"],"character_chosen":"IRONCLAD","items_purchased":[],"campfire_rested":1,"item_purchase_floors":[],"current_hp_per_floor":[74,74,74,66,54,54,37,37,37,37,20,20,18,18,42,42],"gold":284,"neow_bonus":"BOSS_RELIC","is_prod":false,"is_daily":false,"chose_seed":false,"campfire_upgraded":2,"win_rate":0,"timestamp":1530770696,"path_taken":["M","?","?","?","M","?","M","R","T","M","M","R","M","M","R","BOSS"],"build_version":"2018-07-03","purchased_purges":0,"victory":false,"max_hp_per_floor":[80,80,80,80,80,80,83,83,83,83,83,83,83,83,83,83],"card_choices":[{"not_picked":["Shrug It Off","Anger"],"picked":"Perfected Strike","floor":5},{"not_picked":["Rupture","Anger"],"picked":"Perfected Strike","floor":7}],"player_experience":508524,"relics_obtained":[{"floor":6,"key":"Happy Flower"},{"floor":9,"key":"Bag of Preparation"}],"event_choices":[{"event_name":"The Woman in Blue","player_choice":"Bought 0 Potions","floor":2,"damage_taken":0},{"event_name":"Bonfire Elementals","player_choice":"BASIC","floor":3,"damage_taken":0}],"boss_relics":[],"items_purged_floors":[],"is_endless":false,"potions_floor_spawned":[1,4,5,7,10,11,13,14],"killed_by":"Hexaghost","ascension_level":0}