{"gold_per_floor":[112,127,127,97,22,53,53,71,97,47,71,92,92,105,105,105],"floor_reached":16,"playtime":791,"items_purged":["Injury"],"score":127,"play_id":"c99ae5c7-81a3-42e4-81ee-7b06e58d33d9","local_time":"20181206175427","is_ascension_mode":false,"campfire_choices":[{"data":"Neutralize","floor":7,"key":"SMITH"},{"data":"After Image","floor":13,"key":"SMITH"},{"data":"Finisher","floor":15,"key":"SMITH"}],"neow_cost":"NONE","seed_source_timestamp":872650680069388,"circlet_count":0,"master_deck":["Defend_G","Defend_G","Defend_G","Defend_G","Defend_G","Strike_G","Strike_G","Strike_G","Strike_G","Survivor","Neutralize+1","Finisher+1","Quick Slash","Escape Plan","After Image+1","Outmaneuver","Accuracy","PiercingWail"],"relics":["Ring of the Snake","NeowsBlessing","Golden Idol","Bronze Scales","Regal Pillow"],"potions_floor_usage":[14,16],"damage_taken":[{"damage":0,"enemies":"Jaw Worm","floor":1,"turns":1},{"damage":0,"enemies":"Small Slimes","floor":2,"turns":1},{"damage":0,"enemies":"Lagavulin","floor":6,"turns":1},{"damage":0,"enemies":"Cultist","floor":8,"turns":3},{"damage":0,"enemies":"Exordium Wildlife","floor":11,"turns":3},{"damage":0,"enemies":"Looter","floor":12,"turns":2},{"damage":2,"enemies":"Red Slaver","floor":14,"turns":5},{"damage":82,"enemies":"Slime Boss","floor":16,"turns":19}],"seed_played":"-2789365137904758348","potions_obtained":[{"floor":2,"key":"Regen Potion"},{"floor":4,"key":"SneckoOil"},{"floor":4,"key":"Block Potion"},{"floor":8,"key":"SteroidPotion"},{"floor":11,"key":"AttackPotion"}],"is_trial":false,"path_per_floor":["M","M","?","?","$","E","R","M","T","?","M","M","R","M","R","B"],"character_chosen":"THE_SILENT","items_purchased":[],"campfire_rested":0,"item_purchase_floors":[],"current_hp_per_floor":[70,70,70,70,70,70,70,70,70,70,70,70,70,68,68,1],"gold":105,"neow_bonus":"THREE_ENEMY_KILL","is_prod":false,"is_daily":false,"chose_seed":false,"campfire_upgraded":3,"win_rate":0.0,"timestamp":1544072067,"path_taken":["M","M","?","?","$","E","R","?","T","?","M","M","R","M","R","BOSS"],"build_version":"2018-11-15","purchased_purges":1,"victory":false,"max_hp_per_floor":[70,70,70,70,70,70,70,70,70,70,70,70,70,70,70,70],"card_choices":[{"not_picked":["Deadly Poison","Sucker Punch"],"picked":"Finisher","floor":1},{"not_picked":["Outmaneuver","Bane"],"picked":"Quick Slash","floor":2},{"not_picked":["Setup","All Out Attack"],"picked":"Escape Plan","floor":6},{"not_picked":["Sucker Punch","Slice"],"picked":"After Image","floor":8},{"not_picked":["Footwork","Prepared"],"picked":"Outmaneuver","floor":11},{"not_picked":["Slice","Calculated Gamble"],"picked":"Accuracy","floor":12},{"not_picked":["Dodge and Roll","Sucker Punch"],"picked":"PiercingWail","floor":14}],"player_experience":403190,"relics_obtained":[{"floor":6,"key":"Bronze Scales"},{"floor":9,"key":"Regal Pillow"}],"event_choices":[{"damage_healed":0,"gold_gain":0,"player_choice":"Take Wound","damage_taken":0,"relics_obtained":["Golden Idol"],"max_hp_gain":0,"max_hp_loss":0,"event_name":"Golden Idol","floor":3,"gold_loss":0,"cards_obtained":["Injury"]},{"damage_healed":0,"gold_gain":0,"player_choice":"Bought 2 Potions","damage_taken":0,"max_hp_gain":0,"max_hp_loss":0,"event_name":"The Woman in Blue","floor":4,"gold_loss":0},{"cards_removed":["Strike_G"],"damage_healed":0,"gold_gain":0,"player_choice":"Card Removal","damage_taken":0,"max_hp_gain":0,"max_hp_loss":0,"event_name":"The Cleric","floor":10,"gold_loss":50}],"is_beta":false,"boss_relics":[],"items_purged_floors":[5],"is_endless":false,"potions_floor_spawned":[2,8,11,12],"killed_by":"Slime Boss","ascension_level":0}