{"path_per_floor":["M","?","$","M","?","E","R","M","T","M","R","T","M","$","R","B",null,"M","$","M","M","?","R","M","M","T","R","E","$","?","M","R","B",null,"M","?","M","M","?","R","$","M","T","R","M","M","?","M","R","B"],"character_chosen":"IRONCLAD","items_purchased":["Flame Barrier","True Grit","Rampage","Bottled Tornado"],"gold_per_floor":[112,112,37,48,48,82,82,93,118,133,133,207,223,55,55,158,158,173,1,20,33,33,33,48,59,109,109,135,57,57,76,76,175,175,187,234,247,265,265,265,16,28,105,105,125,142,0,19,19,19],"floor_reached":51,"campfire_rested":0,"playtime":3824,"current_hp_per_floor":[80,64,64,70,70,49,49,50,50,56,56,56,61,61,61,67,80,74,74,80,80,64,64,62,77,77,77,80,80,80,80,80,46,80,74,60,75,77,77,77,77,80,80,80,80,80,80,67,67,49],"items_purged":["Strike_R","Strike_R","Strike_R"],"gold":19,"score":696,"play_id":"cc2c646c-afc1-4a65-a1e0-d48fa1d2b72b","local_time":"20180330211131","is_prod":false,"is_daily":false,"is_ascension_mode":false,"campfire_upgraded":9,"timestamp":1522437091,"path_taken":["M","?","$","M","?","E","R","M","T","M","R","?","M","$","R","BOSS","M","$","M","M","?","R","M","M","T","R","E","$","?","M","R","BOSS","M","?","M","M","?","R","$","M","T","R","?","M","?","M","R","BOSS"],"build_version":"2018-03-29v2","purchased_purges":3,"victory":true,"master_deck":["Strike_R+1","Defend_R","Defend_R","Defend_R","Defend_R+1","Bash+1","Flex","Dropkick+1","Shrug It Off","Barricade+1","Disarm","Flame Barrier+1","Reaper+1","Shrug It Off","True Grit+1","Headbutt","Thunderclap+1","Evolve+1","Heavy Blade+1","Rampage+1","Demon Form+1","Body Slam+1","Shrug It Off+1","Entrench+1","Offering","Enlightenment"],"max_hp_per_floor":[80,80,80,80,80,80,80,80,80,80,80,80,80,80,80,80,80,80,80,80,80,80,80,80,80,80,80,80,80,80,80,80,80,80,80,80,80,80,80,80,80,80,80,80,80,80,80,80,80,80],"relics":["Burning Blood","Oddly Smooth Stone","Dream Catcher","Self Forming Clay","Mark of Pain","Enchiridion","Whetstone","Ice Cream","Orrery","Du-Vu Doll","Bottled Tornado","Shuriken","Red Mask"],"card_choices":[{"not_picked":["Shockwave","Pommel Strike"],"picked":"Flex","floor":1.0},{"not_picked":["Power Through","Seeing Red"],"picked":"Dropkick","floor":6.0},{"not_picked":["Twin Strike","Burning Pact"],"picked":"Shrug It Off","floor":8.0},{"not_picked":["Hemokinesis","Evolve"],"picked":"Barricade","floor":10.0},{"not_picked":["Headbutt","Armaments"],"picked":"Disarm","floor":13.0},{"not_picked":["Dark Embrace","Brutality"],"picked":"Reaper","floor":16.0},{"not_picked":["Havoc","Twin Strike"],"picked":"Shrug It Off","floor":18.0},{"not_picked":["Armaments","Havoc"],"picked":"Headbutt","floor":20.0},{"not_picked":["Bloodletting","Spot Weakness"],"picked":"Thunderclap","floor":21.0},{"not_picked":["Wild Strike","Anger"],"picked":"Evolve","floor":24},{"not_picked":["Pommel Strike","Flex"],"picked":"Heavy Blade","floor":25},{"not_picked":["Feed","Immolate"],"picked":"Demon Form","floor":33},{"not_picked":["Cleave","Thunderclap"],"picked":"Body Slam","floor":34},{"not_picked":["Cleave","Uppercut"],"picked":"Shrug It Off","floor":34},{"not_picked":["Shrug It Off","Body Slam"],"picked":"Entrench","floor":34},{"not_picked":["Clash","Rupture"],"picked":"Offering","floor":34},{"not_picked":["Transmutation","Purity"],"picked":"Enlightenment","floor":39}],"player_experience":232836,"potions_floor_usage":[24,28,28,36,50,50,50],"damage_taken":[{"damage":1.0,"enemies":"Cultist","floor":1.0,"turns":3.0},{"damage":0.0,"enemies":"2 Louse","floor":4.0,"turns":2.0},{"damage":27.0,"enemies":"Lagavulin","floor":6.0,"turns":7.0},{"damage":5.0,"enemies":"Jaw Worm","floor":8.0,"turns":2.0},{"damage":0.0,"enemies":"3 Louse","floor":10.0,"turns":3.0},{"damage":1.0,"enemies":"Exordium Wildlife","floor":13.0,"turns":4.0},{"damage":0.0,"enemies":"The Guardian","floor":16.0,"turns":13.0},{"damage":18.0,"enemies":"Chosen","floor":18.0,"turns":9.0},{"damage":0.0,"enemies":"Shell Parasite","floor":20.0,"turns":15.0},{"damage":3.0,"enemies":"Snake Plant","floor":21.0,"turns":6.0},{"damage":14,"enemies":"Cultist and Chosen","floor":24,"turns":13},{"damage":0,"enemies":"Snecko","floor":25,"turns":7},{"damage":18,"enemies":"Slavers","floor":28,"turns":5},{"damage":4,"enemies":"Snake Plant","floor":31,"turns":5},{"damage":40,"enemies":"Champ","floor":33,"turns":14},{"damage":23,"enemies":"Orb Walker","floor":35,"turns":7},{"damage":31,"enemies":"Sphère mystérieuse","floor":36,"turns":9},{"damage":21,"enemies":"3 Darklings","floor":37,"turns":6},{"damage":20,"enemies":"4 Shapes","floor":38,"turns":8},{"damage":14,"enemies":"Sphere and 2 Shapes","floor":42,"turns":7},{"damage":26,"enemies":"Maw","floor":45,"turns":8},{"damage":8,"enemies":"3 Darklings","floor":46,"turns":5},{"damage":32,"enemies":"Sphere and 2 Shapes","floor":48,"turns":6},{"damage":48,"enemies":"Awakened One","floor":50,"turns":10}],"event_choices":[{"event_name":"Shining Light","player_choice":"Entered Light","floor":2.0,"damage_taken":0.0},{"event_name":"Liars Game","player_choice":"disagreed","floor":5.0,"damage_taken":0.0},{"event_name":"Cursed Tome","player_choice":"Obtained Book","floor":22.0,"damage_taken":0.0},{"event_name":"Drug Dealer","player_choice":"Ignored","floor":30,"damage_taken":0},{"event_name":"Mysterious Sphere","player_choice":"Fight","floor":36,"damage_taken":0},{"event_name":"SensoryStone","player_choice":"Memory 1","floor":39,"damage_taken":0},{"event_name":"Tomb of Lord Red Mask","player_choice":"Paid","floor":47,"damage_taken":0}],"boss_relics":[{"not_picked":["Calling Bell","Runic Dome"],"picked":"Orrery"}],"potions_floor_spawned":[1,4,8,16,18,20,25,33,35,37,45,46,48],"seed_played":"8156900425098006468","ascension_level":0,"is_trial":false}