{"gold_per_floor":[114,114,114,129,129,129,144,67,67,397,397,397,416,516,516,641,641,660,8,27,27,46,46,84,84,109,109,109,128,147,166,166,291,291,310,310,329,348,373,411,430,430,480,117,117,155,155,0,0,0],"floor_reached":51,"playtime":1471,"items_purged":[],"score":1098,"play_id":"4a0e2d3c-65b8-4221-b4c0-f480c3261f14","local_time":"20180727012502","daily_mods":["Specialized","Night Terrors","Hoarder"],"is_ascension_mode":false,"campfire_choices":[{"data":"Corruption","floor":6,"key":"SMITH"},{"floor":11,"key":"REST"},{"data":"Perfected Strike","floor":15,"key":"SMITH"},{"data":"Demon Form","floor":23,"key":"SMITH"},{"data":"Demon Form","floor":25,"key":"SMITH"},{"data":"Demon Form","floor":27,"key":"SMITH"},{"data":"Inflame","floor":32,"key":"SMITH"},{"data":"Demon Form","floor":49,"key":"SMITH"}],"neow_cost":"","seed_source_timestamp":313022855525363,"circlet_count":0,"master_deck":["Strike_R","Strike_R","Strike_R","Strike_R","Strike_R","Defend_R","Defend_R","Defend_R","Defend_R","Bash","Exhume","Exhume","Exhume","Exhume","Exhume","Exhume","Exhume","Exhume","Exhume","Exhume","Exhume","Exhume","Exhume","Exhume","Exhume","Perfected Strike+1","Perfected Strike+1","Perfected Strike+1","Corruption+1","Corruption","Corruption","Pommel Strike","Pommel Strike","Pommel Strike","Shrug It Off","Shrug It Off","Shrug It Off","Havoc","Havoc","Havoc","Perfected Strike+1","Perfected Strike","Perfected Strike","Perfected Strike","Perfected Strike","Perfected Strike","Demon Form+1","Demon Form+1","Demon Form+1","Havoc","Havoc","True Grit","True Grit","True Grit","Havoc","Havoc","Havoc","Pummel","Pummel","Pummel","Body Slam","Body Slam","Body Slam","Shrug It Off+1","Shrug It Off+1","Shrug It Off+1","Ghostly","Ghostly","Ghostly","Ghostly","Ghostly","Ghostly","Ghostly","Ghostly","Ghostly","Ghostly","Ghostly","Ghostly","Ghostly","Ghostly","Ghostly","Wild Strike+1","Wild Strike+1","Wild Strike+1","Havoc","Havoc","Havoc","Flame Barrier+1","Flame Barrier+1","Flame Barrier+1","Twin Strike+1","Twin Strike+1","Twin Strike+1","Inflame+1","Inflame","Inflame","Demon Form+1","Demon Form","Demon Form","Pommel Strike","Pommel Strike","Pommel Strike","Perfected Strike","Perfected Strike","Perfected Strike","Heavy Blade+1","Heavy Blade+1","Heavy Blade+1","Sever Soul+1","Sever Soul+1","Sever Soul+1","True Grit+1","True Grit+1","True Grit+1","Havoc","Havoc","Havoc","Corruption+1","Corruption+1","Corruption+1","Barricade","Barricade","Barricade","Demon Form+1","Demon Form+1","Demon Form+1","Madness","Madness","Madness","Madness","Madness","Madness","Dark Embrace","Dark Embrace","Dark Embrace"],"special_seed":17739,"relics":["Burning Blood","Shuriken","Old Coin","Golden Idol","Sozu","Incense Burner","Blood Vial","Dodecahedron","Happy Flower","Ginger","Runic Dome","Turnip","Charon\u0027s Ashes","Strawberry","Lantern","DollysMirror","Torii","Prayer Wheel","Red Mask"],"potions_floor_usage":[50,50],"damage_taken":[{"damage":17,"enemies":"2 Louse","floor":1,"turns":5},{"damage":11,"enemies":"Jaw Worm","floor":4,"turns":2},{"damage":2,"enemies":"Small Slimes","floor":7,"turns":5},{"damage":49,"enemies":"Gremlin Nob","floor":10,"turns":5},{"damage":15,"enemies":"Looter","floor":13,"turns":3},{"damage":40,"enemies":"The Guardian","floor":16,"turns":5},{"damage":0,"enemies":"Spheric Guardian","floor":18,"turns":1},{"damage":11,"enemies":"2 Thieves","floor":20,"turns":3},{"damage":1,"enemies":"Centurion and Healer","floor":22,"turns":5},{"damage":2,"enemies":"Book of Stabbing","floor":24,"turns":5},{"damage":2,"enemies":"Cultist and Chosen","floor":29,"turns":3},{"damage":0,"enemies":"Snake Plant","floor":30,"turns":4},{"damage":2,"enemies":"Centurion and Healer","floor":31,"turns":4},{"damage":2,"enemies":"Champ","floor":33,"turns":15},{"damage":0,"enemies":"Orb Walker","floor":35,"turns":1},{"damage":1,"floor":36,"turns":5},{"damage":1,"enemies":"3 Shapes","floor":37,"turns":4},{"damage":0,"enemies":"Spire Growth","floor":38,"turns":4},{"damage":8,"floor":39,"turns":6},{"damage":3,"enemies":"Nemesis","floor":40,"turns":5},{"damage":4,"enemies":"Flame Bruiser 2 Orb","floor":41,"turns":4},{"damage":2,"enemies":"Giant Head","floor":46,"turns":5},{"damage":7,"enemies":"Awakened One","floor":50,"turns":7}],"seed_played":"-8062012140041976232","potions_obtained":[{"floor":7,"key":"Poison Potion"},{"floor":10,"key":"SteroidPotion"},{"floor":13,"key":"AttackPotion"}],"is_trial":false,"path_per_floor":["M","?","?","M","?","R","M","$","T","E","R","?","M","?","R","B",null,"M","$","M","?","M","R","E","R","T","R","T","M","M","M","R","B",null,"M","?","M","M","?","E","M","?","T","$","?","E","T","?","R","B"],"character_chosen":"IRONCLAD","items_purchased":["Shrug It Off","Havoc","True Grit","Incense Burner","Havoc","Blood Vial","Pummel","Body Slam","Barricade","DollysMirror"],"campfire_rested":1,"item_purchase_floors":[8,8,19,19,19,19,19,19,44,44],"current_hp_per_floor":[69,69,69,64,64,64,68,68,68,25,75,69,60,60,60,26,69,69,69,64,34,34,34,34,34,34,34,34,34,34,34,34,34,34,34,34,34,34,32,41,41,41,41,41,36,41,41,41,41,40],"gold":0,"neow_bonus":"","is_prod":false,"is_daily":true,"chose_seed":false,"campfire_upgraded":7,"win_rate":0,"timestamp":1532679902,"path_taken":["M","?","?","M","?","R","M","$","T","E","R","?","M","?","R","BOSS","M","$","M","?","?","R","E","R","T","R","?","?","M","?","R","BOSS","M","?","M","M","?","E","?","?","T","$","?","E","?","?","R","BOSS"],"build_version":"2018-07-26","purchased_purges":0,"victory":true,"max_hp_per_floor":[80,80,80,80,80,80,80,80,80,80,75,69,69,69,69,69,69,69,69,69,34,34,34,34,34,34,34,34,34,34,34,34,34,34,34,34,34,34,34,41,41,41,41,41,41,41,41,41,41,41],"card_choices":[{"not_picked":["Headbutt","Twin Strike"],"picked":"Perfected Strike","floor":1},{"not_picked":["Second Wind","Havoc"],"picked":"Corruption","floor":4},{"not_picked":["Wild Strike","Clash"],"picked":"Pommel Strike","floor":7},{"not_picked":["Cleave","Fiend Fire"],"picked":"Perfected Strike","floor":10},{"not_picked":["Warcry","Second Wind"],"picked":"Perfected Strike","floor":13},{"not_picked":["Bludgeon","Berserk"],"picked":"Demon Form","floor":16},{"not_picked":["Iron Wave","Headbutt"],"picked":"Havoc","floor":18},{"not_picked":["Uppercut+1","Blood for Blood"],"picked":"Shrug It Off+1","floor":20},{"not_picked":["Flex","Armaments"],"picked":"Wild Strike+1","floor":22},{"not_picked":["Anger+1","Rupture"],"picked":"Havoc","floor":24},{"not_picked":["Iron Wave","Shockwave"],"picked":"Flame Barrier+1","floor":29},{"not_picked":["Flex","Wild Strike"],"picked":"Twin Strike+1","floor":30},{"not_picked":["Combust","Clash"],"picked":"Inflame","floor":31},{"not_picked":["Barricade","Bludgeon"],"picked":"Demon Form","floor":33},{"not_picked":["Ghostly Armor","Headbutt+1"],"picked":"Pommel Strike","floor":35},{"not_picked":["Havoc","Clash"],"picked":"Perfected Strike","floor":36},{"not_picked":["Infernal Blade+1","Body Slam"],"picked":"Heavy Blade+1","floor":37},{"not_picked":["Clash+1","Iron Wave"],"picked":"Sever Soul+1","floor":38},{"not_picked":["Wild Strike","Clash+1"],"picked":"True Grit+1","floor":39},{"not_picked":["True Grit+1","Sword Boomerang+1"],"picked":"Havoc","floor":40},{"not_picked":["Anger+1","Seeing Red"],"picked":"Corruption+1","floor":41},{"not_picked":["Pummel","Flex+1"],"picked":"Dark Embrace","floor":46}],"player_experience":694651,"relics_obtained":[{"floor":9,"key":"Shuriken"},{"floor":10,"key":"Old Coin"},{"floor":24,"key":"Dodecahedron"},{"floor":26,"key":"Happy Flower"},{"floor":28,"key":"Ginger"},{"floor":36,"key":"Turnip"},{"floor":39,"key":"Charon\u0027s Ashes"},{"floor":40,"key":"Strawberry"},{"floor":43,"key":"Lantern"},{"floor":46,"key":"Torii"},{"floor":47,"key":"Prayer Wheel"}],"event_choices":[{"event_name":"Living Wall","player_choice":"Grow","floor":2,"damage_taken":0},{"event_name":"Accursed Blacksmith","player_choice":"Forge","floor":3,"damage_taken":0},{"event_name":"Upgrade Shrine","player_choice":"Upgraded","floor":5,"damage_taken":0},{"event_name":"Golden Idol","player_choice":"Lose Max HP","floor":12,"damage_taken":0},{"event_name":"Golden Shrine","player_choice":"Pray","floor":14,"damage_taken":0},{"event_name":"Ghosts","player_choice":"Became a Ghost","floor":21,"damage_taken":0},{"event_name":"MindBloom","player_choice":"Fight","floor":36,"damage_taken":0},{"event_name":"Mysterious Sphere","player_choice":"Fight","floor":39,"damage_taken":0},{"event_name":"Falling","player_choice":"Removed Skill","floor":42,"damage_taken":0},{"event_name":"Winding Halls","player_choice":"Embrace Madness","floor":45,"damage_taken":0},{"event_name":"Tomb of Lord Red Mask","player_choice":"Paid","floor":48,"damage_taken":0}],"is_beta":true,"boss_relics":[{"not_picked":["Cursed Key","Coffee Dripper"],"picked":"Sozu"},{"not_picked":["Velvet Choker","Black Blood"],"picked":"Runic Dome"}],"items_purged_floors":[],"is_endless":false,"potions_floor_spawned":[7,10,13,16,18,22,30,35,39,41,46],"ascension_level":0}