{"path_per_floor":["M","?","M","$","M","R","E","R","T","T","R","E","?","M","R","B",null,"M","?","M","M","?","R","M","M","T","R","M","$","R","M","R","B",null,"M","?","M","?","M","M","M","$","T","M","R","?","T","M","R"],"character_chosen":"DEFECT","items_purchased":["Centennial Puzzle","Tempest+1","FearPotion","Strength Potion","Letter Opener","Ice Cream","Steam+1","Calipers"],"gold_per_floor":[144,144,193,118,167,167,265,265,340,340,340,438,438,487,487,812,812,861,861,910,959,1109,1109,1158,1207,1207,1207,1256,731,731,780,780,1105,1105,1154,1154,1203,1203,1252,1301,1350,322,322,371,371,371,371,420,420,420],"floor_reached":50,"campfire_rested":10,"playtime":1945,"item_purchase_floors":[29,29,29,29,42,42,42,42],"current_hp_per_floor":[74,56,56,56,56,75,44,66,66,66,75,69,69,59,75,34,75,75,75,63,53,53,75,39,22,22,44,44,44,66,51,73,36,75,64,64,64,64,53,49,39,39,39,28,50,50,50,50,72,0],"items_purged":["Strike_B","Regret","Defend_B"],"gold":420,"score":506,"play_id":"c6108cb1-fbc1-4f90-8e09-251827a24706","local_time":"20180608115430","daily_mods":["Specialized","Midas","Time Dilation"],"is_prod":false,"is_daily":true,"chose_seed":false,"is_ascension_mode":false,"campfire_upgraded":0,"win_rate":0.0,"timestamp":1528451670,"campfire_choices":[{"floor":6,"key":"REST"},{"floor":8,"key":"REST"},{"floor":11,"key":"REST"},{"floor":15,"key":"REST"},{"floor":23,"key":"REST"},{"floor":27,"key":"REST"},{"floor":30,"key":"REST"},{"floor":32,"key":"REST"},{"floor":45,"key":"REST"},{"floor":49,"key":"REST"}],"path_taken":["M","?","M","?","M","R","E","R","T","?","R","E","?","M","R","BOSS","M","?","M","M","?","R","?","M","T","R","M","$","R","M","R","BOSS","M","?","M","?","M","M","M","$","T","M","R","?","?","?","R","BOSS"],"build_version":"2018-06-07","seed_source_timestamp":0,"purchased_purges":3,"victory":false,"master_deck":["Strike_B","Strike_B","Defend_B","Defend_B","Defend_B","Zap","Dualcast","Electrodynamics","Electrodynamics","Electrodynamics","Electrodynamics","Electrodynamics","Compile Driver","Storm+1","Ball Lightning","Fission+1","Redo+1","Echo Form","Tempest+1","Steam+1"],"max_hp_per_floor":[75,75,75,75,75,75,75,75,75,75,75,75,75,75,75,75,75,75,75,75,75,75,75,75,75,75,75,75,75,75,75,75,75,75,75,75,75,75,75,75,75,75,75,75,75,75,75,75,75,75],"relics":["Cracked Core","Golden Idol","Pantograph","Toxic Egg 2","Shuriken","Art of War","Ginger","Busted Crown","Orichalcum","Centennial Puzzle","Sozu","Letter Opener","Ice Cream","Calipers","Matryoshka","Bronze Scales","Bag of Preparation"],"card_choices":[{"not_picked":["Melter","Cold Snap"],"picked":"Compile Driver","floor":1},{"not_picked":["Beam Cell","Compile Driver"],"picked":"Storm","floor":3},{"not_picked":["Steam","Streamline","Darkness"],"picked":"SKIP","floor":5},{"not_picked":["Redo","Chill"],"picked":"Ball Lightning","floor":7},{"not_picked":["Redo+1","Melter"],"picked":"Fission+1","floor":12},{"not_picked":["Gash","Steam Power+1"],"picked":"Redo+1","floor":14},{"not_picked":["All For One","Hyperbeam"],"picked":"Echo Form","floor":16},{"not_picked":["Hologram+1"],"picked":"SKIP","floor":18},{"not_picked":["Streamline"],"picked":"SKIP","floor":20},{"not_picked":["Rebound"],"picked":"SKIP","floor":21},{"not_picked":["Beam Cell"],"picked":"SKIP","floor":24},{"not_picked":["Streamline"],"picked":"SKIP","floor":25},{"not_picked":["Gash+1"],"picked":"SKIP","floor":28},{"not_picked":["Leap+1"],"picked":"SKIP","floor":31},{"not_picked":["Genetic Algorithm+1"],"picked":"SKIP","floor":35},{"not_picked":["Stack+1"],"picked":"SKIP","floor":37},{"not_picked":["Compile Driver+1"],"picked":"SKIP","floor":39},{"not_picked":["Genetic Algorithm+1"],"picked":"SKIP","floor":40},{"not_picked":["Streamline"],"picked":"SKIP","floor":41},{"not_picked":["Stack+1"],"picked":"SKIP","floor":44},{"not_picked":["Gash+1"],"picked":"SKIP","floor":48}],"player_experience":213354,"potions_floor_usage":[12,16,21,24,25,25,33,33,33],"damage_taken":[{"damage":1,"enemies":"Cultist","floor":1,"turns":3},{"damage":0,"enemies":"2 Louse","floor":3,"turns":1},{"damage":0,"enemies":"Small Slimes","floor":5,"turns":2},{"damage":31,"enemies":"Lagavulin","floor":7,"turns":4},{"damage":6,"enemies":"Gremlin Nob","floor":12,"turns":3},{"damage":10,"enemies":"Exordium Thugs","floor":14,"turns":3},{"damage":41,"enemies":"The Guardian","floor":16,"turns":9},{"damage":0,"enemies":"Chosen","floor":18,"turns":3},{"damage":12,"enemies":"3 Byrds","floor":20,"turns":2},{"damage":10,"enemies":"Snake Plant","floor":21,"turns":3},{"damage":36,"enemies":"Slaver and Parasite","floor":24,"turns":4},{"damage":26,"enemies":"Centurion and Healer","floor":25,"turns":3},{"damage":0,"enemies":"3 Cultists","floor":28,"turns":2},{"damage":15,"enemies":"Snake Plant","floor":31,"turns":2},{"damage":39,"enemies":"Champ","floor":33,"turns":7},{"damage":11,"enemies":"3 Darklings","floor":35,"turns":2},{"damage":0,"enemies":"3 Shapes","floor":37,"turns":2},{"damage":11,"enemies":"3 Darklings","floor":39,"turns":2},{"damage":4,"enemies":"Sphere and 2 Shapes","floor":40,"turns":3},{"damage":10,"enemies":"Maw","floor":41,"turns":5},{"damage":11,"enemies":"3 Darklings","floor":44,"turns":2},{"damage":0,"enemies":"Sphere and 2 Shapes","floor":48,"turns":2},{"damage":85,"enemies":"Donu and Deca","floor":50,"turns":4}],"relics_obtained":[{"floor":7,"key":"Pantograph"},{"floor":9,"key":"Toxic Egg 2"},{"floor":10,"key":"Shuriken"},{"floor":12,"key":"Art of War"},{"floor":26,"key":"Orichalcum"},{"floor":43,"key":"Matryoshka"},{"floor":47,"key":"Bronze Scales"},{"floor":47,"key":"Bag of Preparation"}],"event_choices":[{"event_name":"Golden Idol","player_choice":"Take Damage","floor":2,"damage_taken":0},{"event_name":"Big Fish","player_choice":"Box","floor":13,"damage_taken":0},{"event_name":"Vampires","player_choice":"Ignored","floor":19,"damage_taken":0},{"event_name":"Nest","player_choice":"Stole From Cult","floor":22,"damage_taken":0},{"event_name":"Falling","player_choice":"Removed Attack","floor":36,"damage_taken":0},{"event_name":"The Woman in Blue","player_choice":"Bought 0 Potions","floor":38,"damage_taken":0},{"event_name":"Accursed Blacksmith","player_choice":"Forge","floor":46,"damage_taken":0}],"boss_relics":[{"not_picked":["Velvet Choker","Orrery"],"picked":"Busted Crown"},{"not_picked":["Runic Dome","Snecko Eye"],"picked":"Sozu"}],"items_purged_floors":[4,29,42],"potions_floor_spawned":[3,5,7,12,20,21,25,35,40,41],"seed_played":"-2409088256210812940","killed_by":"Donu and Deca","ascension_level":0,"potions_obtained":[{"floor":3,"key":"Regen Potion"},{"floor":5,"key":"Poison Potion"},{"floor":7,"key":"AttackPotion"},{"floor":12,"key":"SkillPotion"},{"floor":20,"key":"Energy Potion"},{"floor":21,"key":"LiquidBronze"},{"floor":25,"key":"GamblersBrew"}],"is_trial":false}