{"gold_per_floor":[112,125,125,125,138,173,17,17,17,17,28,28,53,70,70,165,165,177,195,210,227,2,29,47,47,47,62,81,112,112,127,127,231,231,249,2,15,15,27,56,56,90,90,106,124,153,153,168,168,168,168,168,19,48,48],"floor_reached":56,"playtime":4555,"items_purged":["Strike_R"],"score":1368,"play_id":"e34b03c8-af71-4f30-82cf-e087966198ff","local_time":"20190201183335","is_ascension_mode":false,"campfire_choices":[{"floor":10,"key":"REST"},{"data":"Havoc","floor":12,"key":"SMITH"},{"data":"Whirlwind","floor":15,"key":"SMITH"},{"floor":25,"key":"RECALL"},{"data":"Body Slam","floor":30,"key":"SMITH"},{"data":"Metallicize","floor":32,"key":"SMITH"},{"data":"Juggernaut","floor":41,"key":"SMITH"},{"floor":49,"key":"REST"},{"data":"Juggernaut","floor":52,"key":"SMITH"}],"neow_cost":"NONE","seed_source_timestamp":19717068794294,"circlet_count":0,"master_deck":["Strike_R+1","Strike_R","Strike_R+1","Defend_R","Defend_R","Defend_R+1","Defend_R","Bash","Shrug It Off","Havoc+1","Evolve","Armaments","Whirlwind+1","Shrug It Off+1","Shockwave+1","Juggernaut+1","True Grit+1","Shrug It Off+1","Uppercut+1","Warcry+1","Metallicize+1","Feed+1","Entrench+1","Shockwave+1","Body Slam+1","Reaper","Limit Break+1","Body Slam+1","Seeing Red+1","Shrug It Off+1","Dropkick+1","Juggernaut+1","Offering+1","Entrench+1","Inflame+1","Havoc+1","Shrug It Off+1","Metallicize+1","Shrug It Off+1","Havoc+1"],"relics":["Burning Blood","Red Skull","Lantern","Pen Nib","Toxic Egg 2","Mummified Hand","Black Star","PreservedInsect","Prayer Wheel","Regal Pillow","Kunai","Whetstone","Shuriken","Sozu","ClockworkSouvenir","Blood Vial","Pocketwatch","Boot","Anchor","Ginger","Orichalcum","Bag of Marbles","Bag of Preparation","Self Forming Clay"],"potions_floor_usage":[6,21,23,23,28,33,33,34],"damage_taken":[{"damage":6,"enemies":"Jaw Worm","floor":1,"turns":3},{"damage":8,"enemies":"2 Louse","floor":2,"turns":2},{"damage":6,"enemies":"Cultist","floor":5,"turns":3},{"damage":39,"enemies":"Lagavulin","floor":6,"turns":7},{"damage":10,"enemies":"Large Slime","floor":11,"turns":3},{"damage":18,"enemies":"3 Sentries","floor":13,"turns":5},{"damage":0,"enemies":"Lots of Slimes","floor":14,"turns":2},{"damage":36,"enemies":"Slime Boss","floor":16,"turns":10},{"damage":0,"enemies":"Shell Parasite","floor":18,"turns":3},{"damage":42,"enemies":"Spheric Guardian","floor":19,"turns":10},{"damage":16,"enemies":"Centurion and Healer","floor":20,"turns":9},{"damage":0,"enemies":"Snecko","floor":21,"turns":3},{"damage":0,"enemies":"Slavers","floor":23,"turns":2},{"damage":7,"enemies":"Snake Plant","floor":24,"turns":6},{"damage":12,"enemies":"Cultist and Chosen","floor":27,"turns":7},{"damage":0,"enemies":"3 Cultists","floor":28,"turns":5},{"damage":0,"enemies":"Gremlin Leader","floor":29,"turns":5},{"damage":2,"enemies":"Centurion and Healer","floor":31,"turns":6},{"damage":68,"enemies":"Automaton","floor":33,"turns":14},{"damage":6,"enemies":"Orb Walker","floor":35,"turns":5},{"damage":13,"enemies":"3 Darklings","floor":37,"turns":6},{"damage":28,"enemies":"Transient","floor":39,"turns":5},{"damage":15,"enemies":"Reptomancer","floor":40,"turns":5},{"damage":9,"enemies":"Giant Head","floor":42,"turns":5},{"damage":26,"enemies":"Maw","floor":44,"turns":8},{"damage":18,"enemies":"Writhing Mass","floor":45,"turns":3},{"damage":25,"enemies":"Reptomancer","floor":46,"turns":5},{"damage":10,"enemies":"Spire Growth","floor":48,"turns":5},{"damage":39,"enemies":"Donu and Deca","floor":50,"turns":9},{"damage":16,"enemies":"Shield and Spear","floor":54,"turns":5},{"damage":48,"enemies":"The Heart","floor":55,"turns":8}],"seed_played":"-1181506761392625751","potions_obtained":[{"floor":2,"key":"Weak Potion"},{"floor":6,"key":"SteroidPotion"},{"floor":11,"key":"SteroidPotion"},{"floor":20,"key":"Block Potion"},{"floor":21,"key":"Dexterity Potion"},{"floor":24,"key":"Weak Potion"},{"floor":27,"key":"SpeedPotion"},{"floor":33,"key":"Fruit Juice"}],"is_trial":false,"path_per_floor":["M","M","?","?","M","E","$","?","T","R","M","R","E","M","R","B",null,"M","M","M","M","$","E","M","R","T","M","M","E","R","M","R","B",null,"M","$","M","?","M","E","R","E","T","M","M","E","?","M","R","B",null,"R","$","E","B",null],"character_chosen":"IRONCLAD","items_purchased":["Lantern","PreservedInsect","ClockworkSouvenir","Shrug It Off+1","Bag of Marbles"],"campfire_rested":2,"item_purchase_floors":[7,22,36,36,53],"current_hp_per_floor":[88,86,68,61,61,28,28,28,28,54,50,50,38,44,44,14,88,88,52,42,48,48,54,53,53,53,47,56,62,62,66,66,28,96,96,96,89,89,73,64,64,73,73,65,55,38,38,50,93,80,95,95,95,85,45],"gold":48,"neow_bonus":"TEN_PERCENT_HP_BONUS","is_prod":false,"is_daily":false,"chose_seed":false,"campfire_upgraded":6,"win_rate":0,"timestamp":1549074815,"path_taken":["M","M","?","?","M","E","$","?","T","R","M","R","E","M","R","BOSS","M","M","M","M","$","E","M","R","T","M","M","E","R","M","R","BOSS","M","$","M","?","M","E","R","E","T","M","M","E","?","?","R","BOSS","R","$","E","BOSS"],"build_version":"2019-01-23","purchased_purges":1,"victory":true,"max_hp_per_floor":[88,88,88,88,88,88,88,88,88,88,88,88,88,88,88,88,88,88,88,88,88,88,88,88,88,88,88,91,91,91,91,91,91,96,96,96,96,91,91,91,91,91,91,91,91,91,91,95,95,95,95,95,95,95,95],"card_choices":[{"not_picked":["Thunderclap","Cleave"],"picked":"Shrug It Off","floor":1},{"not_picked":["Infernal Blade","Clash"],"picked":"Havoc","floor":2},{"not_picked":["Rampage","Wild Strike"],"picked":"Evolve","floor":5},{"not_picked":["Cleave","Brutality"],"picked":"Armaments","floor":6},{"not_picked":["Combust","Sword Boomerang"],"picked":"Whirlwind","floor":11},{"not_picked":["Perfected Strike","Battle Trance+1"],"picked":"Shrug It Off+1","floor":13},{"not_picked":["Carnage","Intimidate+1"],"picked":"Shockwave+1","floor":14},{"not_picked":["Berserk","Fiend Fire"],"picked":"Juggernaut","floor":16},{"not_picked":["Perfected Strike","Spot Weakness+1"],"picked":"True Grit+1","floor":18},{"not_picked":["Havoc+1","Flex+1"],"picked":"Shrug It Off+1","floor":19},{"not_picked":["Pommel Strike+1","Armaments+1"],"picked":"Uppercut+1","floor":20},{"not_picked":["Pummel","Dual Wield+1"],"picked":"Warcry+1","floor":21},{"not_picked":["Spot Weakness+1","Power Through+1","Dual Wield+1"],"picked":"SKIP","floor":23},{"not_picked":["Clash","Shrug It Off+1"],"picked":"Metallicize","floor":24},{"not_picked":["Clothesline","Heavy Blade","Iron Wave+1"],"picked":"SKIP","floor":24},{"not_picked":["Infernal Blade+1","Armaments+1"],"picked":"Feed","floor":27},{"not_picked":["Evolve","Uppercut","Anger"],"picked":"SKIP","floor":27},{"not_picked":["Heavy Blade","Havoc+1"],"picked":"Entrench+1","floor":28},{"not_picked":["Disarm+1","Body Slam"],"picked":"Shockwave+1","floor":28},{"not_picked":["Fire Breathing","Heavy Blade"],"picked":"Body Slam","floor":29},{"not_picked":["Flex+1","Anger"],"picked":"Reaper","floor":31},{"not_picked":["Sword Boomerang","Pommel Strike","Whirlwind+1"],"picked":"SKIP","floor":31},{"not_picked":["Dark Embrace","Berserk"],"picked":"Limit Break+1","floor":33},{"not_picked":["Uppercut+1","Perfected Strike"],"picked":"Body Slam+1","floor":35},{"not_picked":["Iron Wave+1","Clash+1"],"picked":"Seeing Red+1","floor":35},{"not_picked":["Clothesline","Sword Boomerang"],"picked":"Dropkick+1","floor":37},{"not_picked":["Clothesline","Blood for Blood"],"picked":"Juggernaut","floor":37},{"not_picked":["Sword Boomerang+1","Body Slam","Intimidate+1"],"picked":"SKIP","floor":39},{"not_picked":["Power Through+1","Wild Strike+1","Rampage"],"picked":"SKIP","floor":39},{"not_picked":["Entrench+1","Feel No Pain"],"picked":"Offering+1","floor":40},{"not_picked":["Heavy Blade","Exhume+1"],"picked":"Entrench+1","floor":42},{"not_picked":["Heavy Blade","Twin Strike+1"],"picked":"Inflame+1","floor":44},{"not_picked":["Iron Wave+1","Rupture","Sever Soul+1"],"picked":"SKIP","floor":44},{"not_picked":["Flex+1","Perfected Strike+1"],"picked":"Havoc+1","floor":45},{"not_picked":["Infernal Blade+1","Warcry+1"],"picked":"Shrug It Off+1","floor":45},{"not_picked":["Anger+1","Shockwave+1","Reaper"],"picked":"SKIP","floor":46},{"not_picked":["Anger","Thunderclap+1"],"picked":"Shrug It Off+1","floor":48},{"not_picked":["Clothesline","Flex+1","Reckless Charge+1"],"picked":"SKIP","floor":48},{"not_picked":["Rupture","Clothesline"],"picked":"Havoc+1","floor":54}],"player_experience":231593,"relics_obtained":[{"floor":6,"key":"Red Skull"},{"floor":8,"key":"Pen Nib"},{"floor":9,"key":"Toxic Egg 2"},{"floor":13,"key":"Mummified Hand"},{"floor":23,"key":"Prayer Wheel"},{"floor":23,"key":"Regal Pillow"},{"floor":26,"key":"Kunai"},{"floor":29,"key":"Whetstone"},{"floor":29,"key":"Shuriken"},{"floor":40,"key":"Blood Vial"},{"floor":40,"key":"Pocketwatch"},{"floor":42,"key":"Boot"},{"floor":42,"key":"Anchor"},{"floor":46,"key":"Ginger"},{"floor":46,"key":"Orichalcum"},{"floor":54,"key":"Bag of Preparation"},{"floor":54,"key":"Self Forming Clay"}],"event_choices":[{"damage_healed":0,"gold_gain":0,"player_choice":"Entered Light","damage_taken":18,"max_hp_gain":0,"max_hp_loss":0,"event_name":"Shining Light","floor":3,"gold_loss":0,"cards_upgraded":["Defend_R","Strike_R"]},{"cards_removed":["Strike_R"],"damage_healed":0,"gold_gain":0,"player_choice":"Card Removal","damage_taken":7,"max_hp_gain":0,"max_hp_loss":0,"event_name":"Golden Wing","floor":4,"gold_loss":0},{"damage_healed":0,"gold_gain":0,"player_choice":"Relic","damage_taken":0,"max_hp_gain":0,"max_hp_loss":0,"event_name":"Wheel of Change","floor":8,"gold_loss":0},{"damage_healed":0,"gold_gain":0,"player_choice":"Max HP","damage_taken":0,"max_hp_gain":0,"max_hp_loss":5,"event_name":"Winding Halls","floor":38,"gold_loss":0},{"damage_healed":0,"gold_gain":0,"player_choice":"Copied","damage_taken":0,"max_hp_gain":0,"max_hp_loss":0,"event_name":"Duplicator","floor":47,"gold_loss":0,"cards_obtained":["Metallicize"]}],"is_beta":false,"boss_relics":[{"not_picked":["Mark of Pain","Orrery"],"picked":"Black Star"},{"not_picked":["Tiny House","Coffee Dripper"],"picked":"Sozu"}],"items_purged_floors":[22],"is_endless":false,"potions_floor_spawned":[2,6,11,20,21,24,27,33,35,37,42,45,46],"ascension_level":0}