{"gold_per_floor":[112,129,141,141,151,161,177,177,204,204,5,5,16,27,27,125,125,145,70,70,70,0,0,0,0,24,34,34,47,78,98,98,98],"floor_reached":33,"playtime":14957,"items_purged":["Defend_R"],"score":259,"play_id":"40ea1fe4-8f5b-48db-b206-ce91307722f0","local_time":"20181021181212","is_ascension_mode":false,"campfire_choices":[{"floor":10,"key":"REST"},{"floor":12,"key":"REST"},{"data":"Fire Breathing","floor":15,"key":"SMITH"},{"floor":23,"key":"REST"},{"data":"Combust","floor":25,"key":"SMITH"},{"data":"Armaments","floor":28,"key":"SMITH"},{"floor":32,"key":"REST"}],"neow_cost":"PERCENT_DAMAGE","seed_source_timestamp":851918316115793,"circlet_count":0,"master_deck":["Strike_R","Strike_R","Strike_R","Bash","Bloodletting","Feed","Combust+1","Anger","Anger","Fire Breathing+1","Sword Boomerang","Perfected Strike","Iron Wave","Pommel Strike","Reaper","Thunderclap","Armaments+1","Clothesline+1","Anger","Cleave"],"relics":["Burning Blood","Blood Vial","Toy Ornithopter","Empty Cage","Bronze Scales","Art of War"],"potions_floor_usage":[5,14,16,29,30,31],"damage_taken":[{"damage":1,"enemies":"Cultist","floor":1,"turns":3},{"damage":11,"enemies":"Jaw Worm","floor":2,"turns":3},{"damage":11,"enemies":"2 Louse","floor":3,"turns":3},{"damage":13,"enemies":"Red Slaver","floor":5,"turns":2},{"damage":25,"enemies":"Gremlin Gang","floor":6,"turns":3},{"damage":22,"enemies":"2 Fungi Beasts","floor":7,"turns":3},{"damage":16,"enemies":"Exordium Wildlife","floor":13,"turns":3},{"damage":13,"enemies":"3 Louse","floor":14,"turns":3},{"damage":49,"enemies":"Hexaghost","floor":16,"turns":7},{"damage":48,"enemies":"Shell Parasite","floor":18,"turns":5},{"damage":7,"enemies":"Spheric Guardian","floor":27,"turns":3},{"damage":15,"enemies":"3 Cultists","floor":29,"turns":3},{"damage":39,"enemies":"Gremlin Leader","floor":30,"turns":7},{"damage":24,"enemies":"Cultist and Chosen","floor":31,"turns":4},{"damage":72,"enemies":"Champ","floor":33,"turns":9}],"seed_played":"-5146989469181745023","potions_obtained":[{"floor":3,"key":"Fire Potion"},{"floor":7,"key":"Energy Potion"},{"floor":13,"key":"LiquidBronze"},{"floor":14,"key":"AttackPotion"},{"floor":27,"key":"Explosive Potion"},{"floor":29,"key":"EssenceOfSteel"}],"is_trial":false,"path_per_floor":["M","M","M","?","M","M","M","?","T","R","$","R","M","M","R","B",null,"M","$","?","?","?","R","$","R","T","M","R","M","E","M","R"],"character_chosen":"IRONCLAD","items_purchased":["Toy Ornithopter"],"campfire_rested":4,"item_purchase_floors":[11],"current_hp_per_floor":[64,59,54,46,39,23,7,7,7,32,32,57,52,52,52,16,89,47,47,30,30,30,58,58,58,58,59,59,65,49,48,76,10],"gold":98,"neow_bonus":"TRANSFORM_TWO_CARDS","is_prod":false,"is_daily":false,"chose_seed":false,"campfire_upgraded":3,"win_rate":0.0,"timestamp":1540098732,"path_taken":["M","M","?","?","M","?","?","?","T","R","$","R","M","M","R","BOSS","M","$","?","?","?","R","$","R","T","M","R","M","E","M","R","BOSS"],"build_version":"2018-10-18","purchased_purges":1,"victory":false,"max_hp_per_floor":[83,83,83,83,83,86,86,86,86,86,86,86,89,89,89,89,89,89,89,94,94,94,94,94,94,94,94,94,94,94,94,94,94],"card_choices":[{"not_picked":["Clothesline","Pommel Strike"],"picked":"Combust","floor":1},{"not_picked":["Uppercut","Battle Trance"],"picked":"Anger","floor":2},{"not_picked":["Body Slam","Clash"],"picked":"Anger","floor":3},{"not_picked":["Perfected Strike","Exhume"],"picked":"Fire Breathing","floor":5},{"not_picked":["Perfected Strike","Cleave"],"picked":"Sword Boomerang","floor":6},{"not_picked":["Bloodletting","Second Wind","Carnage"],"picked":"SKIP","floor":7},{"not_picked":["Hemokinesis","Disarm"],"picked":"Iron Wave","floor":13},{"not_picked":["Dropkick","Clothesline"],"picked":"Pommel Strike","floor":14},{"not_picked":["Impervious","Exhume"],"picked":"Reaper","floor":16},{"not_picked":["Evolve","True Grit"],"picked":"Thunderclap","floor":18},{"not_picked":["Havoc","Wild Strike"],"picked":"Armaments","floor":27},{"not_picked":["Cleave","Spot Weakness"],"picked":"Clothesline+1","floor":29},{"not_picked":["Berserk","Hemokinesis+1"],"picked":"Anger","floor":30},{"not_picked":["Sever Soul","Fire Breathing"],"picked":"Cleave","floor":31}],"player_experience":160642,"relics_obtained":[{"floor":9,"key":"Blood Vial"},{"floor":26,"key":"Bronze Scales"},{"floor":30,"key":"Art of War"}],"event_choices":[{"damage_healed":0,"gold_gain":0,"player_choice":"Damaged","damage_taken":8,"max_hp_gain":0,"max_hp_loss":0,"event_name":"Wheel of Change","floor":4,"gold_loss":0},{"damage_healed":0,"gold_gain":0,"player_choice":"1 cards matched","damage_taken":0,"max_hp_gain":0,"max_hp_loss":0,"event_name":"Match and Keep!","floor":8,"gold_loss":0,"cards_obtained":["Perfected Strike"]},{"damage_healed":0,"gold_gain":0,"player_choice":"Shed Blood","damage_taken":22,"max_hp_gain":5,"max_hp_loss":0,"event_name":"Forgotten Altar","floor":20,"gold_loss":0},{"cards_removed":["Strike_R"],"damage_healed":0,"gold_gain":0,"player_choice":"Elegance","damage_taken":0,"max_hp_gain":0,"max_hp_loss":0,"event_name":"Back to Basics","floor":21,"gold_loss":0},{"damage_healed":0,"gold_gain":0,"player_choice":"Paid Fearfully","damage_taken":0,"max_hp_gain":0,"max_hp_loss":0,"event_name":"Masked Bandits","floor":22,"gold_loss":70}],"is_beta":false,"boss_relics":[{"not_picked":["Runic Dome","Orrery"],"picked":"Empty Cage"}],"items_purged_floors":[19],"is_endless":false,"potions_floor_spawned":[3,7,13,14,27,29],"killed_by":"Champ","ascension_level":0}