{"gold_per_floor":[164,64,75,87,100,100,115,115,169,226,244,260,260,286,286,363,363,379,329,299],"floor_reached":20,"playtime":685,"items_purged":[],"score":308,"play_id":"f079db2f-6851-4f04-beb8-149745b9f443","local_time":"20180722210753","is_ascension_mode":true,"campfire_choices":[{"data":"Loop","floor":6,"key":"SMITH"},{"data":"Doom and Gloom","floor":8,"key":"SMITH"},{"floor":13,"key":"REST"},{"data":"Hologram","floor":15,"key":"SMITH"}],"neow_cost":"NONE","seed_source_timestamp":203096217534224,"circlet_count":0,"master_deck":["Strike_B","Strike_B","Strike_B","Strike_B","Defend_B","Defend_B+1","Defend_B","Defend_B","Zap","Dualcast","AscendersBane","Ball Lightning","Cold Snap","Leap","Doom and Gloom+1","Loop+1","Glacier","Coolheaded","Hologram+1","Loop","Leap","FTL","Echo Form","Stack"],"relics":["Tiny House","Tiny Chest","Regal Pillow","Orichalcum","Cursed Key"],"potions_floor_usage":[16],"damage_taken":[{"damage":5,"enemies":"2 Louse","floor":1,"turns":3},{"damage":0,"enemies":"Jaw Worm","floor":3,"turns":4},{"damage":1,"enemies":"Small Slimes","floor":4,"turns":3},{"damage":5,"enemies":"3 Louse","floor":5,"turns":3},{"damage":14,"enemies":"Exordium Thugs","floor":7,"turns":4},{"damage":12,"enemies":"Lagavulin Event","floor":10,"turns":6},{"damage":0,"enemies":"Red Slaver","floor":11,"turns":6},{"damage":8,"enemies":"Exordium Wildlife","floor":12,"turns":5},{"damage":19,"enemies":"Lagavulin","floor":14,"turns":9},{"damage":8,"enemies":"The Guardian","floor":16,"turns":10},{"damage":18,"enemies":"Shell Parasite","floor":18,"turns":5},{"damage":8,"enemies":"2 Thieves","floor":20,"turns":2}],"seed_played":"3684048618419255894","potions_obtained":[{"floor":0,"key":"FearPotion"},{"floor":4,"key":"Explosive Potion"},{"floor":16,"key":"Poison Potion"}],"is_trial":false,"path_per_floor":["M","$","M","M","M","R","M","R","T","?","M","M","R","E","R","B",null,"M","?"],"character_chosen":"DEFECT","items_purchased":["Leap","Doom and Gloom"],"campfire_rested":1,"item_purchase_floors":[2,2],"current_hp_per_floor":[64,64,64,63,58,58,44,44,44,32,32,24,61,42,42,34,66,48,48,40],"gold":299,"neow_bonus":"BOSS_RELIC","is_prod":false,"is_daily":false,"chose_seed":false,"campfire_upgraded":3,"win_rate":0,"timestamp":1532318873,"path_taken":["M","$","M","M","M","R","M","R","T","?","M","M","R","E","R","BOSS","M","?","M"],"build_version":"2018-07-19","purchased_purges":0,"victory":false,"max_hp_per_floor":[76,76,76,76,76,76,76,76,76,76,76,76,76,76,76,76,76,76,76,76],"card_choices":[{"not_picked":["Heatsinks","Steam"],"picked":"Ball Lightning","floor":0},{"not_picked":["Rebound","Leap"],"picked":"Cold Snap","floor":1},{"not_picked":["Conserve Battery","Hello World"],"picked":"Loop","floor":3},{"not_picked":["Recycle","Skim"],"picked":"Glacier","floor":5},{"not_picked":["Go for the Eyes","Sweeping Beam"],"picked":"Coolheaded","floor":7},{"not_picked":["Leap","Cold Snap"],"picked":"Hologram","floor":10},{"not_picked":["Tempest","Barrage"],"picked":"Loop","floor":11},{"not_picked":["Barrage","Steam"],"picked":"Leap","floor":12},{"not_picked":["Consume","Static Discharge"],"picked":"FTL","floor":14},{"not_picked":["Biased Cognition","Amplify"],"picked":"Echo Form","floor":16},{"not_picked":["Turbo","Hologram"],"picked":"Stack","floor":18}],"player_experience":686080,"relics_obtained":[{"floor":9,"key":"Tiny Chest"},{"floor":14,"key":"Orichalcum"}],"event_choices":[{"event_name":"Dead Adventurer","player_choice":"Searched \u00272\u0027 times","floor":10,"damage_taken":0},{"event_name":"The Joust","player_choice":"Bet on Owner","floor":19,"damage_taken":0}],"is_beta":true,"boss_relics":[{"not_picked":["Calling Bell","Fusion Hammer"],"picked":"Cursed Key"}],"items_purged_floors":[],"is_endless":false,"potions_floor_spawned":[4,7,10,10,16,18],"killed_by":"2 Thieves","ascension_level":15}