{"gold_per_floor":[110,122,122,142,152,182,182,202,226,226,226,260,220,231,231,333,333,345,260,260,279,295,295,295,324,324,324,423,337,349,373,373,469,469,488,488,501,501,520,537,537],"floor_reached":41,"playtime":3976,"items_purged":[],"score":448,"play_id":"19fcec73-9ab0-431a-9628-4e3b39da04f5","local_time":"20190106182312","is_ascension_mode":false,"campfire_choices":[{"data":"Doom and Gloom","floor":7,"key":"SMITH"},{"floor":15,"key":"REST"},{"floor":23,"key":"REST"},{"floor":27,"key":"REST"},{"floor":32,"key":"REST"}],"neow_cost":"NONE","seed_source_timestamp":1535948187627318,"circlet_count":0,"master_deck":["Strike_B","Strike_B","Strike_B","Strike_B","Defend_B","Defend_B","Defend_B","Defend_B","Zap+1","Dualcast","Streamline","Barrage","Ball Lightning+1","BootSequence+1","Doom and Gloom+1","Storm","Static Discharge","Fusion","Thunder Strike","Cold Snap","Redo+1","Leap","Coolheaded","Enlightenment","Chaos+1","Ball Lightning","Cold Snap+1","Gash","Ball Lightning+1"],"relics":["Cracked Core","Blood Vial","Lantern","Strawberry","Philosopher\u0027s Stone","Anchor","Nilry\u0027s Codex","Centennial Puzzle","Letter Opener","Vajra","Inserter"],"potions_floor_usage":[6,6,6,6,6,16,16,16,22,33,33],"damage_taken":[{"damage":14,"enemies":"Jaw Worm","floor":1,"turns":4},{"damage":0,"enemies":"Small Slimes","floor":2,"turns":2},{"damage":0,"enemies":"Cultist","floor":4,"turns":3},{"damage":10,"enemies":"Looter","floor":5,"turns":3},{"damage":9,"enemies":"Lagavulin","floor":6,"turns":4},{"damage":4,"enemies":"Blue Slaver","floor":8,"turns":3},{"damage":21,"enemies":"Gremlin Nob","floor":12,"turns":4},{"damage":0,"enemies":"3 Louse","floor":14,"turns":2},{"damage":22,"enemies":"Hexaghost","floor":16,"turns":6},{"damage":21,"enemies":"2 Thieves","floor":18,"turns":3},{"damage":22,"enemies":"Spheric Guardian","floor":21,"turns":4},{"damage":25,"enemies":"3 Cultists","floor":22,"turns":4},{"damage":46,"enemies":"Gremlin Leader","floor":25,"turns":7},{"damage":0,"enemies":"Centurion and Healer","floor":30,"turns":4},{"damage":78,"enemies":"Champ","floor":33,"turns":9},{"damage":3,"enemies":"3 Shapes","floor":35,"turns":3},{"damage":16,"enemies":"Orb Walker","floor":37,"turns":4},{"damage":35,"enemies":"3 Darklings","floor":39,"turns":4},{"damage":17,"enemies":"Transient","floor":40,"turns":5},{"damage":58,"enemies":"Writhing Mass","floor":41,"turns":4}],"seed_played":"4516988121192608023","potions_obtained":[{"floor":4,"key":"Poison Potion"},{"floor":5,"key":"EntropicBrew"},{"floor":13,"key":"Poison Potion"},{"floor":13,"key":"FocusPotion"},{"floor":13,"key":"SpeedPotion"},{"floor":14,"key":"SteroidPotion"},{"floor":18,"key":"LiquidBronze"},{"floor":21,"key":"AttackPotion"},{"floor":30,"key":"Regen Potion"},{"floor":37,"key":"SneckoOil"}],"is_trial":false,"path_per_floor":["M","M","$","M","M","E","R","M","T","?","?","E","?","M","R","B",null,"M","?","?","M","M","R","?","E","T","R","?","$","M","T","R","B",null,"M","?","M","?","M","M","M"],"character_chosen":"DEFECT","items_purchased":["Enlightenment"],"campfire_rested":4,"item_purchase_floors":[29],"current_hp_per_floor":[68,68,68,68,58,49,49,47,47,31,31,19,19,21,47,27,89,68,68,52,32,9,35,64,20,20,46,46,46,48,48,74,13,89,86,86,72,99,64,49,0],"gold":537,"neow_bonus":"TEN_PERCENT_HP_BONUS","is_prod":false,"is_daily":false,"chose_seed":false,"campfire_upgraded":1,"win_rate":0.0,"timestamp":1546798992,"path_taken":["M","M","$","M","M","E","R","M","T","?","?","E","?","M","R","BOSS","M","?","?","M","M","R","?","E","T","R","?","$","M","?","R","BOSS","M","?","M","?","M","M","M"],"build_version":"2019-01-03v4","purchased_purges":0,"victory":false,"max_hp_per_floor":[82,82,82,82,82,82,82,82,82,82,82,89,89,89,89,89,89,89,89,89,89,89,89,89,89,89,89,89,89,89,89,89,89,89,89,89,89,99,99,99,99],"card_choices":[{"not_picked":["Conserve Battery","Self Repair"],"picked":"Streamline","floor":1},{"not_picked":["Genetic Algorithm","Rip and Tear"],"picked":"Barrage","floor":2},{"not_picked":["Compile Driver","Force Field"],"picked":"Ball Lightning","floor":4},{"not_picked":["Beam Cell","Steam Power"],"picked":"BootSequence","floor":5},{"not_picked":["Stack","All For One"],"picked":"Doom and Gloom","floor":6},{"not_picked":["Steam Power","Streamline"],"picked":"Storm","floor":8},{"not_picked":["Streamline","Reprogram"],"picked":"Static Discharge","floor":12},{"not_picked":["Compile Driver","Go for the Eyes"],"picked":"Fusion","floor":14},{"not_picked":["Seek","Multi-Cast"],"picked":"Thunder Strike","floor":16},{"not_picked":["Gash","Leap"],"picked":"Cold Snap","floor":18},{"not_picked":["Leap+1","Steam Power+1"],"picked":"Redo+1","floor":21},{"not_picked":["Steam","Streamline"],"picked":"Leap","floor":22},{"not_picked":["Seek","Gash"],"picked":"Coolheaded","floor":25},{"not_picked":["Compile Driver+1","Loop"],"picked":"Chaos+1","floor":30},{"not_picked":["Amplify","Creative AI"],"picked":"Biased Cognition","floor":33},{"not_picked":["Redo","Tempest"],"picked":"Ball Lightning","floor":35},{"not_picked":["Hologram","Leap+1"],"picked":"Cold Snap+1","floor":37},{"not_picked":["Steam Power","Hello World"],"picked":"Gash","floor":39},{"not_picked":["Steam+1","Cold Snap"],"picked":"Ball Lightning+1","floor":40}],"player_experience":2440,"relics_obtained":[{"floor":6,"key":"Blood Vial"},{"floor":9,"key":"Lantern"},{"floor":12,"key":"Strawberry"},{"floor":20,"key":"Nilry\u0027s Codex"},{"floor":25,"key":"Centennial Puzzle"},{"floor":26,"key":"Letter Opener"},{"floor":31,"key":"Vajra"}],"event_choices":[{"damage_healed":0,"gold_gain":0,"player_choice":"Entered Light","damage_taken":16,"max_hp_gain":0,"max_hp_loss":0,"event_name":"Shining Light","floor":10,"gold_loss":0,"cards_upgraded":["Zap","Ball Lightning"]},{"damage_healed":0,"gold_gain":0,"player_choice":"Grow","damage_taken":0,"max_hp_gain":0,"max_hp_loss":0,"event_name":"Living Wall","floor":11,"gold_loss":0,"cards_upgraded":["BootSequence"]},{"damage_healed":0,"gold_gain":0,"player_choice":"Bought 3 Potions","damage_taken":0,"max_hp_gain":0,"max_hp_loss":0,"event_name":"The Woman in Blue","floor":13,"gold_loss":0},{"damage_healed":0,"gold_gain":0,"player_choice":"Obtained Relic","damage_taken":0,"relics_obtained":["Anchor"],"max_hp_gain":0,"max_hp_loss":0,"event_name":"Addict","floor":19,"gold_loss":85},{"damage_healed":0,"gold_gain":0,"player_choice":"Obtained Book","damage_taken":16,"max_hp_gain":0,"max_hp_loss":0,"event_name":"Cursed Tome","floor":20,"gold_loss":0},{"damage_healed":29,"gold_gain":0,"player_choice":"Heal","damage_taken":0,"max_hp_gain":0,"max_hp_loss":0,"event_name":"The Library","floor":24,"gold_loss":0},{"damage_healed":0,"gold_gain":99,"player_choice":"Stole From Cult","damage_taken":0,"max_hp_gain":0,"max_hp_loss":0,"event_name":"Nest","floor":28,"gold_loss":0},{"damage_healed":0,"gold_gain":0,"player_choice":"Ignored","damage_taken":0,"max_hp_gain":0,"max_hp_loss":0,"event_name":"Tomb of Lord Red Mask","floor":36,"gold_loss":0},{"cards_removed":["Biased Cognition"],"damage_healed":17,"gold_gain":0,"player_choice":"Offered Rare","damage_taken":0,"max_hp_gain":10,"max_hp_loss":0,"event_name":"Bonfire Elementals","floor":38,"gold_loss":0}],"is_beta":false,"boss_relics":[{"not_picked":["Snecko Eye","Cursed Key"],"picked":"Philosopher\u0027s Stone"},{"not_picked":["Runic Dome","Fusion Hammer"],"picked":"Inserter"}],"items_purged_floors":[],"is_endless":false,"potions_floor_spawned":[4,5,14,18,21,30,37],"killed_by":"Writhing Mass","ascension_level":0}