{"gold_per_floor":[118,118,136,156,70,101,101,26,80,113,78,88,88,105,105,209,209,197,214,14,14,28,28,41,41,41,60,159,159,8,26,26,129,129,139,139],"floor_reached":36,"playtime":2520,"items_purged":[],"score":374,"play_id":"dc2d9238-0315-439f-85f4-20602a3c085c","local_time":"20190105115556","is_ascension_mode":false,"campfire_choices":[{"floor":7.0,"key":"REST"},{"floor":13.0,"key":"REST"},{"data":"Creative AI","floor":15.0,"key":"SMITH"},{"floor":25,"key":"REST"},{"floor":32,"key":"REST"}],"neow_cost":"NONE","seed_source_timestamp":0,"circlet_count":0,"master_deck":["Zap","Dualcast","Redo+1","Self Repair","Consume","Hello World","Sweeping Beam","Genetic Algorithm","Buffer","Creative AI+1","Glacier","Multi-Cast","Beam Cell","Sunder","Self Repair","Rip and Tear","Machine Learning","Rainbow","Steam Power","Thunder Strike","Steam","Rebound","Conserve Battery","Ball Lightning","Conserve Battery","Rainbow","Core Surge","Static Discharge+1","Turbo+1","Defragment","Double Energy","Conserve Battery"],"special_seed":0,"relics":["Cracked Core","NeowsBlessing","Juzu Bracelet","DataDisk","Bottled Flame","Pandora\u0027s Box","Medical Kit","Ice Cream","Orrery"],"potions_floor_usage":[22,24,33,35,36],"damage_taken":[{"damage":0.0,"enemies":"Cultist","floor":1.0,"turns":1.0},{"damage":0.0,"enemies":"Small Slimes","floor":3.0,"turns":1.0},{"damage":0.0,"enemies":"2 Louse","floor":4.0,"turns":1.0},{"damage":52.0,"enemies":"3 Sentries","floor":6.0,"turns":6.0},{"damage":36.0,"enemies":"Lagavulin","floor":10.0,"turns":6.0},{"damage":10.0,"enemies":"2 Fungi Beasts","floor":12.0,"turns":4.0},{"damage":6.0,"enemies":"3 Louse","floor":14.0,"turns":2.0},{"damage":31.0,"enemies":"Hexaghost","floor":16.0,"turns":13.0},{"damage":30.0,"enemies":"2 Thieves","floor":18.0,"turns":4.0},{"damage":12,"enemies":"3 Byrds","floor":19,"turns":6},{"damage":37,"enemies":"Centurion and Healer","floor":22,"turns":6},{"damage":30,"enemies":"Snecko","floor":24,"turns":5},{"damage":39,"enemies":"Shelled Parasite and Fungi","floor":27,"turns":6},{"damage":29,"enemies":"Centurion and Healer","floor":31,"turns":9},{"damage":43,"enemies":"Champ","floor":33,"turns":14},{"damage":25,"enemies":"3 Shapes","floor":35,"turns":4},{"damage":52,"enemies":"2 Orb Walkers","floor":36,"turns":4}],"seed_played":"-8672862414924862819","potions_obtained":[{"floor":4.0,"key":"SpeedPotion"},{"floor":6.0,"key":"Energy Potion"},{"floor":12.0,"key":"Explosive Potion"},{"floor":16.0,"key":"Ancient Potion"},{"floor":19,"key":"AttackPotion"},{"floor":22,"key":"PowerPotion"},{"floor":33,"key":"Fire Potion"},{"floor":35,"key":"SpeedPotion"}],"is_trial":false,"path_per_floor":["M","?","M","M","$","E","R","$","T","E","?","M","R","M","R","B",null,"M","M","$","?","M","?","M","R","T","M","?","?","$","M","R","B",null,"M","?"],"character_chosen":"DEFECT","items_purchased":["Hello World","Sweeping Beam","Buffer","Medical Kit","Rainbow"],"campfire_rested":4,"item_purchase_floors":[5,5,8,20,30],"current_hp_per_floor":[75,75,75,75,75,30,52,52,52,23,41,38,60,54,54,23,75,59,61,61,61,38,63,40,62,62,37,37,37,37,22,44,8,75,64,12],"gold":139,"neow_bonus":"THREE_ENEMY_KILL","is_prod":false,"is_daily":false,"chose_seed":false,"campfire_upgraded":1,"win_rate":0,"timestamp":1546642556,"path_taken":["M","?","M","?","$","E","R","$","T","E","?","M","R","M","R","BOSS","M","M","$","?","M","?","M","R","T","M","?","?","$","M","R","BOSS","M","?"],"build_version":"2019-01-03v4","purchased_purges":0,"victory":false,"max_hp_per_floor":[75,75,75,75,75,75,75,75,75,75,75,75,75,75,75,75,75,75,75,75,75,75,75,75,75,75,75,75,75,75,75,75,75,75,75,75],"card_choices":[{"not_picked":["Conserve Battery","Blizzard"],"picked":"Redo","floor":1.0},{"not_picked":["Beam Cell","Coolheaded"],"picked":"Self Repair","floor":3.0},{"not_picked":["Fusion","Rebound"],"picked":"Consume","floor":4.0},{"not_picked":["Doom and Gloom","Consume"],"picked":"Genetic Algorithm","floor":6.0},{"not_picked":["Compile Driver","Streamline"],"picked":"Creative AI","floor":10.0},{"not_picked":["Rip and Tear","Recycle","Compile Driver"],"picked":"SKIP","floor":12.0},{"not_picked":["Skim","Redo"],"picked":"Glacier","floor":14.0},{"not_picked":["Creative AI","Amplify"],"picked":"Multi-Cast","floor":16.0},{"not_picked":["Glacier+1","Compile Driver+1"],"picked":"Steam","floor":18.0},{"not_picked":["Stack","Redo"],"picked":"Rebound","floor":19},{"not_picked":["Compile Driver","Glacier"],"picked":"Conserve Battery","floor":22},{"not_picked":["Hello World","Barrage"],"picked":"Ball Lightning","floor":24},{"not_picked":["Reprogram+1","Ball Lightning"],"picked":"Conserve Battery","floor":27},{"not_picked":["Cold Snap","Streamline+1","Leap"],"picked":"SKIP","floor":31},{"not_picked":["Rainbow","Creative AI"],"picked":"Core Surge","floor":33},{"not_picked":["Conserve Battery","Chaos"],"picked":"Static Discharge+1","floor":34},{"not_picked":["FTL","White Noise"],"picked":"Turbo+1","floor":34},{"not_picked":["Stack","Storm"],"picked":"Defragment","floor":34},{"not_picked":["Barrage","Leap+1"],"picked":"Double Energy","floor":34},{"not_picked":["Coolheaded","Streamline"],"picked":"Conserve Battery","floor":34},{"not_picked":["Force Field","Turbo+1","Steam"],"picked":"SKIP","floor":35}],"player_experience":552980,"relics_obtained":[{"floor":6.0,"key":"Juzu Bracelet"},{"floor":9.0,"key":"DataDisk"},{"floor":10.0,"key":"Bottled Flame"},{"floor":26,"key":"Ice Cream"}],"event_choices":[{"damage_healed":0.0,"max_hp_gain":0.0,"max_hp_loss":0.0,"gold_gain":0.0,"event_name":"Upgrade Shrine","player_choice":"Upgraded","floor":2.0,"gold_loss":0.0,"damage_taken":0.0,"cards_upgraded":["Redo"]},{"damage_healed":18.0,"max_hp_gain":0.0,"max_hp_loss":0.0,"gold_gain":0.0,"event_name":"The Cleric","player_choice":"Healed","floor":11.0,"gold_loss":35.0,"damage_taken":0.0},{"damage_healed":0,"gold_gain":0,"player_choice":"Ignored","damage_taken":0,"max_hp_gain":0,"max_hp_loss":0,"event_name":"Ghosts","floor":21,"gold_loss":0},{"damage_healed":25,"gold_gain":0,"player_choice":"Heal","damage_taken":0,"max_hp_gain":0,"max_hp_loss":0,"event_name":"The Library","floor":23,"gold_loss":0},{"damage_healed":0,"gold_gain":99,"player_choice":"Stole From Cult","damage_taken":0,"max_hp_gain":0,"max_hp_loss":0,"event_name":"Nest","floor":28,"gold_loss":0},{"damage_healed":0,"gold_gain":0,"player_choice":"Ignored","damage_taken":0,"max_hp_gain":0,"max_hp_loss":0,"event_name":"Vampires","floor":29,"gold_loss":0},{"damage_healed":0,"gold_gain":0,"player_choice":"Fight","damage_taken":0,"max_hp_gain":0,"max_hp_loss":0,"event_name":"Mysterious Sphere","floor":36,"gold_loss":0}],"is_beta":false,"boss_relics":[{"not_picked":["Eternal Feather","Busted Crown"],"picked":"Pandora\u0027s Box"},{"not_picked":["White Beast Statue","Calling Bell"],"picked":"Orrery"}],"items_purged_floors":[],"is_endless":false,"potions_floor_spawned":[4,6,12,16,19,22,33,35],"killed_by":"2 Orb Walkers","ascension_level":0}