{"gold_per_floor":[15,15,29,29,48,48,67,67,140,163,163,175,175,190,190,286,286,299,317,317,162,174,174,174,174,220,234,251,264,297,313,313,417,417,432,447,447,847,866,866,258,258,281,297,307,327,338,13,13,13,13,13,13,45,45],"floor_reached":55,"playtime":2596,"items_purged":["Decay","Strike_B+1","Strike_B+1"],"score":690,"play_id":"71e2a103-93cb-41a6-b5e3-0f30b5ffe2ef","local_time":"20181222014334","is_ascension_mode":false,"campfire_choices":[{"data":"Genetic Algorithm","floor":6.0,"key":"SMITH"},{"data":"Sweeping Beam","floor":8.0,"key":"SMITH"},{"data":"Chaos","floor":11.0,"key":"SMITH"},{"data":"Leap","floor":15.0,"key":"SMITH"},{"data":"Defragment","floor":23.0,"key":"SMITH"},{"floor":25.0,"key":"REST"},{"floor":32.0,"key":"REST"},{"data":"Thunder Strike","floor":40.0,"key":"SMITH"},{"floor":42.0,"key":"RECALL"},{"floor":49.0,"key":"REST"},{"data":"Static Discharge","floor":52.0,"key":"SMITH"}],"neow_cost":"NO_GOLD","seed_source_timestamp":45830716719820,"circlet_count":0,"master_deck":["Strike_B+1","Defend_B+1","Defend_B+1","Defend_B+1","Zap","Dualcast","Genetic Algorithm+1","Sweeping Beam+1","Chaos+1","Leap+1","FTL","Thunder Strike+1","Defragment+1","Static Discharge+1","Seek","Tempest+1","Genetic Algorithm+1"],"special_seed":0,"relics":["Cracked Core","Odd Mushroom","Busted Crown","PreservedInsect","Lantern","Orrery","Old Coin","DollysMirror","Cables","Omamori","Chemical X","Bottled Flame"],"potions_floor_usage":[],"damage_taken":[{"damage":0.0,"enemies":"Small Slimes","floor":1.0,"turns":2.0},{"damage":7.0,"enemies":"Cultist","floor":3.0,"turns":4.0},{"damage":5.0,"enemies":"2 Louse","floor":5.0,"turns":2.0},{"damage":4.0,"enemies":"Exordium Wildlife","floor":7.0,"turns":2.0},{"damage":18.0,"enemies":"The Mushroom Lair","floor":10.0,"turns":3.0},{"damage":9.0,"enemies":"Exordium Thugs","floor":12.0,"turns":3.0},{"damage":0.0,"enemies":"Lots of Slimes","floor":14.0,"turns":2.0},{"damage":29.0,"enemies":"Slime Boss","floor":16.0,"turns":8.0},{"damage":2.0,"enemies":"Spheric Guardian","floor":18.0,"turns":4.0},{"damage":31.0,"enemies":"2 Thieves","floor":19.0,"turns":5.0},{"damage":8.0,"enemies":"Sentry and Sphere","floor":22.0,"turns":5.0},{"damage":0.0,"enemies":"Chosen and Byrds","floor":27.0,"turns":5.0},{"damage":8.0,"enemies":"Centurion and Healer","floor":28.0,"turns":5.0},{"damage":2.0,"enemies":"Shelled Parasite and Fungi","floor":29.0,"turns":5.0},{"damage":10.0,"enemies":"Slavers","floor":30.0,"turns":4.0},{"damage":17.0,"enemies":"Snake Plant","floor":31.0,"turns":4.0},{"damage":16.0,"enemies":"Collector","floor":33.0,"turns":7.0},{"damage":18.0,"enemies":"3 Shapes","floor":35.0,"turns":3.0},{"damage":17.0,"enemies":"3 Darklings","floor":36.0,"turns":4.0},{"damage":0.0,"enemies":"Mind Bloom Boss Battle","floor":38.0,"turns":3.0},{"damage":1.0,"enemies":"Sphere and 2 Shapes","floor":39.0,"turns":4.0},{"damage":0.0,"enemies":"Transient","floor":44.0,"turns":5.0},{"damage":19.0,"enemies":"Jaw Worm Horde","floor":45.0,"turns":3.0},{"damage":2.0,"enemies":"Writhing Mass","floor":46.0,"turns":5.0},{"damage":3.0,"enemies":"4 Shapes","floor":47.0,"turns":3.0},{"damage":36.0,"enemies":"Donu and Deca","floor":50.0,"turns":8.0},{"damage":26.0,"enemies":"Shield and Spear","floor":54.0,"turns":4.0},{"damage":50,"enemies":"The Heart","floor":55,"turns":5}],"seed_played":"2923837723055741765","potions_obtained":[{"floor":5.0,"key":"LiquidBronze"},{"floor":10.0,"key":"Poison Potion"},{"floor":16.0,"key":"FocusPotion"},{"floor":20.0,"key":"PowerPotion"},{"floor":20.0,"key":"SkillPotion"},{"floor":22.0,"key":"SteroidPotion"},{"floor":30.0,"key":"FocusPotion"},{"floor":33.0,"key":"FocusPotion"},{"floor":35.0,"key":"Energy Potion"},{"floor":39.0,"key":"Explosive Potion"},{"floor":45.0,"key":"Energy Potion"},{"floor":47.0,"key":"Block Potion"}],"is_trial":false,"path_per_floor":["M","?","M","$","M","R","M","R","T","?","R","M","?","M","R","B",null,"M","M","?","$","M","R","?","R","T","M","M","M","E","M","R","B",null,"M","M","?","?","M","R","$","R","T","M","M","M","M","$","R","B",null,"R","$","E","B"],"character_chosen":"DEFECT","items_purchased":["Defragment","DollysMirror","Cables","PowerPotion","Chemical X"],"campfire_rested":3,"item_purchase_floors":[21,41,41,41,48],"current_hp_per_floor":[75,75,68,68,63,63,59,59,59,41,41,32,57,57,57,28,75,73,42,42,42,34,34,34,56,56,56,48,46,36,19,41,25,75,57,40,40,40,39,39,39,39,39,39,20,18,15,15,37,1,75,75,75,49,0],"gold":45,"neow_bonus":"REMOVE_TWO","is_prod":false,"is_daily":false,"chose_seed":false,"campfire_upgraded":7,"win_rate":0,"timestamp":1545439414,"path_taken":["M","?","?","?","M","R","?","R","T","?","R","M","?","M","R","BOSS","M","M","?","?","?","R","?","R","T","M","M","M","E","M","R","BOSS","M","M","?","?","M","R","?","R","T","M","M","?","M","$","R","BOSS","R","$","E","BOSS"],"build_version":"2018-12-20","purchased_purges":3,"victory":false,"max_hp_per_floor":[75,75,75,75,75,75,75,75,75,75,75,75,75,75,75,75,75,75,75,75,75,75,75,75,75,75,75,75,75,75,75,75,75,75,75,75,75,75,75,75,75,75,75,75,75,75,75,75,75,75,75,75,75,75,75],"card_choices":[{"not_picked":["Redo","Go for the Eyes","Steam"],"picked":"SKIP","floor":1.0},{"not_picked":["Redo","Go for the Eyes"],"picked":"Genetic Algorithm","floor":3.0},{"not_picked":["Rebound","Self Repair"],"picked":"Sweeping Beam","floor":5.0},{"not_picked":["Redo","Loop"],"picked":"Chaos","floor":7.0},{"not_picked":["Gash","Barrage"],"picked":"Leap","floor":12.0},{"not_picked":["Beam Cell","Doom and Gloom"],"picked":"FTL","floor":14.0},{"not_picked":["Reboot","Electrodynamics"],"picked":"Thunder Strike","floor":16.0},{"not_picked":["Turbo+1"],"picked":"SKIP","floor":18.0},{"not_picked":["Scrape"],"picked":"SKIP","floor":19.0},{"not_picked":["Scrape"],"picked":"SKIP","floor":22.0},{"not_picked":[],"picked":"Leap","floor":27.0},{"not_picked":["Auto Shields"],"picked":"SKIP","floor":28.0},{"not_picked":["Rip and Tear"],"picked":"SKIP","floor":29.0},{"not_picked":[],"picked":"Static Discharge","floor":30.0},{"not_picked":["Loop"],"picked":"SKIP","floor":31.0},{"not_picked":[],"picked":"Seek","floor":33.0},{"not_picked":[],"picked":"Tempest+1","floor":34.0},{"not_picked":["Rebound+1"],"picked":"SKIP","floor":35.0},{"not_picked":["Reprogram"],"picked":"SKIP","floor":36.0},{"not_picked":["Double Energy"],"picked":"SKIP","floor":39.0},{"not_picked":["Blizzard"],"picked":"SKIP","floor":44.0},{"not_picked":["Steam+1"],"picked":"SKIP","floor":45.0},{"not_picked":["Stack"],"picked":"SKIP","floor":46.0},{"not_picked":["Compile Driver"],"picked":"SKIP","floor":47.0},{"not_picked":["Heatsinks+1"],"picked":"SKIP","floor":54.0}],"player_experience":292324,"relics_obtained":[{"floor":10.0,"key":"Odd Mushroom"},{"floor":26.0,"key":"PreservedInsect"},{"floor":30.0,"key":"Lantern"},{"floor":38.0,"key":"Old Coin"},{"floor":43.0,"key":"Omamori"},{"floor":54.0,"key":"Bottled Flame"}],"event_choices":[{"damage_healed":0.0,"max_hp_gain":0.0,"max_hp_loss":0.0,"gold_gain":0.0,"event_name":"Wheel of Change","player_choice":"Cursed","floor":2.0,"gold_loss":0.0,"damage_taken":0.0,"cards_obtained":["Decay"]},{"damage_healed":0.0,"max_hp_gain":0.0,"max_hp_loss":0.0,"gold_gain":0.0,"event_name":"Mushrooms","player_choice":"Fought Mushrooms","floor":10.0,"gold_loss":0.0,"damage_taken":0.0},{"damage_healed":25.0,"max_hp_gain":0.0,"max_hp_loss":0.0,"gold_gain":0.0,"event_name":"Big Fish","player_choice":"Banana","floor":13.0,"gold_loss":0.0,"damage_taken":0.0},{"damage_healed":0.0,"max_hp_gain":0.0,"max_hp_loss":0.0,"gold_gain":0.0,"event_name":"Lab","player_choice":"Got Potions","floor":20.0,"gold_loss":0.0,"damage_taken":0.0},{"damage_healed":0.0,"max_hp_gain":0.0,"max_hp_loss":0.0,"gold_gain":0.0,"event_name":"Back to Basics","player_choice":"Simplicity","floor":24.0,"gold_loss":0.0,"damage_taken":0.0,"cards_upgraded":["Strike_B","Strike_B","Strike_B","Defend_B","Defend_B","Defend_B"]},{"cards_removed":["Leap"],"damage_healed":0.0,"max_hp_gain":0.0,"max_hp_loss":0.0,"gold_gain":0.0,"event_name":"Falling","player_choice":"Removed Skill","floor":37.0,"gold_loss":0.0,"damage_taken":0.0},{"damage_healed":0.0,"max_hp_gain":0.0,"max_hp_loss":0.0,"gold_gain":0.0,"event_name":"MindBloom","player_choice":"Fight","floor":38.0,"gold_loss":0.0,"damage_taken":0.0}],"is_beta":false,"boss_relics":[{"not_picked":["Philosopher\u0027s Stone","Inserter"],"picked":"Busted Crown"},{"not_picked":["Black Star","Cursed Key"],"picked":"Orrery"}],"items_purged_floors":[21,41,48],"is_endless":false,"potions_floor_spawned":[5,10,16,22,27,30,33,35,39,45,47],"killed_by":"The Heart","ascension_level":0}