{"gold_per_floor":[14,14,14,14,30,30,41,51,100,120,45,45,64,82,82,187,187,201,218,237,237],"floor_reached":21,"playtime":1422,"items_purged":["Regret"],"score":175,"play_id":"fe380ed3-7c9f-4c5d-8584-325ccc047600","local_time":"20190122202502","is_ascension_mode":false,"campfire_choices":[{"floor":6,"key":"RECALL"},{"data":"Seeing Red","floor":12,"key":"SMITH"},{"data":"Bash","floor":15,"key":"SMITH"}],"neow_cost":"NO_GOLD","seed_source_timestamp":184574679889114,"circlet_count":0,"master_deck":["Strike_R","Strike_R","Strike_R","Strike_R","Defend_R","Defend_R","Defend_R","Bash+1","Reckless Charge","Dropkick","Clash","Wild Strike","Seeing Red+1","Clash","Burning Pact","Spot Weakness","Rampage","Dark Embrace","Metallicize","Armaments","Metallicize+1"],"relics":["Burning Blood","Kunai","Omamori","Lizard Tail"],"potions_floor_usage":[13,13,16,16,21],"damage_taken":[{"damage":7,"enemies":"2 Louse","floor":1,"turns":3},{"damage":1,"enemies":"Small Slimes","floor":5,"turns":3},{"damage":13,"enemies":"Jaw Worm","floor":7,"turns":3},{"damage":7,"enemies":"Blue Slaver","floor":8,"turns":2},{"damage":9,"enemies":"Exordium Wildlife","floor":10,"turns":4},{"damage":16,"enemies":"Gremlin Gang","floor":13,"turns":4},{"damage":12,"enemies":"Blue Slaver","floor":14,"turns":2},{"damage":60,"enemies":"The Guardian","floor":16,"turns":7},{"damage":37,"enemies":"Shell Parasite","floor":18,"turns":4},{"damage":14,"enemies":"3 Byrds","floor":19,"turns":5},{"damage":36,"enemies":"Snecko","floor":20,"turns":6},{"damage":56,"enemies":"Cultist and Chosen","floor":21,"turns":5}],"seed_played":"138968941555901413","potions_obtained":[{"floor":1,"key":"Swift Potion"},{"floor":7,"key":"BloodPotion"},{"floor":8,"key":"SpeedPotion"},{"floor":13,"key":"SpeedPotion"},{"floor":20,"key":"LiquidBronze"}],"is_trial":false,"path_per_floor":["M","?","?","T","M","R","M","M","T","M","$","R","M","M","R","B",null,"M","M","M","M"],"character_chosen":"IRONCLAD","items_purchased":[],"campfire_rested":0,"item_purchase_floors":[],"current_hp_per_floor":[79,79,79,79,80,80,73,72,72,69,69,69,67,61,61,7,80,49,41,11,0],"gold":237,"neow_bonus":"TRANSFORM_TWO_CARDS","is_prod":false,"is_daily":false,"chose_seed":false,"campfire_upgraded":2,"win_rate":0,"timestamp":1548141902,"path_taken":["M","?","?","?","M","R","M","M","T","M","?","R","M","M","R","BOSS","M","M","M","M"],"build_version":"2019-01-17v2","purchased_purges":1,"victory":false,"max_hp_per_floor":[80,80,80,80,80,80,80,80,80,80,80,80,80,80,80,80,80,80,80,80,80],"card_choices":[{"not_picked":["Warcry","Rampage"],"picked":"Clash","floor":1},{"not_picked":["Perfected Strike","Blood for Blood"],"picked":"Wild Strike","floor":5},{"not_picked":["Thunderclap","Heavy Blade"],"picked":"Seeing Red","floor":7},{"not_picked":["Battle Trance","Shrug It Off"],"picked":"Clash","floor":8},{"not_picked":["Rage","Perfected Strike"],"picked":"Burning Pact","floor":10},{"not_picked":["True Grit","Searing Blow"],"picked":"Spot Weakness","floor":13},{"not_picked":["Warcry","Hemokinesis"],"picked":"Rampage","floor":14},{"not_picked":["Offering","Feed"],"picked":"Dark Embrace","floor":16},{"not_picked":["Pummel","Clash"],"picked":"Metallicize","floor":18},{"not_picked":["Pommel Strike+1","Warcry"],"picked":"Armaments","floor":19},{"not_picked":["Twin Strike","Corruption+1"],"picked":"Metallicize+1","floor":20}],"player_experience":583579,"relics_obtained":[{"floor":4,"key":"Omamori"}],"event_choices":[{"damage_healed":0,"gold_gain":0,"player_choice":"Leave","damage_taken":0,"max_hp_gain":0,"max_hp_loss":0,"event_name":"The Cleric","floor":2,"gold_loss":0},{"damage_healed":0,"gold_gain":0,"player_choice":"Box","damage_taken":0,"relics_obtained":["Kunai"],"max_hp_gain":0,"max_hp_loss":0,"event_name":"Big Fish","floor":3,"gold_loss":0,"cards_obtained":["Regret"]}],"is_beta":false,"boss_relics":[{"not_picked":["White Beast Statue","Tiny House"],"picked":"Lizard Tail"}],"items_purged_floors":[11],"is_endless":false,"potions_floor_spawned":[1,7,8,13,20],"killed_by":"Cultist and Chosen","ascension_level":0}