{"gold_per_floor":[112,37,55,5,5,5,5,5,5,23,41,60,79,93,93,194,194,182,182,0,18,18],"floor_reached":22,"playtime":1111,"items_purged":["Strike_R"],"score":178,"play_id":"629ad6b3-9a0c-4d2c-ac6c-3aaa50943f52","local_time":"20181014140720","is_ascension_mode":false,"campfire_choices":[{"data":"Bash","floor":6,"key":"SMITH"},{"data":"Armaments","floor":15,"key":"SMITH"}],"neow_cost":"","seed_source_timestamp":246272765437000,"circlet_count":0,"master_deck":["Strike_R","Strike_R","Strike_R","Defend_R+1","Defend_R","Defend_R","Bash+1","Spot Weakness+1","Headbutt","Rampage","Disarm","Flex","Perfected Strike","Armaments+1","Juggernaut","Infernal Blade","Chrysalis","Armaments"],"relics":["Burning Blood","Red Skull","Black Star"],"potions_floor_usage":[11,16,18],"damage_taken":[{"damage":1,"enemies":"Cultist","floor":1,"turns":3},{"damage":9,"enemies":"Jaw Worm","floor":3,"turns":4},{"damage":0,"enemies":"Small Slimes","floor":10,"turns":3},{"damage":0,"enemies":"Blue Slaver","floor":11,"turns":2},{"damage":5,"enemies":"2 Fungi Beasts","floor":12,"turns":3},{"damage":19,"enemies":"Lots of Slimes","floor":13,"turns":4},{"damage":17,"enemies":"Gremlin Gang","floor":14,"turns":4},{"damage":25,"enemies":"Hexaghost","floor":16,"turns":8},{"damage":15,"enemies":"2 Thieves","floor":18,"turns":4},{"damage":62,"enemies":"3 Byrds","floor":21,"turns":7},{"damage":29,"enemies":"Colosseum Slavers","floor":22,"turns":4}],"seed_played":"-5062396672162700305","potions_obtained":[{"floor":3,"key":"Weak Potion"},{"floor":10,"key":"Block Potion"},{"floor":12,"key":"FairyPotion"},{"floor":16,"key":"SkillPotion"}],"is_trial":false,"path_per_floor":["M","$","M","?","$","R","?","$","T","M","M","M","M","M","R","B",null,"M","?","$","M"],"character_chosen":"IRONCLAD","items_purchased":["Chrysalis"],"campfire_rested":0,"item_purchase_floors":[20],"current_hp_per_floor":[80,80,77,77,77,77,61,61,61,67,73,74,61,50,50,31,80,71,71,71,15,0],"gold":18,"neow_bonus":"","is_prod":false,"is_daily":false,"chose_seed":false,"campfire_upgraded":2,"win_rate":0.0,"timestamp":1539479240,"path_taken":["M","?","?","?","$","R","?","?","T","M","?","M","M","?","R","BOSS","M","?","$","M","?"],"build_version":"2018-10-11","purchased_purges":1,"victory":false,"max_hp_per_floor":[80,80,80,80,80,80,80,80,80,80,80,80,80,80,80,80,80,80,80,80,80,80],"card_choices":[{"not_picked":["Perfected Strike","Dual Wield"],"picked":"Spot Weakness","floor":1},{"not_picked":["Cleave","Sword Boomerang"],"picked":"Headbutt","floor":3},{"not_picked":["Clash","Metallicize"],"picked":"Rampage","floor":10},{"not_picked":["Cleave","Perfected Strike"],"picked":"Disarm","floor":11},{"not_picked":["Sword Boomerang","Ghostly Armor"],"picked":"Flex","floor":12},{"not_picked":["Warcry","Hemokinesis"],"picked":"Perfected Strike","floor":13},{"not_picked":["Iron Wave","Blood for Blood"],"picked":"Armaments","floor":14},{"not_picked":["Impervious","Berserk"],"picked":"Juggernaut","floor":16},{"not_picked":["Disarm+1","Twin Strike"],"picked":"Infernal Blade","floor":18},{"not_picked":["Warcry+1","Twin Strike"],"picked":"Armaments","floor":21}],"player_experience":29343,"relics_obtained":[{"floor":9,"key":"Red Skull"}],"event_choices":[{"event_name":"The Cleric","player_choice":"Card Removal","floor":4,"damage_taken":0},{"event_name":"Shining Light","player_choice":"Entered Light","floor":7,"damage_taken":0},{"event_name":"Bonfire Elementals","player_choice":"BASIC","floor":19,"damage_taken":0},{"event_name":"Colosseum","player_choice":"Fight","floor":22,"damage_taken":0}],"is_beta":false,"boss_relics":[{"not_picked":["White Beast Statue","Coffee Dripper"],"picked":"Black Star"}],"items_purged_floors":[2],"is_endless":false,"potions_floor_spawned":[3,10,12,16],"killed_by":"Colosseum Slavers","ascension_level":0}