{"path_per_floor":["M","M","M","M","M","$","E","?","T","M","$","E","M","M","R","B",null,"M","?","?","$","?"],"character_chosen":"THE_SILENT","items_purchased":["Accuracy","Choke","Happy Flower","Noxious Fumes"],"gold_per_floor":[111,127,137,152,162,18,46,46,346,357,62,97,116,126,126,223,223,242,242,242,142,142,142],"floor_reached":23,"campfire_rested":1,"playtime":9737,"current_hp_per_floor":[63,62,60,52,48,48,41,27,27,25,25,9,9,6,27,21,70,50,50,50,50,50,0],"items_purged":["Strike_G","Normality"],"gold":142,"score":233,"play_id":"0921d16e-d25c-436f-ad3a-68262761fa5a","local_time":"20180403215124","is_prod":false,"is_daily":false,"is_ascension_mode":true,"campfire_upgraded":0,"timestamp":1522785084,"path_taken":["M","M","M","M","M","$","E","?","T","M","$","E","M","M","R","BOSS","M","?","?","$","?","E"],"build_version":"2018-03-29v2","purchased_purges":3,"victory":false,"master_deck":["Defend_G+1","Defend_G","Defend_G","Defend_G","Defend_G","Strike_G","Strike_G+1","Strike_G","Strike_G","Survivor","Neutralize","Storm of Steel","Infinite Blades","Leg Sweep","PiercingWail","Flying Knee","Accuracy","Choke","Noxious Fumes","Noxious Fumes","Heel Hook","Venomology","Neutralize","Catalyst"],"max_hp_per_floor":[70,70,70,70,70,70,70,70,70,70,70,70,70,70,70,70,70,70,70,70,70,70,70],"relics":["Ring of the Snake","Ancient Tea Set","Old Coin","Happy Flower","Gambling Chip","Eternal Feather","Dream Catcher"],"card_choices":[{"not_picked":["Dagger Throw","Quick Slash"],"picked":"Infinite Blades","floor":1.0},{"not_picked":["Bane","Catalyst"],"picked":"Leg Sweep","floor":2.0},{"not_picked":["Deflect","Dagger Spray"],"picked":"PiercingWail","floor":3.0},{"not_picked":["Slice","Crippling Poison"],"picked":"Flying Knee","floor":4.0},{"not_picked":["Dash","Night Terror"],"picked":"Noxious Fumes","floor":10.0},{"not_picked":["Prepared","Crippling Poison"],"picked":"Heel Hook","floor":13.0},{"not_picked":["Tactician","Glass Knife"],"picked":"Venomology","floor":16.0}],"player_experience":450276,"potions_floor_usage":[23,23],"damage_taken":[{"damage":7.0,"enemies":"Small Slimes","floor":1.0,"turns":3.0},{"damage":1.0,"enemies":"2 Louse","floor":2.0,"turns":3.0},{"damage":2.0,"enemies":"Cultist","floor":3.0,"turns":4.0},{"damage":8.0,"enemies":"Gremlin Gang","floor":4.0,"turns":7.0},{"damage":4.0,"enemies":"Exordium Wildlife","floor":5.0,"turns":6.0},{"damage":7.0,"enemies":"3 Sentries","floor":7.0,"turns":8.0},{"damage":2.0,"enemies":"Red Slaver","floor":10.0,"turns":4.0},{"damage":16.0,"enemies":"Lagavulin","floor":12.0,"turns":7.0},{"damage":0.0,"enemies":"2 Fungi Beasts","floor":13.0,"turns":5.0},{"damage":3.0,"enemies":"3 Louse","floor":14.0,"turns":3.0},{"damage":6.0,"enemies":"Hexaghost","floor":16.0,"turns":8.0},{"damage":20.0,"enemies":"Chosen","floor":18.0,"turns":7.0},{"damage":52,"enemies":"Slavers","floor":23,"turns":5}],"event_choices":[{"event_name":"Shining Light","player_choice":"Entered Light","floor":8.0,"damage_taken":0.0},{"event_name":"Accursed Blacksmith","player_choice":"Rummage","floor":19.0,"damage_taken":0.0},{"event_name":"Match and Keep!","player_choice":"2 cards matched","floor":20.0,"damage_taken":0.0},{"event_name":"The Woman in Blue","player_choice":"Bought 0 Potions","floor":22.0,"damage_taken":0.0}],"boss_relics":[],"potions_floor_spawned":[3,5,7,12],"seed_played":"6010843419799782133","killed_by":"Slavers","ascension_level":3,"is_trial":false}