{"path_per_floor":["M","?","$","M","M","E","R","E","T","R","?","E","$","E","R","B",null,"M","?","M","M","T","E","$","R","T","E","M","M","$","?","R","B",null,"M","?","?","?","B"],"character_chosen":"DEFECT","items_purchased":["Conserve Battery","Self Repair","Mummified Hand","Capacitor","FTL+1","Capacitor","Skim"],"gold_per_floor":[117,117,2,21,34,60,60,85,153,153,328,357,51,86,86,182,182,202,202,221,238,238,263,74,74,74,109,120,138,26,60,60,164,164,183,183,483,483,483],"floor_reached":40,"campfire_rested":1,"playtime":12994,"item_purchase_floors":[],"current_hp_per_floor":[74,59,59,66,70,45,45,46,46,46,46,47,47,50,50,48,75,75,61,50,50,50,31,31,55,62,42,53,54,54,54,54,39,87,80,80,80,80,41],"items_purged":["Doubt","Pain"],"gold":483,"score":653,"play_id":"3d849ffb-e91e-4922-995f-7f9418ef7e2d","local_time":"20180601215314","is_prod":false,"is_daily":false,"chose_seed":false,"is_ascension_mode":true,"campfire_upgraded":4,"win_rate":0.0,"timestamp":1527882794,"campfire_choices":[{"data":"Tempest","floor":7.0,"key":"SMITH"},{"data":"Static Discharge","floor":10.0,"key":"SMITH"},{"data":"Electrodynamics","floor":15.0,"key":"SMITH"},{"floor":25.0,"key":"REST"},{"data":"Machine Learning","floor":32.0,"key":"SMITH"}],"path_taken":["M","?","?","M","?","E","R","E","T","R","?","E","$","E","R","BOSS","M","?","M","M","?","E","$","R","T","E","?","M","$","?","R","BOSS","M","?","?","?","BOSS"],"build_version":"2018-05-31","seed_source_timestamp":33013312455569,"purchased_purges":2,"victory":true,"master_deck":["Strike_B","Strike_B","Strike_B+1","Strike_B","Defend_B","Defend_B+1","Defend_B","Defend_B","Zap","Dualcast","Doom and Gloom","Conserve Battery","Self Repair","FTL","Aggregate","Tempest+1","Static Discharge+1","Chill","Electrodynamics+1","Amplify","Redo","Coolheaded+1","Double Energy","Chaos","Capacitor","FTL+1","Tempest","Machine Learning+1","Storm","Capacitor","Skim","Barrage+1","Multi-Cast","Conserve Battery+1"],"max_hp_per_floor":[75,75,75,75,75,75,75,75,75,75,75,75,75,75,75,75,75,75,80,80,80,80,80,80,80,87,87,87,87,87,87,87,87,87,87,87,87,87,87],"relics":["Cracked Core","Sundial","Anchor","Molten Egg 2","Smiling Mask","Mummified Hand","Bag of Preparation","Cursed Key","Dodecahedron","Pen Nib","Strawberry","Vajra","Red Mask","Eternal Feather"],"card_choices":[{"not_picked":["Beam Cell","Cold Snap"],"picked":"Doom and Gloom","floor":1.0},{"not_picked":["Compile Driver","Conserve Battery"],"picked":"FTL","floor":4.0},{"not_picked":["Gash","Streamline"],"picked":"Aggregate","floor":5.0},{"not_picked":["Gash","Steam"],"picked":"Tempest","floor":6.0},{"not_picked":["Gash","Cold Snap"],"picked":"Static Discharge","floor":8.0},{"not_picked":["Steam Power","Conserve Battery"],"picked":"Chill","floor":12.0},{"not_picked":["Leap","Barrage+1"],"picked":"Electrodynamics","floor":14.0},{"not_picked":["Reboot","All For One+1"],"picked":"Amplify","floor":16.0},{"not_picked":["Steam","Hologram"],"picked":"Redo","floor":18.0},{"not_picked":["Chill+1","Steam+1"],"picked":"Coolheaded+1","floor":20.0},{"not_picked":["BootSequence","Barrage+1"],"picked":"Double Energy","floor":21.0},{"not_picked":["Reprogram+1","Redo"],"picked":"Chaos","floor":23.0},{"not_picked":["Ball Lightning+1","Conserve Battery"],"picked":"Tempest","floor":27.0},{"not_picked":["Steam","Hologram"],"picked":"Machine Learning","floor":28.0},{"not_picked":["Leap","Cold Snap+1"],"picked":"Storm","floor":29.0},{"not_picked":["Streamline+1","Leap"],"picked":"Barrage+1","floor":31.0},{"not_picked":["All For One+1","Amplify"],"picked":"Multi-Cast","floor":33},{"not_picked":["Doom and Gloom+1","Blizzard+1"],"picked":"Conserve Battery+1","floor":35}],"player_experience":683692,"potions_floor_usage":[39,39,39],"damage_taken":[{"damage":1.0,"enemies":"Cultist","floor":1.0,"turns":3.0},{"damage":0.0,"enemies":"2 Louse","floor":4.0,"turns":2.0},{"damage":3.0,"enemies":"Jaw Worm","floor":5.0,"turns":3.0},{"damage":32.0,"enemies":"Lagavulin","floor":6.0,"turns":8.0},{"damage":6.0,"enemies":"3 Sentries","floor":8.0,"turns":4.0},{"damage":6.0,"enemies":"Gremlin Nob","floor":12.0,"turns":3.0},{"damage":4.0,"enemies":"3 Sentries","floor":14.0,"turns":4.0},{"damage":9.0,"enemies":"Slime Boss","floor":16.0,"turns":6.0},{"damage":0.0,"enemies":"Spheric Guardian","floor":18.0,"turns":3.0},{"damage":18.0,"enemies":"2 Thieves","floor":20.0,"turns":3.0},{"damage":0.0,"enemies":"Chosen and Byrds","floor":21.0,"turns":4.0},{"damage":33.0,"enemies":"Gremlin Leader","floor":23.0,"turns":5.0},{"damage":27.0,"enemies":"Book of Stabbing","floor":27.0,"turns":6.0},{"damage":3.0,"enemies":"Snecko","floor":28.0,"turns":2.0},{"damage":6.0,"enemies":"Snake Plant","floor":29.0,"turns":3.0},{"damage":0.0,"enemies":"Masked Bandits","floor":31.0,"turns":3.0},{"damage":22,"enemies":"Automaton","floor":33,"turns":6},{"damage":7,"enemies":"3 Shapes","floor":35,"turns":3},{"damage":46,"enemies":"Donu and Deca","floor":39,"turns":7}],"relics_obtained":[{"floor":6.0,"key":"Sundial"},{"floor":8.0,"key":"Anchor"},{"floor":9.0,"key":"Molten Egg 2"},{"floor":12.0,"key":"Smiling Mask"},{"floor":14.0,"key":"Bag of Preparation"},{"floor":22.0,"key":"Dodecahedron"},{"floor":23.0,"key":"Pen Nib"},{"floor":26.0,"key":"Strawberry"},{"floor":27.0,"key":"Vajra"},{"floor":31.0,"key":"Red Mask"}],"event_choices":[{"event_name":"Shining Light","player_choice":"Entered Light","floor":2.0,"damage_taken":0.0},{"event_name":"Liars Game","player_choice":"agreed","floor":11.0,"damage_taken":0.0},{"event_name":"Forgotten Altar","player_choice":"Shed Blood","floor":19.0,"damage_taken":0.0},{"event_name":"Masked Bandits","player_choice":"Fought over 26 gold","floor":31.0,"damage_taken":0.0},{"event_name":"Fountain of Cleansing","player_choice":"Removed Curse","floor":36,"damage_taken":0},{"event_name":"Wheel of Change","player_choice":"Gold","floor":37,"damage_taken":0},{"event_name":"SecretPortal","player_choice":"Took Portal.","floor":38,"damage_taken":0}],"boss_relics":[{"not_picked":["Snecko Eye","Runic Dome"],"picked":"Eternal Feather"}],"items_purged_floors":[],"potions_floor_spawned":[4,8,12,16,27,31,33],"seed_played":"-3475136978471177905","ascension_level":1,"potions_obtained":[{"floor":4.0,"key":"AttackPotion"},{"floor":8.0,"key":"Weak Potion"},{"floor":12.0,"key":"AttackPotion"},{"floor":16.0,"key":"SpeedPotion"},{"floor":27.0,"key":"Swift Potion"},{"floor":31.0,"key":"FocusPotion"},{"floor":33,"key":"SteroidPotion"}],"is_trial":false}