{"path_per_floor":["M","T","?","M","$","R","M","M","T","M","E","R","M","M","R","B",null,"M","M","$","M","?","R","M","E","T","R","M","M","R","?","R","B",null,"M","M","$","?","?","R","?","R","T","$","M","M","R","T","R","B"],"character_chosen":"IRONCLAD","items_purchased":["Body Slam","Deep Breath","Bronze Scales","Letter Opener","Metallicize"],"gold_per_floor":[140,140,140,158,21,21,40,51,51,61,92,92,105,118,118,217,217,229,247,29,41,41,41,59,93,93,93,103,121,121,121,121,225,225,245,262,23,23,23,23,23,23,96,16,31,47,47,95,95,95],"floor_reached":51,"campfire_rested":5,"playtime":4165,"current_hp_per_floor":[80,80,80,80,80,80,80,80,80,80,69,69,65,71,71,66,80,39,45,45,19,19,43,42,29,29,53,41,23,47,47,71,8,80,73,70,70,70,70,70,70,70,70,70,57,63,80,80,80,30],"items_purged":["Strike_R"],"gold":95,"score":469,"play_id":"7d8e948f-3d3b-45fc-8556-33593bb6719a","local_time":"20180307130505","is_prod":false,"is_daily":false,"is_ascension_mode":false,"campfire_upgraded":6,"timestamp":1520424305,"path_taken":["M","?","?","?","$","R","M","M","T","M","E","R","M","?","R","BOSS","M","M","$","M","?","R","M","E","T","R","M","M","R","?","R","BOSS","M","M","$","?","?","R","?","R","T","?","?","M","R","?","R","BOSS"],"build_version":"2018-03-01-PROD1","purchased_purges":1,"victory":true,"master_deck":["Strike_R","Strike_R","Defend_R","Defend_R","Defend_R","Defend_R","Bash","Shrug It Off","Pommel Strike+1","Armaments+1","Body Slam+1","Deep Breath+1","Reckless Charge","Warcry","Ghostly Armor","Ghostly Armor","Barricade+1","Iron Wave","Rampage","Bloodletting","Body Slam+1","Armaments+1","Shrug It Off","Body Slam+1","Juggernaut+1","Metallicize","Power Through","Dual Wield+1"],"max_hp_per_floor":[80,80,80,80,80,80,80,80,80,80,80,80,80,80,80,80,80,80,80,80,80,80,80,80,80,80,80,80,80,80,80,80,80,80,80,80,80,80,80,80,80,80,80,80,80,80,80,80,80,80],"relics":["Burning Blood","Tiny Chest","Mercury Hourglass","Calipers","Sundial","Orrery","Bronze Scales","Gambling Chip","Torii","Lizard Tail","Letter Opener","Smiling Mask","Omamori"],"card_choices":[{"not_picked":["Headbutt","Whirlwind"],"picked":"Shrug It Off"},{"not_picked":["Hemokinesis","Spot Weakness"],"picked":"Armaments"},{"not_picked":["Wild Strike","Armaments"],"picked":"Reckless Charge"},{"not_picked":["Sever Soul","Dropkick"],"picked":"Warcry"},{"not_picked":["Armaments","Pommel Strike"],"picked":"Ghostly Armor"},{"not_picked":["Pommel Strike","Carnage"],"picked":"Ghostly Armor"},{"not_picked":["Juggernaut","Impervious"],"picked":"Barricade"},{"not_picked":["Ghostly Armor","Cleave"],"picked":"Iron Wave"},{"not_picked":["Flex","Cleave"],"picked":"Rampage"},{"not_picked":["Heavy Blade","Havoc"],"picked":"Bloodletting"},{"not_picked":["Heavy Blade","Shrug It Off"],"picked":"Body Slam"},{"not_picked":["Demon Form","Pommel Strike"],"picked":"Armaments"},{"not_picked":["Anger","Feel No Pain"],"picked":"Shrug It Off"},{"not_picked":["Double Tap","Immolate"],"picked":"Juggernaut"},{"not_picked":["Thunderclap","Disarm"],"picked":"Power Through"},{"not_picked":["Rage","Clothesline"],"picked":"Dual Wield"}],"player_experience":107691,"potions_floor_usage":[16,19,24,25,25,33,36,50,50,50],"damage_taken":[{"damage":1,"enemies":"Cultist","floor":1,"turns":4},{"damage":3,"enemies":"Small Slimes","floor":4,"turns":3},{"damage":0,"enemies":"2 Louse","floor":7,"turns":2},{"damage":2,"enemies":"Exordium Thugs","floor":8,"turns":4},{"damage":0,"enemies":"Red Slaver","floor":10,"turns":4},{"damage":17,"enemies":"Gremlin Nob","floor":11,"turns":4},{"damage":10,"enemies":"3 Louse","floor":13,"turns":3},{"damage":0,"enemies":"2 Fungi Beasts","floor":14,"turns":2},{"damage":11,"enemies":"The Guardian","floor":16,"turns":10},{"damage":47,"enemies":"Chosen","floor":18,"turns":6},{"damage":0,"enemies":"Shell Parasite","floor":19,"turns":6},{"damage":32,"enemies":"Snecko","floor":21,"turns":6},{"damage":7,"enemies":"Centurion and Healer","floor":24,"turns":8},{"damage":19,"enemies":"Slavers","floor":25,"turns":5},{"damage":18,"enemies":"3 Cultists","floor":28,"turns":6},{"damage":24,"enemies":"Snake Plant","floor":29,"turns":4},{"damage":69,"enemies":"Collector","floor":33,"turns":12},{"damage":13,"enemies":"Orb Walker","floor":35,"turns":3},{"damage":9,"enemies":"3 Darklings","floor":36,"turns":4},{"damage":19,"enemies":"Sphere and 2 Shapes","floor":45,"turns":8},{"damage":0,"enemies":"Maw","floor":46,"turns":8},{"damage":101,"enemies":"Awakened One","floor":50,"turns":13}],"event_choices":[{"event_name":"Transmorgrifier","player_choice":"Transform","floor":3,"damage_taken":0},{"event_name":"Cursed Tome","player_choice":"Ignored","floor":22,"damage_taken":0},{"event_name":"Duplicator","player_choice":"One dupe","floor":31,"damage_taken":0},{"event_name":"Mysterious Sphere","player_choice":"Ignore","floor":38,"damage_taken":0},{"event_name":"Upgrade Shrine","player_choice":"Upgraded","floor":41,"damage_taken":0}],"boss_relics":[{"not_picked":["Question Card","Astrolabe"],"picked":"Orrery"},{"not_picked":["Runic Pyramid","Cursed Key"],"picked":"Lizard Tail"}],"potions_floor_spawned":[4,8,10,13,16,24,25,33,35,36,45],"seed_played":"1002622492114939541","ascension_level":0,"is_trial":false}