{"gold_per_floor":[112,37,37,57,76,76,89,164,215,234,234,67,85,49,49,149,149,131,147,22,22,22,22,22,22,69,69,86,86,97,108,108,203,203,223,223,25,45,62,62,76,76,76,94,113,113,128,128,128,128],"floor_reached":51,"playtime":4163,"items_purged":["Defend_R","Defend_R","Strike_R"],"score":591,"play_id":"ff1d49a6-4c95-4583-b0d2-ac2b3d05d340","local_time":"20181123010359","is_ascension_mode":false,"campfire_choices":[{"data":"Pommel Strike","floor":6,"key":"SMITH"},{"data":"Armaments","floor":11,"key":"SMITH"},{"data":"Barricade","floor":15,"key":"SMITH"},{"floor":23,"key":"REST"},{"data":"Bash","floor":25,"key":"SMITH"},{"data":"Clothesline","floor":27,"key":"SMITH"},{"floor":32,"key":"REST"},{"floor":40,"key":"REST"},{"data":"Madness","floor":42,"key":"SMITH"},{"floor":49,"key":"REST"}],"neow_cost":"NONE","seed_source_timestamp":0,"circlet_count":0,"master_deck":["Bash+1","Dramatic Entrance","Iron Wave","Iron Wave","Pommel Strike+1","Armaments+1","Twin Strike","Barricade+1","Impervious","Inflame","Impervious","Inflame+1","Entrench+1","Clothesline+1","Heavy Blade+1","Pummel","Clothesline+1","Havoc+1","Clothesline+1","Reaper","Madness","Madness+1","Flex"],"special_seed":0,"relics":["Burning Blood","Boot","Astrolabe","Centennial Puzzle","MutagenicStrength","Runic Pyramid","Anchor","Happy Flower"],"potions_floor_usage":[16,16,16,33,38,39,41,41,50],"damage_taken":[{"damage":0.0,"enemies":"Cultist","floor":1.0,"turns":3.0},{"damage":0.0,"enemies":"Small Slimes","floor":4.0,"turns":2.0},{"damage":0,"enemies":"2 Louse","floor":5,"turns":3},{"damage":8,"enemies":"Red Slaver","floor":7,"turns":2},{"damage":0,"enemies":"Looter","floor":10,"turns":3},{"damage":0,"enemies":"3 Louse","floor":13,"turns":2},{"damage":15,"enemies":"The Guardian","floor":16,"turns":10},{"damage":30,"enemies":"2 Thieves","floor":18,"turns":4},{"damage":30,"enemies":"Shell Parasite","floor":19,"turns":8},{"damage":16,"enemies":"Snake Plant","floor":28,"turns":5},{"damage":15,"enemies":"Centurion and Healer","floor":30,"turns":9},{"damage":10,"enemies":"Shelled Parasite and Fungi","floor":31,"turns":6},{"damage":16,"enemies":"Champ","floor":33,"turns":13},{"damage":23,"enemies":"Orb Walker","floor":35,"turns":6},{"damage":56,"enemies":"3 Darklings","floor":38,"turns":7},{"damage":20,"enemies":"Jaw Worm Horde","floor":39,"turns":6},{"damage":13,"enemies":"Sphere and 2 Shapes","floor":41,"turns":8},{"damage":3,"enemies":"Maw","floor":44,"turns":9},{"damage":1,"enemies":"Spire Growth","floor":45,"turns":6},{"damage":43,"enemies":"4 Shapes","floor":47,"turns":6},{"damage":19,"enemies":"Awakened One","floor":50,"turns":18}],"seed_played":"-6266883690012030453","potions_obtained":[{"floor":1.0,"key":"Weak Potion"},{"floor":5,"key":"Poison Potion"},{"floor":10,"key":"Dexterity Potion"},{"floor":28,"key":"FearPotion"},{"floor":30,"key":"FearPotion"},{"floor":35,"key":"Dexterity Potion"},{"floor":39,"key":"Block Potion"},{"floor":44,"key":"Dexterity Potion"}],"is_trial":false,"path_per_floor":["M","$","?","M","M","M","R","M","?","T","M","R","$","M","$","R","B",null,"M","M","$","?","?","R","$","R","T","R","M","?","M","M","R","B",null,"M","?","$","M","M","R","M","R","T","M","M","?","M","?","R","B",null],"character_chosen":"IRONCLAD","items_purchased":["Barricade","Inflame","Anchor","SkillPotion"],"campfire_rested":4,"item_purchase_floors":[12,14,37,37],"current_hp_per_floor":[80,80,73,79,80,80,78,67,67,73,73,73,79,79,79,70,80,56,32,32,32,32,56,56,56,56,56,46,46,37,33,57,47,80,73,63,63,40,43,67,60,60,60,71,80,80,43,43,67,70],"gold":128,"neow_bonus":"RANDOM_COLORLESS","is_prod":false,"is_daily":false,"chose_seed":false,"campfire_upgraded":6,"win_rate":0.0,"timestamp":1542888239,"path_taken":["M","?","?","M","M","R","M","?","T","M","R","$","M","$","R","BOSS","M","M","$","?","?","R","$","R","T","R","?","?","M","M","R","BOSS","M","?","$","M","M","R","M","R","T","M","M","?","?","?","R","BOSS"],"build_version":"2018-11-15","purchased_purges":3,"victory":true,"max_hp_per_floor":[80,80,80,80,80,80,80,80,80,80,80,80,80,80,80,80,80,80,80,80,80,80,80,80,80,80,80,80,80,80,80,80,80,80,80,80,80,80,80,80,80,80,80,80,80,80,80,80,80,80],"card_choices":[{"not_picked":["Bloodletting","Dual Wield"],"picked":"Iron Wave","floor":1.0},{"not_picked":["Perfected Strike","Headbutt"],"picked":"Iron Wave","floor":4},{"not_picked":["Twin Strike","Carnage"],"picked":"Pommel Strike","floor":5},{"not_picked":["Rage","Combust"],"picked":"Armaments","floor":7},{"not_picked":["Dual Wield","Havoc"],"picked":"Twin Strike","floor":10},{"not_picked":["Wild Strike","True Grit"],"picked":"Impervious","floor":13},{"not_picked":["Immolate","Offering"],"picked":"Impervious","floor":16},{"not_picked":["Evolve","Perfected Strike"],"picked":"Heavy Blade+1","floor":18},{"not_picked":["Warcry","Armaments"],"picked":"Pummel","floor":19},{"not_picked":["Headbutt","Clothesline"],"picked":"Havoc+1","floor":28},{"not_picked":["Rage","Headbutt","Warcry"],"picked":"SKIP","floor":30},{"not_picked":["Iron Wave","Shockwave"],"picked":"Clothesline+1","floor":31},{"not_picked":["Barricade","Bludgeon"],"picked":"Reaper","floor":33},{"not_picked":["Clothesline+1","Iron Wave+1","Anger+1"],"picked":"SKIP","floor":35},{"not_picked":["Twin Strike","Cleave","Iron Wave+1"],"picked":"SKIP","floor":38},{"not_picked":["Power Through","Headbutt+1","Iron Wave+1"],"picked":"SKIP","floor":39},{"not_picked":["Uppercut+1","Warcry+1","Dark Embrace"],"picked":"SKIP","floor":41},{"not_picked":["Warcry+1","Hemokinesis+1"],"picked":"Flex","floor":44},{"not_picked":["Flex","Twin Strike","Evolve+1"],"picked":"SKIP","floor":45},{"not_picked":["Iron Wave+1","Shrug It Off","Shockwave"],"picked":"SKIP","floor":47}],"player_experience":331808,"relics_obtained":[{"floor":9,"key":"Boot"},{"floor":26,"key":"Centennial Puzzle"},{"floor":43,"key":"Happy Flower"}],"event_choices":[{"cards_removed":["Strike_R"],"damage_healed":0.0,"max_hp_gain":0.0,"max_hp_loss":0.0,"gold_gain":0.0,"event_name":"Golden Wing","player_choice":"Card Removal","floor":3.0,"gold_loss":0.0,"damage_taken":7.0},{"damage_healed":0,"gold_gain":75,"player_choice":"Gather Gold","damage_taken":11,"max_hp_gain":0,"max_hp_loss":0,"event_name":"World of Goop","floor":8,"gold_loss":0},{"damage_healed":0,"gold_gain":0,"player_choice":"Ignored","damage_taken":0,"max_hp_gain":0,"max_hp_loss":0,"event_name":"Cursed Tome","floor":21,"gold_loss":0},{"damage_healed":0,"gold_gain":0,"cards_transformed":["Strike_R"],"player_choice":"Transformed","damage_taken":0,"max_hp_gain":0,"max_hp_loss":0,"event_name":"Transmorgrifier","floor":22,"gold_loss":0,"cards_obtained":["Clothesline"]},{"damage_healed":0,"gold_gain":0,"player_choice":"Inject Mutagens","damage_taken":0,"relics_obtained":["MutagenicStrength"],"max_hp_gain":0,"max_hp_loss":0,"event_name":"Drug Dealer","floor":29,"gold_loss":0},{"damage_healed":0,"gold_gain":0,"player_choice":"Embrace Madness","damage_taken":10,"max_hp_gain":0,"max_hp_loss":0,"event_name":"Winding Halls","floor":36,"gold_loss":0,"cards_obtained":["Madness","Madness"]},{"cards_removed":["Strike_R"],"damage_healed":0,"gold_gain":0,"player_choice":"Took Card","damage_taken":0,"max_hp_gain":0,"max_hp_loss":0,"event_name":"NoteForYourself","floor":46,"gold_loss":0,"cards_obtained":["Iron Wave"]},{"cards_removed":["Iron Wave"],"damage_healed":0,"gold_gain":0,"player_choice":"Removed Attack","damage_taken":0,"max_hp_gain":0,"max_hp_loss":0,"event_name":"Falling","floor":48,"gold_loss":0}],"is_beta":false,"boss_relics":[{"not_picked":["Calling Bell","Eternal Feather"],"picked":"Astrolabe"},{"not_picked":["Philosopher\u0027s Stone","Velvet Choker"],"picked":"Runic Pyramid"}],"items_purged_floors":[2,12,20],"is_endless":false,"potions_floor_spawned":[1,5,10,28,30,35,39,44],"ascension_level":0}