{"gold_per_floor":[116,116,135,155,155,155,187,187,214,227,178,194,213,213,213,284,284,295,306,1,1,1],"floor_reached":22,"playtime":750,"items_purged":[],"score":307,"play_id":"11f489e7-ef11-4b75-a589-1cbd134f8228","local_time":"20181003110155","is_ascension_mode":true,"campfire_choices":[{"data":"Shrug It Off","floor":6,"key":"SMITH"},{"floor":8,"key":"REST"},{"data":"Iron Wave","floor":15,"key":"SMITH"}],"neow_cost":"NONE","seed_source_timestamp":55967843765382,"circlet_count":0,"master_deck":["Strike_R","Strike_R+1","Strike_R","Strike_R","Strike_R","Defend_R","Defend_R+1","Defend_R+1","Defend_R+1","Bash+1","AscendersBane","Reckless Charge+1","Shrug It Off+1","Sword Boomerang","Iron Wave+1","Metallicize","Ghostly Armor+1","True Grit+1","Barricade","Armaments+1","Infernal Blade+1"],"relics":["Burning Blood","Toxic Egg 2","War Paint","Pen Nib","Busted Crown","Thread and Needle"],"potions_floor_usage":[12,19],"damage_taken":[{"damage":6,"enemies":"2 Louse","floor":1,"turns":3},{"damage":4,"enemies":"Jaw Worm","floor":3,"turns":3},{"damage":0,"enemies":"Cultist","floor":4,"turns":2},{"damage":43,"enemies":"Lagavulin","floor":7,"turns":8},{"damage":6,"enemies":"Exordium Thugs","floor":10,"turns":4},{"damage":2,"enemies":"2 Fungi Beasts","floor":12,"turns":3},{"damage":0,"enemies":"3 Louse","floor":13,"turns":5},{"damage":56,"enemies":"Hexaghost","floor":16,"turns":16},{"damage":25,"enemies":"Shell Parasite","floor":18,"turns":7},{"damage":28,"enemies":"2 Thieves","floor":19,"turns":5},{"damage":24,"enemies":"Sentry and Sphere","floor":22,"turns":7}],"seed_played":"-9123709200088824881","potions_obtained":[{"floor":1,"key":"Swift Potion"},{"floor":10,"key":"Ancient Potion"},{"floor":12,"key":"Explosive Potion"}],"is_trial":false,"path_per_floor":["M","?","M","M","T","R","E","R","T","M","?","M","M","?","R","B",null,"M","M","$","?"],"character_chosen":"IRONCLAD","items_purchased":["Thread and Needle"],"campfire_rested":1,"item_purchase_floors":[20],"current_hp_per_floor":[72,72,74,80,80,80,43,67,67,67,67,71,77,61,61,11,63,44,22,22,22,0],"gold":1,"neow_bonus":"UPGRADE_CARD","is_prod":false,"is_daily":false,"chose_seed":false,"campfire_upgraded":2,"win_rate":0,"timestamp":1538557315,"path_taken":["M","?","M","M","?","R","E","R","T","M","?","M","M","?","R","BOSS","M","M","$","?","M"],"build_version":"2018-09-27","purchased_purges":0,"victory":false,"max_hp_per_floor":[80,80,80,80,80,80,80,80,80,80,80,80,80,80,80,80,80,80,80,80,80,80],"card_choices":[{"not_picked":["Iron Wave","Anger"],"picked":"Reckless Charge","floor":1},{"not_picked":["Thunderclap","Twin Strike"],"picked":"Shrug It Off","floor":3},{"not_picked":["Body Slam","Brutality"],"picked":"Sword Boomerang","floor":4},{"not_picked":["Second Wind+1","Body Slam"],"picked":"Iron Wave","floor":7},{"not_picked":["Iron Wave","Second Wind+1"],"picked":"Metallicize","floor":10},{"not_picked":["Cleave","Combust"],"picked":"Ghostly Armor+1","floor":12},{"not_picked":["Fire Breathing","Power Through+1"],"picked":"True Grit+1","floor":13},{"not_picked":["Demon Form","Brutality"],"picked":"Barricade","floor":16},{"not_picked":[],"picked":"Armaments+1","floor":18},{"not_picked":[],"picked":"Infernal Blade+1","floor":19}],"player_experience":801475,"relics_obtained":[{"floor":5,"key":"Toxic Egg 2"},{"floor":7,"key":"War Paint"},{"floor":9,"key":"Pen Nib"}],"event_choices":[{"event_name":"Living Wall","player_choice":"Grow","floor":2,"damage_taken":0},{"event_name":"World of Goop","player_choice":"Left","floor":11,"damage_taken":0},{"event_name":"Shining Light","player_choice":"Entered Light","floor":14,"damage_taken":0}],"is_beta":false,"boss_relics":[{"not_picked":["Philosopher\u0027s Stone","Coffee Dripper"],"picked":"Busted Crown"}],"items_purged_floors":[],"is_endless":false,"potions_floor_spawned":[1,10,12,16],"killed_by":"Sentry and Sphere","ascension_level":13}