{"path_per_floor":["M","?","M","M","M","R","E","$","T","R","?","M","R","M","R","B",null,"M","?","M","M","$","R","M","R","T","M","?","M","$","M","R","B",null,"M","?","$","?","?","R","M","R","T","R","M","M","M","M","R"],"character_chosen":"DEFECT","items_purchased":["Mind Blast","Rip and Tear","Capacitor","Blaster","Coolheaded","Cold Snap","Vajra"],"gold_per_floor":[117,117,132,150,166,166,201,31,31,31,31,47,47,62,62,161,161,176,176,187,207,32,32,47,47,116,135,135,151,127,137,137,233,233,253,253,30,30,30,30,40,40,40,40,54,67,78,98,98,98],"floor_reached":50,"campfire_rested":3,"playtime":11659,"current_hp_per_floor":[74,67,64,62,62,62,40,40,40,40,40,42,42,44,66,68,75,75,75,75,68,68,68,57,57,57,49,49,38,38,35,57,2,89,83,83,83,73,73,73,67,67,67,67,40,35,37,39,65,0],"items_purged":["Pain"],"gold":98,"score":523,"play_id":"de29f068-ccb9-4eb6-8cc6-f1026451d5c7","local_time":"20180428190142","is_prod":false,"is_daily":false,"chose_seed":false,"is_ascension_mode":false,"campfire_upgraded":8,"timestamp":1524934902,"path_taken":["M","?","M","M","M","R","E","$","T","R","?","M","R","M","R","BOSS","M","?","M","M","?","R","M","R","T","M","?","?","$","?","R","BOSS","M","?","$","?","?","R","M","R","T","R","?","M","M","M","R","BOSS"],"build_version":"2018-04-27v3","seed_source_timestamp":13268014725787,"purchased_purges":2,"victory":false,"master_deck":["Defend_B","Defend_B","Defend_B","Defend_B","Zap+1","Dualcast+1","Ball Lightning+1","Beam Cell+1","Rebound","White Noise+1","Go for the Eyes+1","Mind Blast+1","Rip and Tear+1","Rebound+1","Melter+1","Thunder Strike+1","Hello World+1","Barrage+1","FTL+1","Blaster+1","Go for the Eyes+1","Coolheaded+1","Capacitor+1","Blaster+1","Coolheaded","Coolheaded","Axe Kick+1","Darkness+1","Cold Snap+1","All For One+1","Parasite","Decay","Capacitor+1","Secret Weapon+1","Dramatic Entrance+1","Apotheosis+1","Ball Lightning+1","Doom and Gloom+1","FTL+1"],"max_hp_per_floor":[75,75,75,75,75,75,75,75,75,75,75,75,75,75,75,75,75,75,75,75,75,75,75,75,75,75,75,75,75,75,75,75,75,89,89,89,89,89,89,89,89,89,89,89,89,89,89,89,89,89],"relics":["Cracked Core","Bronze Scales","Anchor","Molten Egg 2","Blood Vial","Astrolabe","Bottled Flame","Pen Nib","Calling Bell","Lantern","Ornamental Fan","Mango","Vajra","Matryoshka"],"card_choices":[{"not_picked":["Streamline","Blizzard"],"picked":"Ball Lightning","floor":1},{"not_picked":["Capacitor","Cold Snap"],"picked":"Beam Cell","floor":3},{"not_picked":["Beam Cell","Ball Lightning"],"picked":"Rebound","floor":4},{"not_picked":["Stack","Conserve Battery"],"picked":"White Noise","floor":5},{"not_picked":["Coolheaded","Beam Cell"],"picked":"Go for the Eyes","floor":7},{"not_picked":["Go for the Eyes","Skim"],"picked":"Rebound","floor":12},{"not_picked":["Rip and Tear","Stack"],"picked":"Melter","floor":14},{"not_picked":["All For One","Reboot"],"picked":"Thunder Strike","floor":16},{"not_picked":["Hologram","Chaos"],"picked":"Blaster","floor":18},{"not_picked":["Stack","Streamline"],"picked":"Go for the Eyes","floor":20},{"not_picked":["Rebound","Loop"],"picked":"Coolheaded","floor":21},{"not_picked":["Force Field","Leap"],"picked":"Coolheaded","floor":24},{"not_picked":["Force Field","Auto Shields"],"picked":"Axe Kick","floor":27},{"not_picked":["Hologram","Impulse"],"picked":"Darkness","floor":29},{"not_picked":["Amplify","Multi-Cast"],"picked":"All For One","floor":33},{"not_picked":["Buffer","Coolheaded"],"picked":"Capacitor","floor":35},{"not_picked":["Magnetism","Swift Strike"],"picked":"Secret Weapon","floor":38},{"not_picked":["Magnetism","Finesse"],"picked":"Dramatic Entrance","floor":38},{"not_picked":["Dramatic Entrance","Bandage Up"],"picked":"Apotheosis","floor":38},{"not_picked":["Auto Shields","Skim"],"picked":"Ball Lightning","floor":41},{"not_picked":["Self Repair","Axe Kick"],"picked":"Doom and Gloom","floor":45},{"not_picked":["Capacitor","Impulse"],"picked":"FTL","floor":47}],"player_experience":8065,"potions_floor_usage":[24,33,33,50,50,50],"damage_taken":[{"damage":1,"enemies":"Jaw Worm","floor":1,"turns":4},{"damage":3,"enemies":"2 Louse","floor":3,"turns":2},{"damage":2,"enemies":"Small Slimes","floor":4,"turns":2},{"damage":0,"enemies":"Red Slaver","floor":5,"turns":2},{"damage":22,"enemies":"Gremlin Nob","floor":7,"turns":4},{"damage":0,"enemies":"Blue Slaver","floor":12,"turns":2},{"damage":0,"enemies":"Exordium Thugs","floor":14,"turns":2},{"damage":0,"enemies":"Slime Boss","floor":16,"turns":6},{"damage":0,"enemies":"Chosen","floor":18,"turns":3},{"damage":0,"enemies":"Spheric Guardian","floor":20,"turns":2},{"damage":7,"enemies":"Snake Plant","floor":21,"turns":3},{"damage":13,"enemies":"3 Cultists","floor":24,"turns":4},{"damage":10,"enemies":"Centurion and Healer","floor":27,"turns":3},{"damage":13,"enemies":"Snecko","floor":29,"turns":3},{"damage":5,"enemies":"Cultist and Chosen","floor":31,"turns":5},{"damage":57,"enemies":"Automaton","floor":33,"turns":8},{"damage":6,"enemies":"3 Shapes","floor":35,"turns":5},{"damage":8,"enemies":"Flame Bruiser 1 Orb","floor":41,"turns":3},{"damage":29,"enemies":"Maw","floor":45,"turns":6},{"damage":7,"enemies":"Sphere and 2 Shapes","floor":46,"turns":5},{"damage":0,"enemies":"3 Darklings","floor":47,"turns":2},{"damage":0,"enemies":"4 Shapes","floor":48,"turns":2},{"damage":77,"enemies":"Donu and Deca","floor":50,"turns":5}],"event_choices":[{"event_name":"Scrap Ooze","player_choice":"success","floor":2,"damage_taken":7},{"event_name":"Upgrade Shrine","player_choice":"Upgraded","floor":11,"damage_taken":0},{"event_name":"Upgrade Shrine","player_choice":"Upgraded","floor":19,"damage_taken":0},{"event_name":"The Mausoleum","player_choice":"Yes","floor":28,"damage_taken":0},{"event_name":"Tomb of Lord Red Mask","player_choice":"Ignored","floor":36,"damage_taken":0},{"event_name":"SensoryStone","player_choice":"Memory 3","floor":38,"damage_taken":0}],"boss_relics":[{"not_picked":["Runic Dome","Snecko Eye"],"picked":"Astrolabe"},{"not_picked":["Velvet Choker","Philosopher\u0027s Stone"],"picked":"Calling Bell"}],"potions_floor_spawned":[3,7,16,18,24,29,33,46,48],"seed_played":"5393610749751208612","killed_by":"Donu and Deca","ascension_level":0,"is_trial":false}