{"path_per_floor":["M","M","?","?","M","M","E","R","T","M","E","R","M","M","R","B",null,"M","M","?"],"character_chosen":"THE_SILENT","items_purchased":[],"gold_per_floor":[115,131,131,96,112,127,155,155,209,226,261,261,276,293,293,392,392,411,422,422],"floor_reached":21,"campfire_rested":2,"playtime":3854,"current_hp_per_floor":[35,35,28,45,45,45,9,30,30,42,14,35,35,34,34,20,70,47,39,23],"items_purged":[],"gold":422,"score":193,"play_id":"452aa84c-42ba-4520-8a4f-87446fe71eed","local_time":"20180315211804","is_prod":false,"is_daily":false,"is_ascension_mode":false,"campfire_upgraded":1,"timestamp":1521145084,"path_taken":["M","M","?","?","M","M","E","R","T","M","E","R","M","M","R","BOSS","M","M","?","M"],"build_version":"2018-03-09","purchased_purges":0,"victory":false,"master_deck":["Defend_G","Defend_G","Defend_G","Defend_G","Defend_G","Strike_G","Strike_G","Strike_G","Strike_G","Strike_G","Survivor","Neutralize","Blur","Footwork","Calculated Gamble","Heel Hook","Distraction+1","Slice","Envenom","Outmaneuver","Dagger Spray","Adrenaline","Quick Slash","Poisoned Stab+1"],"max_hp_per_floor":[70,70,70,70,70,70,70,70,70,70,70,70,70,70,70,70,70,70,70,70],"relics":["Ring of the Snake","Ginger","Omamori","Pen Nib","Lantern","Black Star","Nilry\u0027s Codex"],"card_choices":[{"not_picked":["Dodge and Roll","Underhanded Strike"],"picked":"Blur"},{"not_picked":["Prepared","Deadly Poison"],"picked":"Footwork"},{"not_picked":["Heel Hook","Dagger Spray"],"picked":"Calculated Gamble"},{"not_picked":["Deadly Poison","Night Terror"],"picked":"Heel Hook"},{"not_picked":["Backflip","Footwork"],"picked":"Distraction"},{"not_picked":["All Out Attack","Underhanded Strike"],"picked":"Slice"},{"not_picked":["Noxious Fumes","PiercingWail"],"picked":"Envenom"},{"not_picked":["Deflect","Catalyst"],"picked":"Outmaneuver"},{"not_picked":["Slice","Outmaneuver"],"picked":"Dagger Spray"},{"not_picked":["A Thousand Cuts","Night Terror"],"picked":"Adrenaline"},{"not_picked":["Dodge and Roll","Poisoned Stab"],"picked":"Quick Slash"},{"not_picked":["Accuracy","Backflip"],"picked":"Poisoned Stab"}],"player_experience":67519,"potions_floor_usage":[10,11,16,18],"damage_taken":[{"damage":0,"enemies":"2 Louse","floor":1,"turns":4},{"damage":0,"enemies":"Cultist","floor":2,"turns":5},{"damage":0,"enemies":"Jaw Worm","floor":5,"turns":7},{"damage":0,"enemies":"Blue Slaver","floor":6,"turns":7},{"damage":36,"enemies":"Gremlin Nob","floor":7,"turns":7},{"damage":3,"enemies":"Large Slime","floor":10,"turns":8},{"damage":28,"enemies":"Lagavulin","floor":11,"turns":12},{"damage":0,"enemies":"3 Louse","floor":13,"turns":6},{"damage":1,"enemies":"2 Fungi Beasts","floor":14,"turns":4},{"damage":14,"enemies":"Hexaghost","floor":16,"turns":14},{"damage":23,"enemies":"Chosen","floor":18,"turns":6},{"damage":8,"enemies":"Shell Parasite","floor":19,"turns":7},{"damage":28,"enemies":"Centurion and Healer","floor":21,"turns":6}],"event_choices":[{"event_name":"Wheel of Change","player_choice":"Damage","floor":3,"damage_taken":0},{"event_name":"The Cleric","player_choice":"Healed","floor":4,"damage_taken":0},{"event_name":"Cursed Tome","player_choice":"Obtained Book","floor":20,"damage_taken":0}],"boss_relics":[{"not_picked":["Eternal Feather","White Beast Statue"],"picked":"Black Star"}],"potions_floor_spawned":[2,7,11,16],"seed_played":"8429029394228997797","killed_by":"Centurion and Healer","ascension_level":0,"is_trial":false}