{"path_per_floor":["M","M","M","M","?","?","R","E","T","?","E","M","E","M","R","B",null,"M","M","?","M","M","E","R","M","T","$","R","E","R","M","R","B",null,"M","?","$","?","?","R","M","E","T","R","E","M","M","T","R","B"],"character_chosen":"DEFECT","items_purchased":["Thread and Needle","Whetstone"],"gold_per_floor":[111,127,137,157,157,157,157,182,182,147,178,192,225,239,239,343,343,356,373,373,391,409,444,444,463,534,27,27,57,57,71,71,174,174,191,441,341,341,341,341,359,393,417,417,447,459,475,475,475,475],"floor_reached":51,"campfire_rested":5,"playtime":9465,"item_purchase_floors":[27,27],"current_hp_per_floor":[66,66,66,45,45,38,38,33,33,51,30,27,18,11,33,13,60,62,53,53,39,30,14,36,30,30,30,52,54,54,32,54,11,59,58,58,58,49,39,39,35,37,37,37,36,38,35,35,57,9],"items_purged":["Normality","Regret"],"gold":475,"score":1112,"play_id":"2d9e3f36-ae9e-4ef0-a0de-2926e76f5256","local_time":"20180607204949","is_prod":false,"is_daily":false,"chose_seed":false,"is_ascension_mode":true,"campfire_upgraded":4,"win_rate":0,"timestamp":1528397389,"campfire_choices":[{"data":"Cold Snap","floor":7.0,"key":"SMITH"},{"floor":15.0,"key":"REST"},{"floor":24,"key":"REST"},{"floor":28,"key":"REST"},{"data":"Double Energy","floor":30,"key":"SMITH"},{"floor":32,"key":"REST"},{"data":"Madness","floor":40,"key":"SMITH"},{"data":"Multi-Cast","floor":44,"key":"SMITH"},{"floor":49,"key":"REST"}],"path_taken":["M","M","M","M","?","?","R","E","T","?","E","M","E","M","R","BOSS","M","M","?","?","M","E","R","M","T","$","R","E","R","M","R","BOSS","M","?","$","?","?","R","M","E","T","R","E","M","M","?","R","BOSS"],"build_version":"2018-05-31","seed_source_timestamp":20436812211208,"purchased_purges":2,"victory":true,"master_deck":["Strike_B","Strike_B+1","Strike_B+1","Defend_B","Defend_B","Defend_B","Defend_B","Zap+1","Dualcast","Loop+1","Double Energy+1","Capacitor","Cold Snap+1","Barrage","Biased Cognition","Coolheaded+1","Cold Snap","Hologram+1","Thunder Strike","Loop+1","Beam Cell","Hologram+1","Rebound+1","Doom and Gloom+1","Multi-Cast+1","Injury","Beam Cell","Beam Cell","Rainbow","Madness+1","Madness","Dramatic Entrance","Dramatic Entrance","Dramatic Entrance","Doom and Gloom+1","Turbo+1","Injury","Go for the Eyes+1","Chill+1","Glacier+1","Redo+1","Go for the Eyes+1","Pain"],"max_hp_per_floor":[75,75,75,75,75,75,75,75,75,75,75,75,75,75,75,75,75,75,75,75,75,75,75,75,75,75,75,75,75,75,75,75,75,75,75,75,75,75,75,75,75,75,75,75,75,75,75,75,75,75],"relics":["Cracked Core","Blood Vial","Cables","Unceasing Top","Boot","Cursed Key","War Paint","DataDisk","Toolbox","Thread and Needle","Whetstone","Kunai","Nuclear Battery","Prayer Wheel","Singing Bowl","Dead Branch","Darkstone Periapt"],"card_choices":[{"not_picked":["Redo","Darkness"],"picked":"Loop","floor":1.0},{"not_picked":["Barrage","Gash"],"picked":"Double Energy","floor":2.0},{"not_picked":["Redo","Rebound"],"picked":"Capacitor","floor":3.0},{"not_picked":["Steam","Scrape"],"picked":"Cold Snap","floor":4.0},{"not_picked":["Double Energy","Heatsinks"],"picked":"Barrage","floor":8.0},{"not_picked":["Lockon","Gash"],"picked":"Biased Cognition","floor":11.0},{"not_picked":["Compile Driver","Gash"],"picked":"Coolheaded","floor":12.0},{"not_picked":["Melter","Gash"],"picked":"Cold Snap","floor":13.0},{"not_picked":["Double Energy","Redo"],"picked":"Hologram","floor":14.0},{"not_picked":["Hyperbeam","Meteor Strike"],"picked":"Thunder Strike","floor":16},{"not_picked":["Sunder","Skim"],"picked":"Loop+1","floor":18},{"not_picked":["Hologram","Darkness"],"picked":"Beam Cell","floor":19},{"not_picked":["Reprogram","Redo"],"picked":"Hologram+1","floor":21},{"not_picked":["Leap","Steam Power+1"],"picked":"Rebound+1","floor":22},{"not_picked":["Redo","Beam Cell+1"],"picked":"Doom and Gloom+1","floor":23},{"not_picked":["Coolheaded","Go for the Eyes"],"picked":"Multi-Cast","floor":25},{"not_picked":["Rebound","Steam"],"picked":"Beam Cell","floor":29},{"not_picked":["Sweeping Beam","Undo+1"],"picked":"Beam Cell","floor":31},{"not_picked":["Amplify","Biased Cognition"],"picked":"Rainbow","floor":33},{"not_picked":["Auto Shields","Genetic Algorithm+1","Rip and Tear"],"picked":"SKIP","floor":35},{"not_picked":["Master of Strategy","Deep Breath"],"picked":"Dramatic Entrance","floor":39},{"not_picked":["Madness","Secret Weapon"],"picked":"Dramatic Entrance","floor":39},{"not_picked":["Finesse","Master of Strategy"],"picked":"Dramatic Entrance","floor":39},{"not_picked":["Barrage+1","Genetic Algorithm"],"picked":"Doom and Gloom+1","floor":41},{"not_picked":["Gash","Fission"],"picked":"Turbo+1","floor":42},{"not_picked":["Blizzard+1","Rebound"],"picked":"Go for the Eyes+1","floor":45},{"not_picked":["Lockon+1","Rebound"],"picked":"Chill+1","floor":46},{"not_picked":["Conserve Battery","Steam Power+1"],"picked":"Glacier+1","floor":46},{"not_picked":["Scrape+1","Cold Snap"],"picked":"Redo+1","floor":47},{"not_picked":["Compile Driver+1","Sweeping Beam"],"picked":"Go for the Eyes+1","floor":47}],"player_experience":734710,"potions_floor_usage":[16,16,16,19,23,23,23,33,33,42],"damage_taken":[{"damage":2.0,"enemies":"Jaw Worm","floor":1.0,"turns":4.0},{"damage":0.0,"enemies":"2 Louse","floor":2.0,"turns":2.0},{"damage":0.0,"enemies":"Small Slimes","floor":3.0,"turns":2.0},{"damage":21.0,"enemies":"3 Louse","floor":4.0,"turns":3.0},{"damage":20.0,"enemies":"3 Sentries","floor":8.0,"turns":7.0},{"damage":23.0,"enemies":"Lagavulin","floor":11.0,"turns":5.0},{"damage":5.0,"enemies":"Looter","floor":12.0,"turns":3.0},{"damage":11.0,"enemies":"3 Sentries","floor":13.0,"turns":5.0},{"damage":9.0,"enemies":"Red Slaver","floor":14.0,"turns":2.0},{"damage":22,"enemies":"The Guardian","floor":16,"turns":9},{"damage":0,"enemies":"Chosen","floor":18,"turns":5},{"damage":11,"enemies":"3 Byrds","floor":19,"turns":5},{"damage":16,"enemies":"Snake Plant","floor":21,"turns":5},{"damage":11,"enemies":"Snecko","floor":22,"turns":4},{"damage":18,"enemies":"Book of Stabbing","floor":23,"turns":6},{"damage":8,"enemies":"Centurion and Healer","floor":25,"turns":6},{"damage":0,"enemies":"Gremlin Leader","floor":29,"turns":4},{"damage":24,"enemies":"Sentry and Sphere","floor":31,"turns":4},{"damage":45,"enemies":"Champ","floor":33,"turns":10},{"damage":7,"enemies":"3 Darklings","floor":35,"turns":4},{"damage":6,"enemies":"Orb Walker","floor":41,"turns":3},{"damage":0,"enemies":"2 Orb Walkers","floor":42,"turns":2},{"damage":7,"enemies":"Nemesis","floor":45,"turns":5},{"damage":0,"enemies":"Maw","floor":46,"turns":5},{"damage":5,"enemies":"4 Shapes","floor":47,"turns":2},{"damage":50,"enemies":"Time Eater","floor":50,"turns":8}],"relics_obtained":[{"floor":8.0,"key":"Blood Vial"},{"floor":9.0,"key":"Cables"},{"floor":11.0,"key":"Unceasing Top"},{"floor":13.0,"key":"Boot"},{"floor":23,"key":"DataDisk"},{"floor":26,"key":"Toolbox"},{"floor":29,"key":"Kunai"},{"floor":42,"key":"Prayer Wheel"},{"floor":43,"key":"Singing Bowl"},{"floor":45,"key":"Dead Branch"},{"floor":48,"key":"Darkstone Periapt"}],"event_choices":[{"event_name":"Living Wall","player_choice":"Grow","floor":5.0,"damage_taken":0.0},{"event_name":"Golden Wing","player_choice":"Card Removal","floor":6.0,"damage_taken":0.0},{"event_name":"The Cleric","player_choice":"Healed","floor":10.0,"damage_taken":0.0},{"event_name":"Accursed Blacksmith","player_choice":"Rummage","floor":20,"damage_taken":0},{"event_name":"Golden Shrine","player_choice":"Desecrate","floor":36,"damage_taken":0},{"event_name":"Winding Halls","player_choice":"Embrace Madness","floor":38,"damage_taken":0},{"event_name":"SensoryStone","player_choice":"Memory 3","floor":39,"damage_taken":0}],"boss_relics":[{"not_picked":["Snecko Eye","Runic Dome"],"picked":"Cursed Key"},{"not_picked":["Velvet Choker","Tiny House"],"picked":"Nuclear Battery"}],"items_purged_floors":[27,37],"potions_floor_spawned":[1,2,4,11,14,16,18,22,25,29,35,41],"seed_played":"-6482006178452089965","ascension_level":6,"potions_obtained":[{"floor":1.0,"key":"SpeedPotion"},{"floor":2.0,"key":"PowerPotion"},{"floor":4.0,"key":"Regen Potion"},{"floor":11.0,"key":"SkillPotion"},{"floor":14.0,"key":"Dexterity Potion"},{"floor":16,"key":"Strength Potion"},{"floor":18,"key":"GamblersBrew"},{"floor":22,"key":"EntropicBrew"},{"floor":25,"key":"FearPotion"},{"floor":35,"key":"Fire Potion"},{"floor":41,"key":"FocusPotion"}],"is_trial":false}