{"gold_per_floor":[110,285,303,303,322,322,340,101,181,194,194,220,153,153],"floor_reached":14,"playtime":169,"items_purged":["Doubt","Regret"],"score":90,"play_id":"3692f3dd-85a5-470c-ad24-dde8029c62ed","local_time":"20190121184018","is_ascension_mode":false,"campfire_choices":[{"data":"Bash","floor":6,"key":"SMITH"},{"floor":11,"key":"REST"}],"neow_cost":"NONE","seed_source_timestamp":159650487594594,"circlet_count":0,"master_deck":["Strike_R","Strike_R","Strike_R","Strike_R","Strike_R","Defend_R","Defend_R","Defend_R","Defend_R","Bash+1","Whirlwind"],"relics":["Cursed Key","Happy Flower","Membership Card","Shuriken","Bag of Preparation"],"potions_floor_usage":[7,12],"damage_taken":[{"damage":6,"enemies":"Cultist","floor":1,"turns":3},{"damage":14,"enemies":"2 Louse","floor":3,"turns":3},{"damage":11,"enemies":"Jaw Worm","floor":5,"turns":2},{"damage":16,"enemies":"Gremlin Gang","floor":7,"turns":3},{"damage":12,"enemies":"Blue Slaver","floor":10,"turns":2},{"damage":28,"enemies":"Gremlin Nob","floor":12,"turns":4},{"damage":5,"enemies":"3 Louse","floor":14,"turns":2}],"seed_played":"8602859996140371210","potions_obtained":[{"floor":1,"key":"Strength Potion"},{"floor":5,"key":"Energy Potion"},{"floor":10,"key":"SkillPotion"}],"is_trial":false,"path_per_floor":["M","?","M","?","M","R","M","$","T","M","R","E","$","M"],"character_chosen":"IRONCLAD","items_purchased":["Membership Card","Whirlwind"],"campfire_rested":1,"item_purchase_floors":[8,13],"current_hp_per_floor":[74,74,60,48,37,37,21,21,21,9,33,5,5,0],"gold":153,"neow_bonus":"BOSS_RELIC","is_prod":false,"is_daily":false,"chose_seed":false,"campfire_upgraded":1,"win_rate":1,"timestamp":1548114018,"path_taken":["M","?","M","?","M","R","?","$","T","M","R","E","$","M"],"build_version":"2019-01-17v2","purchased_purges":2,"victory":false,"max_hp_per_floor":[80,80,80,80,80,80,80,80,80,80,80,80,80,80],"card_choices":[],"player_experience":132954,"relics_obtained":[{"floor":9,"key":"Shuriken"},{"floor":12,"key":"Bag of Preparation"}],"event_choices":[{"damage_healed":0,"gold_gain":175,"player_choice":"AGREE","damage_taken":0,"max_hp_gain":0,"max_hp_loss":0,"event_name":"Liars Game","floor":2,"gold_loss":0,"cards_obtained":["Doubt"]},{"damage_healed":0,"gold_gain":0,"player_choice":"Success","damage_taken":12,"relics_obtained":["Happy Flower"],"max_hp_gain":0,"max_hp_loss":0,"event_name":"Scrap Ooze","floor":4,"gold_loss":0}],"is_beta":false,"boss_relics":[],"items_purged_floors":[8,13],"is_endless":false,"potions_floor_spawned":[1,5,10],"killed_by":"3 Louse","ascension_level":0}