{"gold_per_floor":[111,131,146,159,177,177,195,195,269,279,296,154,154,166,166,263,313,325,325,325,189,177,177,177],"floor_reached":24,"playtime":2922,"items_purged":["Defend_G","Defend_G"],"score":192,"play_id":"fddc7f86-bd08-4ee0-a02e-e2d72ea34216","local_time":"20190201212950","is_ascension_mode":false,"campfire_choices":[{"data":"Poisoned Stab","floor":6,"key":"SMITH"},{"floor":15,"key":"REST"},{"data":"Dodge and Roll","floor":23,"key":"SMITH"}],"neow_cost":"NONE","seed_source_timestamp":0,"circlet_count":0,"master_deck":["Defend_G","Defend_G","Defend_G","Strike_G","Strike_G","Strike_G","Strike_G","Survivor","Neutralize","Quick Slash","Prepared","Poisoned Stab+1","Backstab","Dodge and Roll+1","Backflip","Blur","Dash+1","Footwork+1","Burst","Dagger Throw+1","Crippling Poison"],"special_seed":0,"relics":["Ring of the Snake","NeowsBlessing","Molten Egg 2","FaceOfCleric","Tiny House","MutagenicStrength"],"potions_floor_usage":[10,16,16,22,24,24],"damage_taken":[{"damage":0.0,"enemies":"Small Slimes","floor":1.0,"turns":1.0},{"damage":0.0,"enemies":"Cultist","floor":2.0,"turns":1.0},{"damage":0.0,"enemies":"Jaw Worm","floor":3.0,"turns":1.0},{"damage":14.0,"enemies":"Gremlin Gang","floor":4.0,"turns":9.0},{"damage":2.0,"enemies":"Exordium Thugs","floor":5.0,"turns":6.0},{"damage":0,"enemies":"Blue Slaver","floor":7,"turns":4},{"damage":10,"enemies":"Large Slime","floor":10,"turns":12},{"damage":0,"enemies":"3 Louse","floor":11,"turns":5},{"damage":0,"enemies":"2 Fungi Beasts","floor":14,"turns":3},{"damage":54,"enemies":"Hexaghost","floor":16,"turns":18},{"damage":0,"enemies":"Shell Parasite","floor":18,"turns":8},{"damage":13,"enemies":"2 Thieves","floor":22,"turns":4},{"damage":74,"enemies":"Gremlin Leader","floor":24,"turns":9}],"seed_played":"-4952345719938314107","potions_obtained":[{"floor":1.0,"key":"Dexterity Potion"},{"floor":3.0,"key":"Regen Potion"},{"floor":5.0,"key":"Weak Potion"},{"floor":11,"key":"Fire Potion"},{"floor":17,"key":"LiquidBronze"},{"floor":18,"key":"Explosive Potion"}],"is_trial":false,"path_per_floor":["M","M","M","M","M","R","M","?","T","M","M","$","?","M","R","B",null,"M","?","?","$","M","R","E"],"character_chosen":"THE_SILENT","items_purchased":["Footwork","Crippling Poison"],"campfire_rested":1,"item_purchase_floors":[12,21],"current_hp_per_floor":[70,70,70,56,54,54,54,54,54,59,59,59,59,60,71,18,77,78,78,78,78,66,66,0],"gold":177,"neow_bonus":"THREE_ENEMY_KILL","is_prod":false,"is_daily":false,"chose_seed":false,"campfire_upgraded":2,"win_rate":0.0,"timestamp":1549016990,"path_taken":["M","M","M","M","M","R","M","?","T","M","M","$","?","M","R","BOSS","M","?","?","$","M","R","E"],"build_version":"2019-01-23","purchased_purges":2,"victory":false,"max_hp_per_floor":[70,70,70,70,70,70,70,70,70,70,70,70,70,71,71,72,77,78,78,78,78,79,79,79],"card_choices":[{"not_picked":["Choke","Deflect"],"picked":"Quick Slash","floor":1.0},{"not_picked":["Tactician","Choke"],"picked":"Prepared","floor":2.0},{"not_picked":["Endless Agony","Deadly Poison"],"picked":"Poisoned Stab","floor":3.0},{"not_picked":["Outmaneuver","Eviscerate"],"picked":"Backstab","floor":4.0},{"not_picked":["Bouncing Flask","Dagger Spray"],"picked":"Dodge and Roll","floor":5.0},{"not_picked":["Prepared","Tactician"],"picked":"Backflip","floor":7},{"not_picked":["Prepared","Outmaneuver"],"picked":"Blur","floor":10},{"not_picked":["Underhanded Strike+1","Acrobatics"],"picked":"Dash+1","floor":11},{"not_picked":["Underhanded Strike+1","Well Laid Plans","Distraction"],"picked":"SKIP","floor":14},{"not_picked":["Wraith Form v2","Glass Knife+1"],"picked":"Burst","floor":16},{"not_picked":["Well Laid Plans","Masterful Stab+1"],"picked":"Dagger Throw+1","floor":17},{"not_picked":["Terror","Dagger Spray+1","Eviscerate+1"],"picked":"SKIP","floor":18},{"not_picked":["Sucker Punch+1","Bouncing Flask","Caltrops+1"],"picked":"SKIP","floor":22}],"player_experience":9564,"relics_obtained":[{"floor":9,"key":"Molten Egg 2"}],"event_choices":[{"damage_healed":0,"gold_gain":0,"player_choice":"Bought 0 Potions","damage_taken":0,"max_hp_gain":0,"max_hp_loss":0,"event_name":"The Woman in Blue","floor":8,"gold_loss":0},{"damage_healed":0,"gold_gain":0,"player_choice":"Trade","damage_taken":0,"relics_obtained":["FaceOfCleric"],"max_hp_gain":0,"max_hp_loss":0,"event_name":"FaceTrader","floor":13,"gold_loss":0},{"damage_healed":0,"gold_gain":0,"player_choice":"Inject Mutagens","damage_taken":0,"relics_obtained":["MutagenicStrength"],"max_hp_gain":0,"max_hp_loss":0,"event_name":"Drug Dealer","floor":19,"gold_loss":0},{"cards_removed":["Strike_G"],"damage_healed":0,"gold_gain":0,"player_choice":"Purged","damage_taken":0,"max_hp_gain":0,"max_hp_loss":0,"event_name":"Purifier","floor":20,"gold_loss":0}],"is_beta":false,"boss_relics":[{"not_picked":["Ectoplasm","Cursed Key"],"picked":"Tiny House"}],"items_purged_floors":[12,21],"is_endless":false,"potions_floor_spawned":[1,3,5,11,18],"killed_by":"Gremlin Leader","ascension_level":0}