{"gold_per_floor":[112,122,134,151,164,191,291,320,320,338,338],"floor_reached":11,"playtime":955,"items_purged":[],"score":87,"play_id":"5fff7c09-343d-431d-8b70-03d9273c307f","local_time":"20181224030732","is_ascension_mode":false,"campfire_choices":[],"neow_cost":"NONE","seed_source_timestamp":124671706050881,"circlet_count":0,"master_deck":["Defend_G","Defend_G","Defend_G","Defend_G","Defend_G","Strike_G","Strike_G","Strike_G","Strike_G+1","Survivor","Neutralize","Eviscerate+1","Well Laid Plans","Prepared","Poisoned Stab","Well Laid Plans","Terror","Quick Slash","Prepared"],"relics":["Ring of the Snake","Bag of Marbles","Singing Bowl","Whetstone"],"potions_floor_usage":[6,8],"damage_taken":[{"damage":1,"enemies":"Cultist","floor":1,"turns":5},{"damage":0,"enemies":"Small Slimes","floor":2,"turns":7},{"damage":2,"enemies":"Jaw Worm","floor":3,"turns":8},{"damage":5,"enemies":"Large Slime","floor":4,"turns":6},{"damage":11,"enemies":"Exordium Wildlife","floor":5,"turns":8},{"damage":20,"enemies":"Lagavulin","floor":6,"turns":7},{"damage":15,"enemies":"3 Sentries","floor":8,"turns":8},{"damage":7,"enemies":"Blue Slaver","floor":10,"turns":3}],"seed_played":"7529305569556392689","potions_obtained":[{"floor":1,"key":"LiquidBronze"},{"floor":5,"key":"GamblersBrew"},{"floor":8,"key":"Dexterity Potion"}],"is_trial":false,"path_per_floor":["M","M","M","M","M","E","?","E","T","M","$"],"character_chosen":"THE_SILENT","items_purchased":[],"campfire_rested":0,"item_purchase_floors":[],"current_hp_per_floor":[69,69,67,62,51,31,31,16,16,11,11],"gold":338,"neow_bonus":"TRANSFORM_CARD","is_prod":false,"is_daily":false,"chose_seed":false,"campfire_upgraded":0,"win_rate":0,"timestamp":1545617252,"path_taken":["M","M","M","M","?","E","?","E","T","M","$"],"build_version":"2018-12-20","purchased_purges":0,"victory":false,"max_hp_per_floor":[70,70,70,70,70,70,70,70,70,72,72],"card_choices":[{"not_picked":["Expertise","Catalyst"],"picked":"Well Laid Plans","floor":1},{"not_picked":["Blade Dance","Masterful Stab"],"picked":"Prepared","floor":2},{"not_picked":["Outmaneuver","PiercingWail"],"picked":"Poisoned Stab","floor":3},{"not_picked":["Tactician","All Out Attack"],"picked":"Well Laid Plans","floor":4},{"not_picked":["Infinite Blades","Finisher"],"picked":"Terror","floor":5},{"not_picked":["PiercingWail","Accuracy"],"picked":"Quick Slash","floor":6},{"not_picked":["Catalyst","Terror"],"picked":"Prepared","floor":8},{"not_picked":["PiercingWail","Bouncing Flask","Flying Knee"],"picked":"Singing Bowl","floor":10}],"player_experience":93543,"relics_obtained":[{"floor":6,"key":"Bag of Marbles"},{"floor":8,"key":"Singing Bowl"},{"floor":9,"key":"Whetstone"}],"event_choices":[{"damage_healed":0,"gold_gain":100,"player_choice":"Pray","damage_taken":0,"max_hp_gain":0,"max_hp_loss":0,"event_name":"Golden Shrine","floor":7,"gold_loss":0}],"is_beta":false,"boss_relics":[],"items_purged_floors":[],"is_endless":false,"potions_floor_spawned":[1,5,8],"ascension_level":0}