{"gold_per_floor":[138,177,30,305,101,179,179,260,298,310,397,445,535,547,559,890,902,956,877,99,99,135,226,43,43,43,79,164,9,143,205,205,514,514,576,618,578,578,611,715,715,715,740,828,1103,1103,374,420,420,420],"floor_reached":51,"playtime":1522,"items_purged":["Regret","Strike_R","Normality"],"score":1484,"play_id":"9f8d1cf8-302e-46db-8926-8446d8464438","local_time":"20181011021242","daily_mods":["Cursed Run","Diverse","Midas"],"is_ascension_mode":true,"campfire_choices":[{"floor":7.0,"key":"REST"},{"floor":10.0,"key":"REST"},{"floor":15.0,"key":"REST"},{"floor":25.0,"key":"REST"},{"floor":32,"key":"REST"},{"floor":41,"key":"REST"},{"floor":46,"key":"REST"},{"floor":49,"key":"REST"}],"neow_cost":"","seed_source_timestamp":0,"circlet_count":0,"master_deck":["Strike_R","Strike_R","Strike_R","Strike_R","Defend_R+1","Defend_R","Defend_R","Defend_R+1","Bash","Crippling Poison","Armaments","Masterful Stab","Dramatic Entrance","Conserve Battery","Dagger Spray","Regret","Cloak And Dagger","Seek","Regret","Burst","Shame","Clumsy","Doubt","Sword Boomerang+1","Blade Dance","Fire Breathing+1","Double Energy","Impervious","Whirlwind","Spot Weakness","Self Repair+1","PiercingWail","Decay","Iron Wave+1","Go for the Eyes+1","Seeing Red+1","Writhe","Malaise","Terror+1","Beam Cell","Go for the Eyes","Writhe","Caltrops+1","Well Laid Plans+1","Offering","Ghostly Armor","Dash","Impatience","Rupture+1","FTL","Undo+1"],"special_seed":0,"relics":["Cursed Key","Darkstone Periapt","Du-Vu Doll","War Paint","Bag of Preparation","MawBank","Juzu Bracelet","Red Skull","Golden Idol","Calling Bell","Centennial Puzzle","Matryoshka","WingedGreaves","Dodecahedron","Frozen Egg 2","Brimstone","Dream Catcher","Bronze Scales","Potion Belt","Paper Frog","Prayer Wheel","Pen Nib","Tiny Chest","White Beast Statue","Bottled Flame","Omamori","Happy Flower","Unceasing Top","Bag of Marbles","Blood Vial"],"potions_floor_usage":[30,33,42,50],"damage_taken":[{"damage":3.0,"enemies":"Jaw Worm","floor":1.0,"turns":4.0},{"damage":4.0,"enemies":"Cultist","floor":2.0,"turns":3.0},{"damage":7.0,"enemies":"Gremlin Nob","floor":6.0,"turns":3.0},{"damage":17.0,"enemies":"Lagavulin","floor":8.0,"turns":5.0},{"damage":0.0,"enemies":"2 Louse","floor":12.0,"turns":1.0},{"damage":4.0,"enemies":"3 Sentries","floor":13.0,"turns":4.0},{"damage":28.0,"enemies":"The Guardian","floor":16.0,"turns":12.0},{"damage":10.0,"enemies":"Shell Parasite","floor":18.0,"turns":4.0},{"damage":22.0,"enemies":"3 Byrds","floor":22.0,"turns":4.0},{"damage":8.0,"enemies":"Slavers","floor":23.0,"turns":3.0},{"damage":5.0,"enemies":"3 Cultists","floor":27.0,"turns":2.0},{"damage":3.0,"enemies":"Gremlin Leader","floor":28.0,"turns":2.0},{"damage":7,"enemies":"Book of Stabbing","floor":30,"turns":4},{"damage":0,"enemies":"Sentry and Sphere","floor":31,"turns":2},{"damage":43,"enemies":"Automaton","floor":33,"turns":6},{"damage":0,"enemies":"Orb Walker","floor":35,"turns":2},{"damage":4,"enemies":"3 Shapes","floor":36,"turns":1},{"damage":2,"enemies":"Reptomancer","floor":39,"turns":3},{"damage":35,"enemies":"Giant Head","floor":40,"turns":5},{"damage":24,"enemies":"Nemesis","floor":42,"turns":3},{"damage":6,"enemies":"2 Orb Walkers","floor":44,"turns":1},{"damage":6,"enemies":"Sphere and 2 Shapes","floor":48,"turns":1},{"damage":74,"enemies":"Time Eater","floor":50,"turns":7}],"seed_played":"7492301351684553161","potions_obtained":[{"floor":1.0,"key":"Fire Potion"},{"floor":2.0,"key":"Energy Potion"},{"floor":8.0,"key":"SpeedPotion"},{"floor":22.0,"key":"LiquidBronze"},{"floor":23.0,"key":"PowerPotion"},{"floor":28.0,"key":"SpeedPotion"},{"floor":31,"key":"PowerPotion"},{"floor":35,"key":"Weak Potion"},{"floor":36,"key":"SmokeBomb"},{"floor":44,"key":"EssenceOfSteel"}],"is_trial":true,"path_per_floor":["M","M","$","?","$","E","R","E","T","R","?","M","E","?","R","B",null,"M","?","$","?","M","E","$","R","T","M","E","$","E","M","R","B",null,"M","M","?","?","M","E","R","E","T","E","?","R","$","M","R","B"],"character_chosen":"IRONCLAD","items_purchased":["War Paint","Masterful Stab","Dramatic Entrance","Frozen Egg 2","Brimstone","Blade Dance","Fire Breathing+1","Dream Catcher","Whirlwind","Spot Weakness","Self Repair+1","Pen Nib","Bag of Marbles","Dash","Impatience","SkillPotion","Energy Potion","Blood Vial","Rupture+1"],"campfire_rested":8,"item_purchase_floors":[3,5,5,20,20,20,20,20,24,24,24,29,47,47,47,47,47,47,47],"current_hp_per_floor":[69,65,65,71,71,64,86,69,75,92,81,81,77,77,85,63,102,92,92,92,92,70,62,62,94,100,105,102,102,95,105,115,88,113,113,119,119,127,127,102,127,103,109,103,103,133,133,127,133,59],"gold":420,"neow_bonus":"","is_prod":false,"is_daily":false,"chose_seed":false,"campfire_upgraded":0,"win_rate":0,"timestamp":1539216762,"path_taken":["M","M","$","?","$","E","R","E","T","R","?","M","E","?","R","BOSS","M","?","$","?","M","E","$","R","T","M","E","$","E","M","R","BOSS","M","M","?","?","M","E","R","E","T","E","?","R","$","M","R","BOSS"],"build_version":"2018-10-04v2","purchased_purges":3,"victory":true,"max_hp_per_floor":[80,80,80,86,86,86,86,86,92,92,92,92,92,85,85,91,109,109,109,109,109,109,109,109,109,115,115,115,115,115,115,115,121,121,121,121,121,127,127,127,127,127,133,133,133,133,133,133,133,133],"card_choices":[{"not_picked":["Static Discharge","Well Laid Plans"],"picked":"Crippling Poison","floor":1.0},{"not_picked":["Feel No Pain","Body Slam"],"picked":"Armaments","floor":2.0},{"not_picked":["Iron Wave","Pommel Strike"],"picked":"Conserve Battery","floor":6.0},{"not_picked":["Escape Plan","Sever Soul"],"picked":"Dagger Spray","floor":8.0},{"not_picked":["Redo","A Thousand Cuts"],"picked":"Cloak And Dagger","floor":12.0},{"not_picked":["Static Discharge","Metallicize"],"picked":"Seek","floor":13.0},{"not_picked":["Grand Finale","Biased Cognition"],"picked":"Burst","floor":16.0},{"not_picked":["Coolheaded","Prepared+1"],"picked":"Sword Boomerang","floor":18.0},{"not_picked":["Sweeping Beam+1","Reprogram"],"picked":"Double Energy","floor":22.0},{"not_picked":["Escape Plan","Turbo+1"],"picked":"Impervious","floor":23.0},{"not_picked":["Escape Plan","Sweeping Beam"],"picked":"PiercingWail","floor":25.0},{"not_picked":["Anger","Headbutt"],"picked":"Iron Wave+1","floor":27.0},{"not_picked":["Sunder","Clothesline","Blood for Blood"],"picked":"SKIP","floor":28.0},{"not_picked":["Cleave","Noxious Fumes+1","Barrage"],"picked":"SKIP","floor":30},{"not_picked":["Chaos+1","Slice"],"picked":"Go for the Eyes","floor":31},{"not_picked":["Wraith Form v2+1","Cold Snap+1","Steam Power"],"picked":"SKIP","floor":31},{"not_picked":["Backflip","True Grit"],"picked":"Seeing Red+1","floor":32},{"not_picked":["Impervious","Fission"],"picked":"Malaise","floor":33},{"not_picked":["Redo+1","Acrobatics+1"],"picked":"Terror+1","floor":35},{"not_picked":["Eviscerate","Streamline+1","Poisoned Stab"],"picked":"SKIP","floor":35},{"not_picked":["Coolheaded","Fire Breathing+1"],"picked":"Beam Cell","floor":36},{"not_picked":["Headbutt","Wild Strike+1"],"picked":"Go for the Eyes","floor":36},{"not_picked":["Coolheaded","Twin Strike"],"picked":"Caltrops+1","floor":39},{"not_picked":["Sever Soul","Fire Breathing+1"],"picked":"Well Laid Plans+1","floor":39},{"not_picked":["Machine Learning+1","Sucker Punch+1"],"picked":"Offering","floor":40},{"not_picked":["Choke","Blizzard+1","Terror"],"picked":"SKIP","floor":44},{"not_picked":["Quick Slash","Anger"],"picked":"Ghostly Armor","floor":46},{"not_picked":["Streamline+1","Biased Cognition+1"],"picked":"FTL","floor":48},{"not_picked":["Noxious Fumes+1","Chill"],"picked":"Undo+1","floor":48}],"player_experience":956458,"relics_obtained":[{"floor":6.0,"key":"Bag of Preparation"},{"floor":8.0,"key":"MawBank"},{"floor":9.0,"key":"Juzu Bracelet"},{"floor":13.0,"key":"Red Skull"},{"floor":17.0,"key":"Centennial Puzzle"},{"floor":17.0,"key":"Matryoshka"},{"floor":17.0,"key":"WingedGreaves"},{"floor":23.0,"key":"Bronze Scales"},{"floor":26.0,"key":"Potion Belt"},{"floor":26.0,"key":"Paper Frog"},{"floor":28.0,"key":"Prayer Wheel"},{"floor":30,"key":"Tiny Chest"},{"floor":40,"key":"Bottled Flame"},{"floor":43,"key":"Omamori"},{"floor":43,"key":"Happy Flower"},{"floor":44,"key":"Unceasing Top"}],"event_choices":[{"event_name":"Golden Shrine","player_choice":"Desecrate","floor":4.0,"damage_taken":0.0},{"event_name":"World of Goop","player_choice":"Gather Gold","floor":11.0,"damage_taken":0.0},{"event_name":"Golden Idol","player_choice":"Lose Max HP","floor":14.0,"damage_taken":0.0},{"event_name":"WeMeetAgain","player_choice":"Gold","floor":19.0,"damage_taken":0.0},{"event_name":"Vampires","player_choice":"Ignored","floor":21.0,"damage_taken":0.0},{"event_name":"Designer","player_choice":"Upgrade 2 Random Cards","floor":37,"damage_taken":0},{"event_name":"Winding Halls","player_choice":"Writhe","floor":38,"damage_taken":0},{"event_name":"Golden Shrine","player_choice":"Desecrate","floor":45,"damage_taken":0}],"is_beta":false,"boss_relics":[{"not_picked":["Pandora\u0027s Box","Astrolabe"],"picked":"Calling Bell"},{"not_picked":["Snecko Eye","Coffee Dripper"],"picked":"White Beast Statue"}],"items_purged_floors":[5,20,47],"is_endless":false,"potions_floor_spawned":[1,2,8,22,23,28,31,35,36,39,40,42,44,48],"ascension_level":9}