{"gold_per_floor":[114,131,146,146,164,164,197,212,212,212,222,277,277,288,288,364,364,380,400,400,380,400,400,400],"floor_reached":24,"playtime":796,"items_purged":[],"score":410,"play_id":"c9b5a10a-2b6f-4e44-bb5a-7a5c595d3784","local_time":"20190112103115","is_ascension_mode":true,"campfire_choices":[{"data":"Barrage","floor":6.0,"key":"SMITH"},{"data":"Zap","floor":10.0,"key":"SMITH"},{"data":"Core Surge","floor":13.0,"key":"SMITH"},{"data":"Streamline","floor":15.0,"key":"SMITH"},{"floor":23,"key":"REST"}],"neow_cost":"NONE","seed_source_timestamp":0,"circlet_count":0,"master_deck":["AscendersBane","Strike_B+1","Strike_B+1","Strike_B+1","Strike_B+1","Defend_B+1","Defend_B+1","Defend_B+1","Defend_B+1","Zap+1","Dualcast","Steam","Barrage+1","Streamline+1","Coolheaded","Leap","FTL","Coolheaded+1","Core Surge+1","Buffer","Conserve Battery+1","Leap+1"],"special_seed":0,"relics":["Cracked Core","Smiling Mask","Toxic Egg 2","Tiny Chest","Sozu"],"potions_floor_usage":[16,24],"damage_taken":[{"damage":4.0,"enemies":"2 Louse","floor":1.0,"turns":4.0},{"damage":6.0,"enemies":"Jaw Worm","floor":2.0,"turns":3.0},{"damage":0.0,"enemies":"Cultist","floor":3.0,"turns":3.0},{"damage":7.0,"enemies":"Looter","floor":5.0,"turns":3.0},{"damage":23.0,"enemies":"3 Sentries","floor":7.0,"turns":8.0},{"damage":3.0,"enemies":"Blue Slaver","floor":8.0,"turns":3.0},{"damage":7.0,"enemies":"2 Fungi Beasts","floor":11.0,"turns":3.0},{"damage":6.0,"enemies":"Gremlin Nob","floor":12.0,"turns":3.0},{"damage":0.0,"enemies":"3 Louse","floor":14.0,"turns":2.0},{"damage":42,"enemies":"Slime Boss","floor":16,"turns":8},{"damage":15,"enemies":"2 Thieves","floor":18,"turns":4},{"damage":19,"enemies":"3 Byrds","floor":19,"turns":7},{"damage":3,"enemies":"Snecko","floor":22,"turns":6},{"damage":60,"enemies":"Gremlin Leader","floor":24,"turns":8}],"seed_played":"-2594651764717591452","potions_obtained":[{"floor":1.0,"key":"SteroidPotion"},{"floor":2.0,"key":"Regen Potion"},{"floor":7.0,"key":"Swift Potion"},{"floor":12.0,"key":"Regen Potion"},{"floor":16,"key":"Dexterity Potion"}],"is_trial":false,"path_per_floor":["M","M","M","?","M","R","E","M","T","R","M","E","R","M","R","B",null,"M","M","?","?","M","R","E"],"character_chosen":"DEFECT","items_purchased":[],"campfire_rested":1,"item_purchase_floors":[],"current_hp_per_floor":[67,61,61,61,54,54,46,43,43,43,36,30,30,30,30,3,59,44,25,25,25,22,45,0],"gold":400,"neow_bonus":"TEN_PERCENT_HP_BONUS","is_prod":false,"is_daily":false,"chose_seed":false,"campfire_upgraded":4,"win_rate":0,"timestamp":1547256675,"path_taken":["M","M","M","?","M","R","E","M","T","R","M","E","R","M","R","BOSS","M","M","?","?","?","R","E"],"build_version":"2019-01-10","purchased_purges":0,"victory":false,"max_hp_per_floor":[78,78,78,78,78,78,78,78,78,78,78,78,78,78,78,78,78,78,78,78,78,78,78,78],"card_choices":[{"not_picked":["Lockon","Sweeping Beam"],"picked":"Steam","floor":1.0},{"not_picked":["Chill","Fusion"],"picked":"Barrage","floor":2.0},{"not_picked":["Steam","Go for the Eyes"],"picked":"Streamline","floor":3.0},{"not_picked":["Turbo","Consume"],"picked":"Coolheaded","floor":5.0},{"not_picked":["Recycle","Capacitor"],"picked":"Leap","floor":7.0},{"not_picked":["Defragment","Redo"],"picked":"FTL","floor":8.0},{"not_picked":["Leap+1","Go for the Eyes"],"picked":"Coolheaded+1","floor":11.0},{"not_picked":["Steam+1","Rip and Tear"],"picked":"Core Surge","floor":12.0},{"not_picked":["Coolheaded+1","Recycle+1","Compile Driver"],"picked":"SKIP","floor":14.0},{"not_picked":["Amplify+1","Meteor Strike"],"picked":"Buffer","floor":16},{"not_picked":["Sweeping Beam","Rebound"],"picked":"Conserve Battery+1","floor":18},{"not_picked":["Reprogram+1","Cold Snap+1"],"picked":"Leap+1","floor":19},{"not_picked":["Sweeping Beam","Reprogram+1","Recycle+1"],"picked":"SKIP","floor":22}],"player_experience":1035748,"relics_obtained":[{"floor":7.0,"key":"Smiling Mask"},{"floor":9.0,"key":"Toxic Egg 2"},{"floor":12.0,"key":"Tiny Chest"}],"event_choices":[{"damage_healed":0.0,"max_hp_gain":0.0,"max_hp_loss":0.0,"gold_gain":0.0,"event_name":"Liars Game","player_choice":"Ignored","floor":4.0,"gold_loss":0.0,"damage_taken":0.0},{"damage_healed":0,"gold_gain":0,"player_choice":"Simplicity","damage_taken":0,"max_hp_gain":0,"max_hp_loss":0,"event_name":"Back to Basics","floor":20,"gold_loss":0,"cards_upgraded":["Strike_B","Strike_B","Strike_B","Strike_B","Defend_B","Defend_B","Defend_B","Defend_B"]},{"damage_healed":0,"gold_gain":0,"player_choice":"Bought 1 Potion","damage_taken":0,"max_hp_gain":0,"max_hp_loss":0,"event_name":"The Woman in Blue","floor":21,"gold_loss":0}],"is_beta":false,"boss_relics":[{"not_picked":["FrozenCore","Calling Bell"],"picked":"Sozu"}],"items_purged_floors":[],"is_endless":false,"potions_floor_spawned":[1,2,7,12,16,19,22],"killed_by":"Gremlin Leader","ascension_level":19}