{"gold_per_floor":[111,176,176,189,202,235,235,248,293,293,293,293,328,47,47,151,151,168,13,13,13,24,24,24,24,24,51,51,85,85,103,103,203,203,219,219,167,267,267,267,282,282,334,346,358,395,65,94,94,94],"floor_reached":51,"playtime":2542,"items_purged":[],"score":1465,"play_id":"f2287f8e-e6c6-4774-b512-b3a9e81ab9e2","local_time":"20190123212913","daily_mods":["SealedDeck","Diverse"],"is_ascension_mode":true,"campfire_choices":[{"data":"Uppercut","floor":7.0,"key":"SMITH"},{"data":"Noxious Fumes","floor":10.0,"key":"SMITH"},{"data":"Footwork","floor":15.0,"key":"SMITH"},{"data":"Barricade","floor":23,"key":"SMITH"},{"data":"Hologram","floor":25,"key":"SMITH"},{"floor":28,"key":"DIG"},{"data":"Riddle With Holes","floor":32,"key":"SMITH"},{"floor":40,"key":"DIG"},{"data":"Metallicize","floor":42,"key":"SMITH"},{"floor":45,"key":"DIG"},{"floor":49,"key":"DIG"}],"neow_cost":"","seed_source_timestamp":0,"circlet_count":0,"master_deck":["AscendersBane","Metallicize+1","Streamline+1","Hologram+1","Slice","Steam","Glacier","Noxious Fumes+1","Bane+1","Poisoned Stab","Backflip","Steam","Shrug It Off","Uppercut+1","Deadly Poison","Footwork+1","Deflect","Barricade+1","Shame","Escape Plan","Deflect+1","Entrench+1","Riddle With Holes+1","Impervious+1","Conserve Battery+1","Leap+1","Apotheosis+1","Glacier+1","Body Slam+1","Shrug It Off+1"],"special_seed":0,"relics":["Ring of the Snake","Mummified Hand","Ancient Tea Set","Blood Vial","Bag of Preparation","Sozu","Whetstone","Bronze Scales","Toxic Egg 2","Shovel","Vajra","Shuriken","StoneCalendar","Thread and Needle","Prayer Wheel","MawBank","Gremlin Horn","Dream Catcher","Nunchaku","Pear","Turnip"],"potions_floor_usage":[29,41],"damage_taken":[{"damage":0.0,"enemies":"Small Slimes","floor":1.0,"turns":4.0},{"damage":0.0,"enemies":"Cultist","floor":4.0,"turns":2.0},{"damage":0.0,"enemies":"2 Louse","floor":5.0,"turns":3.0},{"damage":3.0,"enemies":"Lagavulin","floor":6.0,"turns":5.0},{"damage":0.0,"enemies":"Exordium Wildlife","floor":8.0,"turns":2.0},{"damage":0.0,"enemies":"Gremlin Nob","floor":13.0,"turns":3.0},{"damage":0,"enemies":"The Guardian","floor":16,"turns":7},{"damage":0,"enemies":"Shell Parasite","floor":18,"turns":5},{"damage":0,"enemies":"3 Byrds","floor":22,"turns":3},{"damage":0,"enemies":"Gremlin Leader","floor":27,"turns":5},{"damage":0,"enemies":"Book of Stabbing","floor":29,"turns":5},{"damage":0,"enemies":"3 Cultists","floor":31,"turns":4},{"damage":0,"enemies":"Champ","floor":33,"turns":8},{"damage":5,"enemies":"3 Shapes","floor":35,"turns":6},{"damage":0,"enemies":"Mind Bloom Boss Battle","floor":38,"turns":7},{"damage":0,"enemies":"3 Darklings","floor":41,"turns":5},{"damage":0,"enemies":"Nemesis","floor":46,"turns":7},{"damage":0,"enemies":"Reptomancer","floor":48,"turns":7},{"damage":9,"enemies":"Awakened One","floor":50,"turns":11}],"seed_played":"8013734223428453399","potions_obtained":[{"floor":3.0,"key":"FairyPotion"},{"floor":3.0,"key":"Swift Potion"},{"floor":3.0,"key":"Weak Potion"},{"floor":4.0,"key":"PowerPotion"},{"floor":16,"key":"Swift Potion"}],"is_trial":true,"path_per_floor":["M","?","?","M","M","E","R","M","T","R","$","?","E","$","R","B",null,"M","$","?","?","M","R","$","R","T","E","R","E","$","M","R","B",null,"M","T","$","?","?","R","M","R","T","?","R","E","$","E","R","B",null],"character_chosen":"THE_SILENT","items_purchased":["Footwork","Bag of Preparation","Deflect","Whetstone","Conserve Battery+1","Nunchaku","Shrug It Off+1"],"campfire_rested":0,"item_purchase_floors":[14,14,14,19,37,47,47],"current_hp_per_floor":[63,63,63,63,63,60,60,60,60,60,60,60,60,60,60,62,68,70,70,70,70,70,70,70,70,70,70,70,70,70,70,70,70,70,65,65,65,67,67,67,69,69,69,69,69,70,70,80,80,71],"gold":94,"neow_bonus":"","is_prod":false,"is_daily":false,"chose_seed":false,"campfire_upgraded":7,"win_rate":0,"timestamp":1548275353,"path_taken":["M","?","?","M","?","E","R","M","T","R","$","?","E","$","R","BOSS","M","$","?","?","M","R","?","R","T","E","R","E","$","?","R","BOSS","M","?","$","?","?","R","M","R","T","?","R","E","$","E","R","BOSS"],"build_version":"2019-01-23","purchased_purges":0,"victory":true,"max_hp_per_floor":[70,70,70,70,70,70,70,70,70,70,70,70,70,70,70,70,70,70,70,70,70,70,70,70,70,70,70,70,70,70,70,70,70,70,70,70,70,70,70,70,70,70,70,70,70,70,70,80,80,80],"card_choices":[{"not_picked":["Flying Knee","Chaos"],"picked":"Pommel Strike","floor":1.0},{"not_picked":["Combust","Flex"],"picked":"Steam","floor":4.0},{"not_picked":["Clothesline","Stack"],"picked":"Shrug It Off","floor":5.0},{"not_picked":["Tactician","Reboot"],"picked":"Uppercut","floor":6.0},{"not_picked":["Aggregate","Cleave"],"picked":"Deadly Poison","floor":8.0},{"not_picked":["Dagger Spray","Electrodynamics","Cold Snap"],"picked":"SKIP","floor":13.0},{"not_picked":["Demon Form","Berserk"],"picked":"Barricade","floor":16},{"not_picked":["Clothesline","Dagger Spray","Acrobatics"],"picked":"SKIP","floor":18},{"not_picked":["Acrobatics","Flex"],"picked":"Escape Plan","floor":22},{"not_picked":["Rip and Tear","Headbutt"],"picked":"Deflect+1","floor":27},{"not_picked":["Disarm+1","Gash"],"picked":"Entrench+1","floor":29},{"not_picked":["Noxious Fumes","Havoc+1"],"picked":"Riddle With Holes","floor":31},{"not_picked":["Core Surge","Venomology+1"],"picked":"Impervious+1","floor":33},{"not_picked":["Pummel+1","Eviscerate+1","Cold Snap+1"],"picked":"SKIP","floor":35},{"not_picked":["Prepared+1","Dagger Spray+1"],"picked":"Leap+1","floor":38},{"not_picked":["Enlightenment+1","Swift Strike"],"picked":"Apotheosis+1","floor":39},{"not_picked":["Sucker Punch","Double Tap+1"],"picked":"Glacier+1","floor":41},{"not_picked":["Warcry+1","Flex+1"],"picked":"Clothesline+1","floor":41},{"not_picked":["PiercingWail+1","Concentrate+1"],"picked":"Body Slam+1","floor":46},{"not_picked":["Evolve","Fire Breathing","Clothesline"],"picked":"SKIP","floor":48}],"player_experience":1077498,"relics_obtained":[{"floor":6.0,"key":"Mummified Hand"},{"floor":9.0,"key":"Ancient Tea Set"},{"floor":13.0,"key":"Blood Vial"},{"floor":26,"key":"Toxic Egg 2"},{"floor":27,"key":"Shovel"},{"floor":28,"key":"Vajra"},{"floor":29,"key":"Shuriken"},{"floor":36,"key":"StoneCalendar"},{"floor":38,"key":"Thread and Needle"},{"floor":40,"key":"Prayer Wheel"},{"floor":43,"key":"MawBank"},{"floor":45,"key":"Gremlin Horn"},{"floor":46,"key":"Dream Catcher"},{"floor":48,"key":"Pear"},{"floor":49,"key":"Turnip"}],"event_choices":[{"damage_healed":0.0,"max_hp_gain":0.0,"max_hp_loss":0.0,"gold_gain":65.0,"event_name":"Golden Wing","player_choice":"Gained Gold","floor":2.0,"gold_loss":0.0,"damage_taken":0.0},{"damage_healed":0.0,"max_hp_gain":0.0,"max_hp_loss":0.0,"gold_gain":0.0,"event_name":"Lab","player_choice":"Got Potions","floor":3.0,"gold_loss":0.0,"damage_taken":0.0},{"cards_removed":["Pommel Strike"],"damage_healed":0.0,"max_hp_gain":0.0,"max_hp_loss":0.0,"gold_gain":0.0,"event_name":"Purifier","player_choice":"Purged","floor":12.0,"gold_loss":0.0,"damage_taken":0.0},{"damage_healed":0,"gold_gain":0,"player_choice":"Stole Relic","damage_taken":0,"relics_obtained":["Bronze Scales"],"max_hp_gain":0,"max_hp_loss":0,"event_name":"Addict","floor":20,"gold_loss":0,"cards_obtained":["Shame"]},{"damage_healed":0,"gold_gain":0,"player_choice":"Ignored","damage_taken":0,"max_hp_gain":0,"max_hp_loss":0,"event_name":"Vampires","floor":21,"gold_loss":0},{"damage_healed":0,"gold_gain":0,"player_choice":"Fight","damage_taken":0,"max_hp_gain":0,"max_hp_loss":0,"event_name":"MindBloom","floor":38,"gold_loss":0},{"damage_healed":0,"gold_gain":0,"player_choice":"Memory 1","damage_taken":0,"max_hp_gain":0,"max_hp_loss":0,"event_name":"SensoryStone","floor":39,"gold_loss":0},{"cards_removed":["Clothesline"],"damage_healed":0,"gold_gain":0,"player_choice":"Removed Attack","damage_taken":0,"max_hp_gain":0,"max_hp_loss":0,"event_name":"Falling","floor":44,"gold_loss":0}],"is_beta":false,"boss_relics":[{"not_picked":["Velvet Choker","Cursed Key"],"picked":"Sozu"},{"not_picked":["Astrolabe","HoveringKite","Fusion Hammer"]}],"items_purged_floors":[],"is_endless":false,"potions_floor_spawned":[4,5,16,22,31,38,41,46],"ascension_level":10}