{"path_per_floor":["M","$","M","?","M","E","R","M","T","R","?","R","M","T","R","B",null,"M","M","$","M","M","R","?","R","T","M","R","M","?","M","R","B",null,"M","M","M","$","M","R","M","?","T","?","R","?","M","M","R"],"character_chosen":"IRONCLAD","items_purchased":["Oddly Smooth Stone"],"gold_per_floor":[117,42,57,57,76,107,107,126,151,151,151,151,164,164,164,267,267,279,299,47,66,83,83,83,83,83,93,93,113,38,50,50,155,155,169,179,192,67,87,87,104,104,104,153,153,153,168,187,187,187],"floor_reached":50,"campfire_rested":3,"playtime":2217,"current_hp_per_floor":[80,80,80,80,80,58,58,60,60,60,44,44,48,48,72,43,80,76,80,80,80,74,74,64,64,64,66,66,75,75,71,71,76,86,86,72,74,74,67,67,51,51,51,26,51,57,81,79,92,0],"items_purged":["Strike_R","Strike_R","Perfected Strike"],"gold":187,"score":448,"play_id":"43983b43-12ba-477f-8eff-8e02e72a9fda","local_time":"20180329171508","is_prod":false,"is_daily":false,"is_ascension_mode":false,"campfire_upgraded":8,"timestamp":1522336508,"path_taken":["M","$","M","?","?","E","R","M","T","R","?","R","M","?","R","BOSS","M","M","$","M","M","R","?","R","T","M","R","M","?","?","R","BOSS","M","M","M","$","M","R","M","?","T","?","R","?","M","M","R","BOSS"],"build_version":"2018-03-22v2","purchased_purges":3,"victory":false,"master_deck":["Strike_R","Defend_R","Defend_R","Defend_R+1","Defend_R+1","Bash+1","Rampage+1","Headbutt+1","Inflame+1","Shrug It Off+1","Barricade+1","Twin Strike+1","Flame Barrier+1","Flex+1","Necronomicurse","True Grit+1","Ghostly Armor+1","Juggernaut+1","Heavy Blade+1","Inflame","Ghostly Armor+1","Shrug It Off","Sword Boomerang+1","Normality"],"max_hp_per_floor":[80,80,80,80,80,80,80,80,80,80,80,80,80,80,80,80,80,80,80,80,80,80,80,86,86,86,86,86,86,86,86,86,86,86,86,86,86,86,86,86,86,86,86,86,86,92,92,92,92,92],"relics":["Burning Blood","NeowsBlessing","Darkstone Periapt","War Paint","Red Skull","Sozu","Oddly Smooth Stone","Necronomicon","Magic Flower","Lizard Tail","Bird Faced Urn","Dead Branch","Ornamental Fan"],"card_choices":[{"not_picked":["Perfected Strike","Twin Strike"],"picked":"Rampage","floor":1},{"not_picked":["Blood for Blood","Pommel Strike"],"picked":"Headbutt","floor":3},{"not_picked":["Sword Boomerang","Armaments"],"picked":"Inflame","floor":5},{"not_picked":["Pommel Strike","Perfected Strike"],"picked":"Shrug It Off","floor":8},{"not_picked":["Demon Form","Immolate"],"picked":"Barricade","floor":16},{"not_picked":["Uppercut","Havoc"],"picked":"Twin Strike","floor":18},{"not_picked":["Twin Strike","Armaments"],"picked":"Flame Barrier","floor":21},{"not_picked":["Twin Strike","Cleave"],"picked":"Flex","floor":22},{"not_picked":["Headbutt","Thunderclap"],"picked":"True Grit","floor":27},{"not_picked":["Uppercut","Body Slam"],"picked":"Ghostly Armor","floor":31},{"not_picked":["Feed","Offering"],"picked":"Juggernaut","floor":33},{"not_picked":["Warcry","Clothesline"],"picked":"Heavy Blade","floor":35},{"not_picked":["Pummel","True Grit"],"picked":"Inflame","floor":36},{"not_picked":["Corruption","Thunderclap"],"picked":"Ghostly Armor","floor":37},{"not_picked":["Twin Strike","Anger"],"picked":"Shrug It Off","floor":39},{"not_picked":["Clothesline","Rupture"],"picked":"Sword Boomerang","floor":41}],"player_experience":214027,"potions_floor_usage":[16,16],"damage_taken":[{"damage":0,"enemies":"Jaw Worm","floor":1,"turns":1},{"damage":0,"enemies":"Cultist","floor":3,"turns":1},{"damage":0,"enemies":"2 Louse","floor":5,"turns":1},{"damage":28,"enemies":"3 Sentries","floor":6,"turns":7},{"damage":4,"enemies":"Gremlin Gang","floor":8,"turns":5},{"damage":2,"enemies":"3 Louse","floor":13,"turns":3},{"damage":35,"enemies":"Hexaghost","floor":16,"turns":9},{"damage":10,"enemies":"Shell Parasite","floor":18,"turns":7},{"damage":0,"enemies":"Spheric Guardian","floor":19,"turns":3},{"damage":4,"enemies":"Snecko","floor":21,"turns":5},{"damage":12,"enemies":"Snake Plant","floor":22,"turns":3},{"damage":7,"enemies":"Chosen and Byrds","floor":27,"turns":6},{"damage":0,"enemies":"Centurion and Healer","floor":29,"turns":6},{"damage":13,"enemies":"3 Cultists","floor":31,"turns":5},{"damage":4,"enemies":"Champ","floor":33,"turns":12},{"damage":4,"enemies":"3 Shapes","floor":35,"turns":6},{"damage":23,"enemies":"3 Darklings","floor":36,"turns":7},{"damage":7,"enemies":"4 Shapes","floor":37,"turns":8},{"damage":16,"enemies":"Sphere and 2 Shapes","floor":39,"turns":7},{"damage":25,"enemies":"Maw","floor":41,"turns":6},{"damage":46,"enemies":"Sphère mystérieuse","floor":44,"turns":6},{"damage":0,"enemies":"4 Shapes","floor":47,"turns":6},{"damage":23,"enemies":"3 Darklings","floor":48,"turns":8},{"damage":183,"enemies":"Awakened One","floor":50,"turns":15}],"event_choices":[{"event_name":"Transmorgrifier","player_choice":"Transform","floor":4,"damage_taken":0},{"event_name":"Shining Light","player_choice":"Entered Light","floor":11,"damage_taken":0},{"event_name":"Cursed Tome","player_choice":"Obtained Book","floor":24,"damage_taken":0},{"event_name":"Beggar","player_choice":"Gave Gold","floor":30,"damage_taken":0},{"event_name":"Tomb of Lord Red Mask","player_choice":"Ignored","floor":42,"damage_taken":0},{"event_name":"Mysterious Sphere","player_choice":"Fight","floor":44,"damage_taken":0},{"event_name":"Accursed Blacksmith","player_choice":"Rummage","floor":46,"damage_taken":0}],"boss_relics":[{"not_picked":["Pandora\u0027s Box","Orrery"],"picked":"Sozu"},{"not_picked":["Question Card","Black Blood"],"picked":"Lizard Tail"}],"potions_floor_spawned":[1,13,21,22,29,31,37,47,48],"seed_played":"-583810929304602816","killed_by":"Awakened One","ascension_level":0,"is_trial":false}