{"path_per_floor":["M","?","M","?","$","R","M","$","T","M","$","?","E","?","R","B",null,"M","$","?","?","M"],"character_chosen":"DEFECT","items_purchased":["Cold Snap","Capacitor"],"gold_per_floor":[112,112,122,122,69,69,84,9,9,27,27,27,67,67,67,198,198,218,95,95,95,110,110],"floor_reached":23,"campfire_rested":1,"playtime":918,"current_hp_per_floor":[75,68,68,50,50,50,50,50,50,50,50,47,25,25,62,52,75,63,63,63,63,59,30],"items_purged":["Strike_B","Strike_B"],"gold":110,"score":187,"play_id":"0afb8d8f-6828-49c8-b451-c243c872e850","local_time":"20180509151142","is_prod":false,"is_daily":false,"chose_seed":false,"is_ascension_mode":false,"campfire_upgraded":1,"timestamp":1525871502,"path_taken":["M","?","M","?","?","R","M","$","T","?","$","?","E","?","R","BOSS","M","$","?","?","M","E"],"build_version":"2018-05-08","seed_source_timestamp":0,"purchased_purges":2,"victory":false,"master_deck":["Strike_B","Defend_B+1","Defend_B","Defend_B","Zap","Dualcast+1","Capacitor","Cold Snap+1","Leap","Seek","Capacitor","Seek","Double Energy+1"],"max_hp_per_floor":[75,75,75,75,75,75,75,75,75,75,75,75,75,75,75,75,75,75,75,75,75,75,75],"relics":["Cracked Core","NeowsBlessing","Golden Idol","Bronze Scales","War Paint","Regal Pillow","Sozu"],"card_choices":[{"not_picked":["Turbo","Cold Snap"],"picked":"Capacitor","floor":3.0},{"not_picked":["Streamline","Beam Cell"],"picked":"Leap","floor":7.0},{"not_picked":["Rainbow","Multi-Cast"],"picked":"Seek","floor":16.0},{"not_picked":["Barrage","Go for the Eyes"],"picked":"Double Energy","floor":22}],"player_experience":14112,"potions_floor_usage":[],"damage_taken":[{"damage":0.0,"enemies":"Small Slimes","floor":1.0,"turns":1.0},{"damage":0.0,"enemies":"2 Louse","floor":3.0,"turns":1.0},{"damage":0.0,"enemies":"Jaw Worm","floor":7.0,"turns":1.0},{"damage":0.0,"enemies":"2 Fungi Beasts","floor":10.0,"turns":3.0},{"damage":22.0,"enemies":"Gremlin Nob","floor":13.0,"turns":4.0},{"damage":25.0,"enemies":"The Guardian","floor":16.0,"turns":13.0},{"damage":12,"enemies":"Shell Parasite","floor":18,"turns":7},{"damage":4,"enemies":"3 Byrds","floor":22,"turns":3},{"damage":29,"enemies":"Gremlin Leader","floor":23,"turns":8}],"event_choices":[{"event_name":"Golden Wing","player_choice":"Card Removal","floor":2.0,"damage_taken":0.0},{"event_name":"Golden Idol","player_choice":"Take Damage","floor":4.0,"damage_taken":0.0},{"event_name":"Scrap Ooze","player_choice":"success","floor":12.0,"damage_taken":3.0},{"event_name":"Bonfire Elementals","player_choice":"BASIC","floor":14.0,"damage_taken":0.0},{"event_name":"Duplicator","player_choice":"One dupe","floor":20,"damage_taken":0},{"event_name":"Drug Dealer","player_choice":"Ignored","floor":21,"damage_taken":0}],"boss_relics":[{"not_picked":["Snecko Eye","Lizard Tail"],"picked":"Sozu"}],"potions_floor_spawned":[1,13],"seed_played":"-1664367423327675439","killed_by":"Gremlin Leader","ascension_level":0,"is_trial":false}