{"gold_per_floor":[119,44,7,20,32,32,59,79,105,105,118,137,137,166,166,239,239,250,86,99,99,99,99,114,143,143,143,162,162,162,29,29,100,100,118,118,118,118,118,136,91,108,134,146,177,222,234,274,286,298],"floor_reached":51,"playtime":5474,"items_purged":["Strike_R"],"score":1406,"play_id":"c5768eb9-cc7b-4aa9-bd44-7ba2f1c3c5ff","local_time":"20190118225732","is_ascension_mode":true,"campfire_choices":[{"data":"Inflame","floor":6,"key":"SMITH"},{"floor":13,"key":"REST"},{"floor":15,"key":"REST"},{"data":"Armaments","floor":23,"key":"SMITH"},{"data":"Shockwave","floor":27,"key":"SMITH"},{"floor":32,"key":"REST"},{"data":"Feel No Pain","floor":44,"key":"SMITH"},{"data":"Heavy Blade","floor":47,"key":"SMITH"},{"data":"Disarm","floor":49,"key":"SMITH"}],"neow_cost":"NONE","seed_source_timestamp":543559192135442,"circlet_count":0,"master_deck":["AscendersBane","Defend_R+1","Defend_R+1","Defend_R+1","Defend_R+1","Bash+1","Inflame+1","Spot Weakness","Heavy Blade+1","Flame Barrier","Anger","Disarm+1","Reaper","Armaments+1","Shockwave+1","Inflame","Shrug It Off+1","Corruption","Shrug It Off","Exhume","Corruption+1","Perfected Strike+1","Sever Soul+1","Shrug It Off","Feel No Pain+1","Shrug It Off","Shockwave+1"],"relics":["Burning Blood","Red Skull","PreservedInsect","Oddly Smooth Stone","Runic Pyramid","Mango","Darkstone Periapt","Astrolabe","MawBank","Prayer Wheel","StoneCalendar"],"potions_floor_usage":[7,11,12,14,25,40,46,50,50],"damage_taken":[{"damage":5,"enemies":"Small Slimes","floor":1,"turns":3},{"damage":7,"enemies":"2 Louse","floor":4,"turns":3},{"damage":1,"enemies":"Cultist","floor":5,"turns":3},{"damage":35,"enemies":"3 Sentries","floor":7,"turns":9},{"damage":12,"enemies":"Large Slime","floor":8,"turns":5},{"damage":12,"enemies":"Lots of Slimes","floor":11,"turns":4},{"damage":20,"enemies":"Exordium Wildlife","floor":12,"turns":5},{"damage":11,"enemies":"Lagavulin","floor":14,"turns":6},{"damage":40,"enemies":"Hexaghost","floor":16,"turns":11},{"damage":25,"enemies":"Spheric Guardian","floor":18,"turns":5},{"damage":8,"enemies":"Shell Parasite","floor":20,"turns":6},{"damage":25,"enemies":"Shelled Parasite and Fungi","floor":24,"turns":6},{"damage":49,"enemies":"Slavers","floor":25,"turns":4},{"damage":51,"enemies":"Sentry and Sphere","floor":28,"turns":7},{"damage":21,"enemies":"Automaton","floor":33,"turns":7},{"damage":10,"enemies":"3 Shapes","floor":35,"turns":6},{"damage":27,"enemies":"3 Darklings","floor":40,"turns":6},{"damage":4,"enemies":"Maw","floor":42,"turns":8},{"damage":16,"enemies":"Spire Growth","floor":45,"turns":6},{"damage":69,"enemies":"Reptomancer","floor":46,"turns":7},{"damage":33,"enemies":"Nemesis","floor":48,"turns":9},{"damage":99,"enemies":"Awakened One","floor":50,"turns":12}],"seed_played":"2578622289978998649","potions_obtained":[{"floor":1,"key":"FearPotion"},{"floor":4,"key":"Energy Potion"},{"floor":8,"key":"Block Potion"},{"floor":11,"key":"Poison Potion"},{"floor":16,"key":"AttackPotion"},{"floor":25,"key":"SpeedPotion"},{"floor":28,"key":"Fire Potion"},{"floor":33,"key":"GamblersBrew"},{"floor":42,"key":"PowerPotion"},{"floor":45,"key":"PowerPotion"},{"floor":48,"key":"Weak Potion"}],"is_trial":false,"path_per_floor":["M","?","$","M","M","R","E","M","T","?","M","M","R","E","R","B",null,"M","$","M","?","?","R","M","E","T","R","M","?","?","$","R","B",null,"M","$","?","?","?","M","$","M","T","R","M","E","R","E","R","B",null],"character_chosen":"IRONCLAD","items_purchased":["Spot Weakness","Armaments","Shockwave","Corruption","Shrug It Off","Feel No Pain"],"campfire_rested":3,"item_purchase_floors":[3,19,19,31,31,41],"current_hp_per_floor":[69,69,69,68,73,73,44,38,38,38,32,18,40,35,57,23,62,43,43,56,56,56,56,72,76,76,76,60,34,34,34,62,47,82,94,94,94,94,94,94,94,94,94,94,94,94,94,94,94,31],"gold":310,"neow_bonus":"UPGRADE_CARD","is_prod":false,"is_daily":false,"chose_seed":false,"campfire_upgraded":6,"win_rate":0,"timestamp":1547812652,"path_taken":["M","?","$","M","M","R","E","M","T","?","M","?","R","E","R","BOSS","M","$","M","?","?","R","M","E","T","R","?","?","?","?","R","BOSS","M","$","?","?","?","M","$","?","T","R","M","E","R","E","R","BOSS"],"build_version":"2019-01-17","purchased_purges":1,"victory":true,"max_hp_per_floor":[75,75,75,75,75,75,75,75,75,75,75,75,75,75,75,75,75,75,75,75,75,75,75,75,89,89,89,89,94,94,94,94,94,94,94,94,94,94,94,94,94,94,94,94,94,94,94,94,94,94],"card_choices":[{"not_picked":["Anger","Sword Boomerang"],"picked":"Inflame","floor":1},{"not_picked":["Flame Barrier","Power Through"],"picked":"Heavy Blade","floor":4},{"not_picked":["Sever Soul","Flex"],"picked":"Clothesline","floor":5},{"not_picked":["Sword Boomerang","Sentinel","Twin Strike"],"picked":"SKIP","floor":7},{"not_picked":["Flex","Rupture"],"picked":"True Grit","floor":8},{"not_picked":["Shockwave","Warcry"],"picked":"Flame Barrier","floor":11},{"not_picked":["Inflame","Clothesline"],"picked":"Anger","floor":12},{"not_picked":["Ghostly Armor","Clash"],"picked":"Disarm","floor":14},{"not_picked":["Fiend Fire","Juggernaut"],"picked":"Reaper","floor":16},{"not_picked":["Sentinel","Warcry","Clothesline+1"],"picked":"SKIP","floor":18},{"not_picked":["Fire Breathing","Thunderclap","Pummel"],"picked":"SKIP","floor":20},{"not_picked":["Uppercut","Thunderclap"],"picked":"Inflame","floor":24},{"not_picked":["Armaments","Heavy Blade"],"picked":"Shrug It Off+1","floor":25},{"not_picked":["Clothesline","Twin Strike","Sever Soul"],"picked":"SKIP","floor":28},{"not_picked":["Bludgeon","Juggernaut"],"picked":"Exhume","floor":33},{"not_picked":["Heavy Blade","Reckless Charge","Warcry"],"picked":"SKIP","floor":35},{"not_picked":["Inflame+1","Iron Wave"],"picked":"Shrug It Off","floor":40},{"not_picked":["Twin Strike","Infernal Blade","Iron Wave"],"picked":"SKIP","floor":42},{"not_picked":["Warcry+1","Sentinel"],"picked":"Shrug It Off","floor":45},{"not_picked":["Uppercut","Wild Strike+1","Headbutt"],"picked":"SKIP","floor":46},{"not_picked":["Uppercut","Wild Strike+1","Headbutt"],"picked":"SKIP","floor":46},{"not_picked":["Wild Strike","Hemokinesis"],"picked":"Shockwave+1","floor":48}],"player_experience":621903,"relics_obtained":[{"floor":7,"key":"Red Skull"},{"floor":9,"key":"PreservedInsect"},{"floor":14,"key":"Oddly Smooth Stone"},{"floor":25,"key":"Mango"},{"floor":26,"key":"Darkstone Periapt"},{"floor":43,"key":"MawBank"},{"floor":46,"key":"Prayer Wheel"},{"floor":48,"key":"StoneCalendar"}],"event_choices":[{"cards_removed":["Strike_R"],"damage_healed":0,"gold_gain":0,"player_choice":"Card Removal","damage_taken":0,"max_hp_gain":0,"max_hp_loss":0,"event_name":"The Cleric","floor":2,"gold_loss":75},{"damage_healed":0,"gold_gain":0,"player_choice":"0 cards matched","damage_taken":0,"max_hp_gain":0,"max_hp_loss":0,"event_name":"Match and Keep!","floor":10,"gold_loss":0,"cards_obtained":[]},{"damage_healed":0,"gold_gain":0,"player_choice":"Simplicity","damage_taken":0,"max_hp_gain":0,"max_hp_loss":0,"event_name":"Back to Basics","floor":21,"gold_loss":0,"cards_upgraded":["Strike_R","Strike_R","Strike_R","Defend_R","Defend_R","Defend_R","Defend_R"]},{"cards_removed":["Strike_R"],"damage_healed":0,"gold_gain":0,"player_choice":"Purged","damage_taken":0,"max_hp_gain":0,"max_hp_loss":0,"event_name":"Purifier","floor":22,"gold_loss":0},{"damage_healed":0,"gold_gain":0,"player_choice":"Shed Blood","damage_taken":31,"max_hp_gain":5,"max_hp_loss":0,"event_name":"Forgotten Altar","floor":29,"gold_loss":0},{"damage_healed":0,"gold_gain":0,"player_choice":"Ignored","damage_taken":0,"max_hp_gain":0,"max_hp_loss":0,"event_name":"The Mausoleum","floor":30,"gold_loss":0},{"damage_healed":0,"gold_gain":0,"player_choice":"Ignored","damage_taken":0,"max_hp_gain":0,"max_hp_loss":0,"event_name":"Tomb of Lord Red Mask","floor":37,"gold_loss":0},{"cards_removed":["Clothesline"],"damage_healed":0,"gold_gain":0,"player_choice":"Removed Attack","damage_taken":0,"max_hp_gain":0,"max_hp_loss":0,"event_name":"Falling","floor":38,"gold_loss":0},{"damage_healed":0,"gold_gain":0,"player_choice":"Ignored","damage_taken":0,"max_hp_gain":0,"max_hp_loss":0,"event_name":"SecretPortal","floor":39,"gold_loss":0}],"is_beta":false,"boss_relics":[{"not_picked":["Fusion Hammer","Empty Cage"],"picked":"Runic Pyramid"},{"not_picked":["Lizard Tail","Pandora\u0027s Box"],"picked":"Astrolabe"}],"items_purged_floors":[19],"is_endless":false,"potions_floor_spawned":[1,4,8,11,16,25,28,33,42,45,48],"ascension_level":19}