{"path_per_floor":["M","?","?","M","$","R","E","M","T","M","$","M","R","M","R","B",null,"M","M","?","?","M","R","$","M","T","E","R"],"character_chosen":"IRONCLAD","items_purchased":["Pommel Strike","Good Instincts","Power Through","Shrug It Off"],"gold_per_floor":[119,294,244,255,41,41,67,80,80,91,13,26,26,46,46,143,143,163,173,173,173,186,186,41,57,57,89,89],"floor_reached":29,"campfire_rested":2,"playtime":1699,"current_hp_per_floor":[79,79,79,78,78,78,67,73,73,78,78,80,80,80,80,28,80,66,70,70,70,40,64,64,62,62,30,54],"items_purged":["Dark Embrace","Strike_R"],"gold":89,"score":270,"play_id":"0187f7e0-6aff-4b53-89d9-185b02c456cb","local_time":"20180309124744","is_prod":false,"is_daily":false,"is_ascension_mode":true,"campfire_upgraded":3,"timestamp":1520596064,"path_taken":["M","?","?","M","$","R","E","M","T","M","$","M","R","M","R","BOSS","M","?","?","?","M","R","?","M","T","E","R","M"],"build_version":"2018-03-01-PROD1","purchased_purges":3,"victory":false,"master_deck":["Strike_R","Strike_R","Strike_R","Strike_R","Defend_R","Defend_R","Defend_R","Defend_R","Bash","Perfected Strike+1","Battle Trance","Pommel Strike+1","Good Instincts","Whirlwind","Power Through","Seeing Red+1","Demon Form","Shrug It Off","Ghostly Armor","Pummel","Shrug It Off","Ghostly Armor+1"],"max_hp_per_floor":[80,80,80,80,80,80,80,80,80,80,80,80,80,80,80,80,80,80,80,80,80,80,80,80,80,80,80,80],"relics":["Burning Blood","Pantograph","Torii","Runic Pyramid","Ginger","Bottled Flame"],"card_choices":[{"not_picked":["Sword Boomerang","Searing Blow"],"picked":"Perfected Strike"},{"not_picked":["Headbutt","Fire Breathing"],"picked":"Battle Trance"},{"not_picked":["Feed","Rupture"],"picked":"Whirlwind"},{"not_picked":["Thunderclap","Pommel Strike"],"picked":"Seeing Red"},{"not_picked":["Dark Embrace","Double Tap"],"picked":"Demon Form"},{"not_picked":["Wild Strike","Pommel Strike"],"picked":"Shrug It Off"},{"not_picked":["Headbutt","Heavy Blade"],"picked":"Pummel"},{"not_picked":["Carnage","Havoc"],"picked":"Ghostly Armor"}],"player_experience":169969,"potions_floor_usage":[12,16,16,22,27],"damage_taken":[{"damage":7,"enemies":"Small Slimes","floor":1,"turns":4},{"damage":7,"enemies":"Jaw Worm","floor":4,"turns":3},{"damage":17,"enemies":"3 Sentries","floor":7,"turns":7},{"damage":0,"enemies":"2 Louse","floor":8,"turns":2},{"damage":1,"enemies":"Blue Slaver","floor":10,"turns":4},{"damage":0,"enemies":"3 Louse","floor":12,"turns":2},{"damage":0,"enemies":"Exordium Thugs","floor":14,"turns":2},{"damage":58,"enemies":"Hexaghost","floor":16,"turns":12},{"damage":20,"enemies":"Spheric Guardian","floor":18,"turns":5},{"damage":2,"enemies":"3 Byrds","floor":19,"turns":4},{"damage":51,"enemies":"Slaver and Parasite","floor":22,"turns":8},{"damage":8,"enemies":"Snecko","floor":25,"turns":4},{"damage":53,"enemies":"Slavers","floor":27,"turns":6},{"damage":58,"enemies":"Centurion and Healer","floor":29,"turns":8}],"event_choices":[{"event_name":"Liars Game","player_choice":"agreed","floor":2,"damage_taken":0},{"event_name":"The Cleric","player_choice":"Card Removal","floor":3,"damage_taken":0},{"event_name":"Drug Dealer","player_choice":"Ignored","floor":20,"damage_taken":0},{"event_name":"The Library","player_choice":"Read","floor":21,"damage_taken":0}],"boss_relics":[{"not_picked":["Cursed Key","Astrolabe"],"picked":"Runic Pyramid"}],"potions_floor_spawned":[8,10,12,14,19,22,25,27],"seed_played":"-8444208486508405891","killed_by":"Centurion and Healer","ascension_level":2,"is_trial":false}