{"path_per_floor":["M","M","?","?","M","E","R","E","T","M","?","R","?","E","R","B",null,"M","M","?","M","M","R","E","R","T","R","?","?","$","M","R","B",null,"M","?","$","?","M","R","$","?","T","M","R","?","M","M","R","B"],"character_chosen":"THE_SILENT","items_purchased":["Thread and Needle","Envenom","Oddly Smooth Stone","Leg Sweep","Noxious Fumes"],"gold_per_floor":[115,131,131,131,149,212,212,244,293,311,311,311,311,341,341,438,438,455,473,673,693,713,713,742,742,742,742,742,742,7,24,24,119,119,137,137,37,37,52,52,17,17,40,50,50,0,19,36,36,36],"floor_reached":51,"campfire_rested":3,"playtime":1982,"current_hp_per_floor":[68,68,68,68,68,66,66,53,53,49,49,49,49,44,65,54,74,68,68,68,68,63,63,61,61,61,61,47,47,47,49,73,42,83,75,75,75,75,71,71,71,61,61,56,56,56,58,60,86,70],"items_purged":["Defend_G","Strike_G"],"gold":36,"score":708,"play_id":"b04122a0-d819-4406-86d3-5d5ffb1cf385","local_time":"20180406102150","is_prod":false,"is_daily":false,"is_ascension_mode":false,"campfire_upgraded":6,"timestamp":1523002910,"path_taken":["M","M","?","?","M","E","R","E","T","?","?","R","?","E","R","BOSS","M","M","?","?","M","R","E","R","T","R","?","?","$","M","R","BOSS","M","?","$","?","M","R","$","?","T","M","R","?","M","M","R","BOSS"],"build_version":"2018-03-29v2","purchased_purges":2,"victory":true,"master_deck":["Defend_G","Defend_G","Defend_G","Strike_G","Strike_G","Survivor","Neutralize","Bouncing Flask+1","Cloak And Dagger","Sucker Punch+1","Malaise+1","Bane+1","Poisoned Stab+1","Dagger Spray+1","Deflect+1","Backflip","Dodge and Roll","Malaise","Envenom","Leg Sweep","Adrenaline","Deadly Poison+1","Well Laid Plans","Noxious Fumes+1","Madness","Madness","Dash"],"max_hp_per_floor":[70,70,70,70,70,70,70,70,70,72,72,72,72,72,72,74,74,74,74,74,74,74,74,76,76,76,76,81,81,81,83,83,83,83,83,83,83,83,83,83,83,83,83,83,83,83,85,87,87,87],"relics":["Ring of the Snake","Tiny Chest","Toolbox","Singing Bowl","Shovel","Velvet Choker","Snake Skull","Calipers","Bag of Marbles","Thread and Needle","Oddly Smooth Stone","Sozu","Sundial","Dead Branch","Omamori","Red Mask"],"card_choices":[{"not_picked":["Dagger Throw","Outmaneuver"],"picked":"Cloak And Dagger","floor":1},{"not_picked":["Unload","Acrobatics"],"picked":"Sucker Punch","floor":2},{"not_picked":["Dagger Throw","Endless Agony"],"picked":"Malaise","floor":5},{"not_picked":["Distraction","All Out Attack"],"picked":"Bane","floor":6},{"not_picked":["Malaise","Dagger Throw"],"picked":"Poisoned Stab","floor":8},{"not_picked":["Eviscerate","Tools of the Trade"],"picked":"Dagger Spray","floor":14},{"not_picked":["Dash","Slice"],"picked":"Deflect","floor":18},{"not_picked":["Bouncing Flask","Underhanded Strike"],"picked":"Backflip","floor":19},{"not_picked":["Outmaneuver","Deflect"],"picked":"Dodge and Roll","floor":21},{"not_picked":["Dagger Spray","Outmaneuver"],"picked":"Malaise","floor":22},{"not_picked":["Wraith Form","Unload"],"picked":"Adrenaline","floor":33},{"not_picked":["Quick Slash","Predator"],"picked":"Deadly Poison","floor":35},{"not_picked":["Quick Slash","All Out Attack"],"picked":"Well Laid Plans","floor":39},{"not_picked":["Die Die Die","Dagger Throw"],"picked":"Dash","floor":44}],"player_experience":340562,"potions_floor_usage":[8,18,22,24,33,50],"damage_taken":[{"damage":2,"enemies":"Jaw Worm","floor":1,"turns":4},{"damage":0,"enemies":"Cultist","floor":2,"turns":3},{"damage":0,"enemies":"2 Louse","floor":5,"turns":3},{"damage":2,"enemies":"Lagavulin","floor":6,"turns":6},{"damage":13,"enemies":"3 Sentries","floor":8,"turns":10},{"damage":6,"enemies":"Lots of Slimes","floor":10,"turns":5},{"damage":5,"enemies":"Lagavulin","floor":14,"turns":6},{"damage":13,"enemies":"The Guardian","floor":16,"turns":8},{"damage":10,"enemies":"2 Thieves","floor":18,"turns":4},{"damage":0,"enemies":"3 Byrds","floor":19,"turns":4},{"damage":0,"enemies":"Snake Plant","floor":21,"turns":4},{"damage":5,"enemies":"Chosen and Byrds","floor":22,"turns":6},{"damage":4,"enemies":"Gremlin Leader","floor":24,"turns":8},{"damage":0,"enemies":"Centurion and Healer","floor":31,"turns":6},{"damage":31,"enemies":"Collector","floor":33,"turns":10},{"damage":8,"enemies":"3 Darklings","floor":35,"turns":5},{"damage":4,"enemies":"Orb Walker","floor":39,"turns":3},{"damage":5,"enemies":"Maw","floor":44,"turns":6},{"damage":0,"enemies":"Sphere and 2 Shapes","floor":47,"turns":5},{"damage":0,"enemies":"4 Shapes","floor":48,"turns":4},{"damage":16,"enemies":"Donu and Deca","floor":50,"turns":8}],"event_choices":[{"event_name":"Purifier","player_choice":"One Purge","floor":3,"damage_taken":0},{"event_name":"Bonfire Elementals","player_choice":"BASIC","floor":4,"damage_taken":0},{"event_name":"Upgrade Shrine","player_choice":"Upgraded","floor":11,"damage_taken":0},{"event_name":"The Lab","player_choice":"Got Potions","floor":13,"damage_taken":0},{"event_name":"Wheel of Change","player_choice":"Gold","floor":20,"damage_taken":0},{"event_name":"Forgotten Altar","player_choice":"Shed Blood","floor":28,"damage_taken":0},{"event_name":"The Mausoleum","player_choice":"Yes","floor":29,"damage_taken":0},{"event_name":"Wheel of Change","player_choice":"Relic","floor":36,"damage_taken":0},{"event_name":"Mysterious Sphere","player_choice":"Ignore","floor":38,"damage_taken":0},{"event_name":"Winding Halls","player_choice":"Embrace Madness","floor":42,"damage_taken":0},{"event_name":"Tomb of Lord Red Mask","player_choice":"Paid","floor":46,"damage_taken":0}],"boss_relics":[{"not_picked":["Runic Pyramid","Calling Bell"],"picked":"Velvet Choker"},{"not_picked":["Black Star","Lizard Tail"],"picked":"Sozu"}],"potions_floor_spawned":[2,6,16,18,21,24,31,35,39,48],"seed_played":"-4250391781516315897","ascension_level":0,"is_trial":false}