{"gold_per_floor":[118,137,137,68,80,80,100,100,125,125,153,153,166,9,9,110,110,126,141,141,153,153,153,178,30,30,45,45,22,40,50,50,155,155,174,186,204,204,55,55,55,55,55,55,55,80,80,94,94,94],"floor_reached":51,"playtime":2285,"items_purged":["Strike_B","Strike_B"],"score":854,"play_id":"e297f6e6-a68f-4fcd-b30d-8b5c0e2d3012","local_time":"20180924122400","is_ascension_mode":true,"campfire_choices":[{"data":"Genetic Algorithm","floor":6,"key":"SMITH"},{"data":"Rainbow","floor":10,"key":"SMITH"},{"data":"Zap","floor":12,"key":"SMITH"},{"data":"Defragment","floor":15,"key":"SMITH"},{"data":"Leap","floor":23,"key":"SMITH"},{"floor":28,"key":"REST"},{"floor":32,"key":"REST"},{"data":"Doom and Gloom","floor":40,"key":"SMITH"},{"data":"Self Repair","floor":42,"key":"SMITH"},{"data":"Ball Lightning","floor":44,"key":"SMITH"},{"data":"Capacitor","floor":47,"key":"SMITH"},{"data":"Defend_B","floor":49,"key":"SMITH"}],"neow_cost":"PERCENT_DAMAGE","seed_source_timestamp":232140803613465,"circlet_count":0,"master_deck":["Defend_B+1","Defend_B","Defend_B","Defend_B+1","Zap+1","Dualcast+1","Ball Lightning+1","Leap+1","Genetic Algorithm+1","Cold Snap","Rainbow+1","Coolheaded+1","Undo+1","Defragment+1","Seek+1","Redo+1","Chaos+1","Defragment+1","Conserve Battery+1","Shame","Redo+1","Hologram+1","Hologram+1","Self Repair+1","Reboot+1","Doom and Gloom+1","Clumsy","Capacitor+1"],"relics":["Cracked Core","Turnip","Toxic Egg 2","PreservedInsect","Mango","Cursed Key","Nilry\u0027s Codex","War Paint","Regal Pillow","Runic Dome","Bronze Scales","Molten Egg 2","Pen Nib"],"potions_floor_usage":[13,19,24,33,35,46,50],"damage_taken":[{"damage":0,"enemies":"2 Louse","floor":1,"turns":2},{"damage":1,"enemies":"Cultist","floor":2,"turns":3},{"damage":0,"enemies":"Small Slimes","floor":5,"turns":3},{"damage":0,"enemies":"Red Slaver","floor":7,"turns":4},{"damage":12,"enemies":"3 Sentries","floor":11,"turns":5},{"damage":10,"enemies":"Exordium Thugs","floor":13,"turns":5},{"damage":2,"enemies":"The Guardian","floor":16,"turns":9},{"damage":2,"enemies":"Chosen","floor":18,"turns":3},{"damage":0,"enemies":"2 Thieves","floor":19,"turns":3},{"damage":5,"enemies":"Centurion and Healer","floor":21,"turns":5},{"damage":21,"enemies":"Gremlin Leader","floor":24,"turns":7},{"damage":0,"enemies":"Snake Plant","floor":27,"turns":4},{"damage":26,"enemies":"Snecko","floor":30,"turns":8},{"damage":15,"enemies":"Centurion and Healer","floor":31,"turns":4},{"damage":41,"enemies":"Collector","floor":33,"turns":11},{"damage":5,"enemies":"Orb Walker","floor":35,"turns":4},{"damage":0,"enemies":"3 Darklings","floor":36,"turns":5},{"damage":8,"enemies":"Reptomancer","floor":37,"turns":4},{"damage":0,"enemies":"Nemesis","floor":46,"turns":7},{"damage":8,"enemies":"4 Shapes","floor":48,"turns":5},{"damage":3,"enemies":"Donu and Deca","floor":50,"turns":9}],"seed_played":"-1526165001790699953","potions_obtained":[{"floor":1,"key":"SpeedPotion"},{"floor":5,"key":"Block Potion"},{"floor":11,"key":"SteroidPotion"},{"floor":18,"key":"Explosive Potion"},{"floor":31,"key":"Swift Potion"},{"floor":33,"key":"Block Potion"},{"floor":35,"key":"SteroidPotion"},{"floor":37,"key":"SkillPotion"},{"floor":48,"key":"Block Potion"}],"is_trial":false,"path_per_floor":["M","M","?","$","M","R","M","T","T","R","E","R","M","$","R","B",null,"M","M","?","M","?","R","E","$","T","M","R","$","M","M","R","B",null,"M","M","M","?","$","R","$","R","T","R","?","E","R","M","R","B"],"character_chosen":"DEFECT","items_purchased":["Genetic Algorithm","Defragment","Conserve Battery+1","Hologram+1","Bronze Scales"],"campfire_rested":2,"item_purchase_floors":[4,14,25,29,39],"current_hp_per_floor":[54,53,53,53,53,53,53,53,53,53,55,55,45,45,45,43,89,87,87,71,66,66,66,45,45,45,45,86,86,60,45,86,52,89,84,84,76,76,76,76,76,76,76,76,76,85,85,85,85,85],"gold":94,"neow_bonus":"ONE_RARE_RELIC","is_prod":false,"is_daily":false,"chose_seed":false,"campfire_upgraded":10,"win_rate":0,"timestamp":1537784640,"path_taken":["M","M","?","$","M","R","?","?","T","R","E","R","M","$","R","BOSS","M","?","?","M","?","R","E","?","T","M","R","$","M","M","R","BOSS","M","M","M","?","$","R","$","R","T","R","?","E","R","?","R","BOSS"],"build_version":"2018-09-20","purchased_purges":2,"victory":true,"max_hp_per_floor":[75,75,75,75,75,75,75,75,75,75,89,89,89,89,89,89,89,89,89,89,89,89,89,89,89,89,89,89,89,89,89,89,89,89,89,89,89,89,89,89,89,89,89,89,85,85,85,85,85,85],"card_choices":[{"not_picked":["Auto Shields","Steam Power"],"picked":"Ball Lightning","floor":1},{"not_picked":["Ball Lightning","Rebound"],"picked":"Leap","floor":2},{"not_picked":["Steam","Stack"],"picked":"Cold Snap","floor":5},{"not_picked":["Redo","Barrage"],"picked":"Rainbow","floor":7},{"not_picked":["Turbo+1","Force Field+1"],"picked":"Coolheaded+1","floor":11},{"not_picked":["Heatsinks","Streamline"],"picked":"Undo+1","floor":13},{"not_picked":["Reboot+1","Machine Learning"],"picked":"Seek+1","floor":16},{"not_picked":["Beam Cell","Leap+1"],"picked":"Redo+1","floor":18},{"not_picked":["Leap+1","Glacier+1"],"picked":"Chaos+1","floor":19},{"not_picked":["Rebound+1","Ball Lightning+1"],"picked":"Defragment+1","floor":21},{"not_picked":["Amplify+1","Ball Lightning","Barrage+1"],"picked":"SKIP","floor":24},{"not_picked":["Steam Power+1","Tempest+1"],"picked":"Redo+1","floor":27},{"not_picked":["Hello World","Darkness+1"],"picked":"Hologram+1","floor":30},{"not_picked":["Steam+1","Force Field+1"],"picked":"Self Repair","floor":31},{"not_picked":["Core Surge","Rainbow+1"],"picked":"Reboot+1","floor":33},{"not_picked":["Go for the Eyes","Sweeping Beam+1","Leap+1"],"picked":"SKIP","floor":35},{"not_picked":["Force Field+1","Rebound","Compile Driver"],"picked":"SKIP","floor":36},{"not_picked":["Force Field+1","Rebound","Compile Driver"],"picked":"SKIP","floor":36},{"not_picked":["Gash+1","BootSequence+1"],"picked":"Doom and Gloom","floor":37},{"not_picked":["Sweeping Beam+1","Static Discharge+1"],"picked":"Capacitor","floor":46},{"not_picked":["Compile Driver+1","Stack+1","Streamline+1"],"picked":"SKIP","floor":48}],"player_experience":649042,"relics_obtained":[{"floor":8,"key":"Toxic Egg 2"},{"floor":9,"key":"PreservedInsect"},{"floor":11,"key":"Mango"},{"floor":20,"key":"Nilry\u0027s Codex"},{"floor":24,"key":"War Paint"},{"floor":26,"key":"Regal Pillow"},{"floor":43,"key":"Molten Egg 2"},{"floor":46,"key":"Pen Nib"}],"event_choices":[{"event_name":"Purifier","player_choice":"One Purge","floor":3,"damage_taken":0},{"event_name":"Cursed Tome","player_choice":"Obtained Book","floor":20,"damage_taken":0},{"event_name":"Vampires","player_choice":"Ignored","floor":22,"damage_taken":0},{"event_name":"Falling","player_choice":"Removed Attack","floor":38,"damage_taken":0},{"event_name":"Winding Halls","player_choice":"Max HP","floor":45,"damage_taken":0}],"is_beta":false,"boss_relics":[{"not_picked":["Astrolabe","Tiny House"],"picked":"Cursed Key"},{"not_picked":["FrozenCore","Orrery"],"picked":"Runic Dome"}],"items_purged_floors":[14,25],"is_endless":false,"potions_floor_spawned":[1,5,11,18,31,33,35,37,48],"ascension_level":4}