{"gold_per_floor":[109,109,20,36,46,46,81,92,92,92,105,105,105,105,105,199,199,217,217,237,237,25,25],"floor_reached":23,"playtime":429,"items_purged":[],"score":378,"play_id":"ecd4a3cc-4438-4bb7-b88e-452fc437afef","local_time":"20190119002859","is_ascension_mode":true,"campfire_choices":[{"data":"Searing Blow","floor":6.0,"key":"SMITH"},{"data":"Searing Blow+1","floor":10.0,"key":"SMITH"},{"data":"Searing Blow+2","floor":12.0,"key":"SMITH"},{"data":"Searing Blow+3","floor":15.0,"key":"SMITH"}],"neow_cost":"NONE","seed_source_timestamp":1263939344365,"circlet_count":0,"master_deck":["AscendersBane","Bash","Flex","Searing Blow+4","True Grit","Pommel Strike","Thunderclap","Double Tap","Dual Wield","Warcry","Thunderclap","Burning Pact","Sword Boomerang","Bludgeon","Fiend Fire","Burning Pact","Rage","Armaments","Apotheosis"],"special_seed":0,"relics":["Burning Blood","NeowsBlessing","Question Card","Meat on the Bone","Omamori","Golden Idol","Pandora\u0027s Box","Incense Burner"],"potions_floor_usage":[23],"damage_taken":[{"damage":0.0,"enemies":"Small Slimes","floor":1.0,"turns":1.0},{"damage":0.0,"enemies":"2 Louse","floor":4.0,"turns":1.0},{"damage":0.0,"enemies":"Cultist","floor":5.0,"turns":1.0},{"damage":23.0,"enemies":"Lagavulin","floor":7.0,"turns":6.0},{"damage":9.0,"enemies":"2 Fungi Beasts","floor":8.0,"turns":3.0},{"damage":0.0,"enemies":"Large Slime","floor":11.0,"turns":4.0},{"damage":25.0,"enemies":"Slime Boss","floor":16.0,"turns":8.0},{"damage":24.0,"enemies":"Chosen","floor":18.0,"turns":4.0},{"damage":33.0,"enemies":"2 Thieves","floor":20.0,"turns":4.0},{"damage":19,"enemies":"Book of Stabbing","floor":23,"turns":3}],"seed_played":"-286644721903231727","potions_obtained":[{"floor":4.0,"key":"Explosive Potion"},{"floor":5.0,"key":"Weak Potion"},{"floor":7.0,"key":"Weak Potion"},{"floor":11.0,"key":"Fire Potion"},{"floor":20.0,"key":"EssenceOfSteel"}],"is_trial":false,"path_per_floor":["M","?","$","M","M","R","E","M","T","R","M","R","?","?","R","B",null,"M","?","M","?","$","E"],"character_chosen":"IRONCLAD","items_purchased":["Searing Blow","Apotheosis"],"campfire_rested":0,"item_purchase_floors":[3,22],"current_hp_per_floor":[74,74,74,75,75,75,58,55,55,55,61,61,50,50,50,43,62,44,44,29,29,29,10],"gold":25,"neow_bonus":"THREE_ENEMY_KILL","is_prod":false,"is_daily":false,"chose_seed":false,"campfire_upgraded":4,"win_rate":0,"timestamp":1547886539,"path_taken":["M","?","$","M","M","R","E","M","T","R","M","R","?","?","R","BOSS","M","?","?","?","$","E"],"build_version":"2019-01-16","purchased_purges":0,"victory":false,"max_hp_per_floor":[75,75,75,75,75,75,75,75,75,75,75,75,75,68,68,68,68,68,68,68,68,68,68],"card_choices":[{"not_picked":["Blood for Blood","Combust"],"picked":"Flex","floor":1.0},{"not_picked":["Pommel Strike","Thunderclap"],"picked":"True Grit","floor":4.0},{"not_picked":["Clash","Evolve"],"picked":"Pommel Strike","floor":5.0},{"not_picked":["Blood for Blood","Fiend Fire"],"picked":"Thunderclap","floor":7.0},{"not_picked":["Fiend Fire","Brutality","Juggernaut"],"picked":"Double Tap","floor":16.0},{"not_picked":["Hemokinesis","Iron Wave","Shrug It Off"],"picked":"Armaments","floor":20.0}],"player_experience":1030676,"relics_obtained":[{"floor":7.0,"key":"Question Card"},{"floor":9.0,"key":"Meat on the Bone"}],"event_choices":[{"damage_healed":0.0,"max_hp_gain":0.0,"max_hp_loss":0.0,"gold_gain":0.0,"event_name":"The Cleric","player_choice":"Leave","floor":2.0,"gold_loss":0.0,"damage_taken":0.0},{"damage_healed":0.0,"max_hp_gain":0.0,"max_hp_loss":0.0,"gold_gain":0.0,"event_name":"Scrap Ooze","player_choice":"Success","floor":13.0,"gold_loss":0.0,"damage_taken":11.0,"relics_obtained":["Omamori"]},{"damage_healed":0.0,"max_hp_gain":0.0,"max_hp_loss":7.0,"gold_gain":0.0,"event_name":"Golden Idol","player_choice":"Lose Max HP","floor":14.0,"gold_loss":0.0,"damage_taken":0.0,"relics_obtained":["Golden Idol"]},{"damage_healed":0.0,"max_hp_gain":0.0,"max_hp_loss":0.0,"gold_gain":0.0,"event_name":"N\u0027loth","player_choice":"Ignored","floor":19.0,"gold_loss":0.0,"damage_taken":0.0},{"damage_healed":0.0,"max_hp_gain":0.0,"max_hp_loss":0.0,"gold_gain":0.0,"event_name":"Addict","player_choice":"Stole Relic","floor":21.0,"gold_loss":0.0,"damage_taken":0.0,"relics_obtained":["Incense Burner"],"cards_obtained":["Shame"]}],"is_beta":true,"boss_relics":[{"not_picked":["White Beast Statue","Orrery"],"picked":"Pandora\u0027s Box"}],"items_purged_floors":[],"is_endless":false,"potions_floor_spawned":[4,5,7,11,20],"killed_by":"Book of Stabbing","ascension_level":20}