{"gold_per_floor":[99,99,99,99,24,24,24,24,24,24,24,24,24,9,9,9,9,9,9,9,9,9,9,9,9,9,9,9,9,9,9,9,9],"floor_reached":33,"playtime":393,"items_purged":["Defend_R"],"score":241,"play_id":"0c2726b6-20b9-446c-827b-4f2be9b88637","local_time":"20180703013908","is_ascension_mode":false,"campfire_choices":[{"data":"Perfected Strike","floor":6,"key":"SMITH"},{"data":"Perfected Strike","floor":10,"key":"SMITH"},{"data":"Perfected Strike","floor":15,"key":"SMITH"},{"floor":24,"key":"REST"},{"floor":32,"key":"REST"}],"neow_cost":"NONE","seed_source_timestamp":22144470566783,"circlet_count":0,"master_deck":["Strike_R","Strike_R","Strike_R","Strike_R","Strike_R","Defend_R","Defend_R","Bash","Perfected Strike+1","Clash","Perfected Strike+1","Perfected Strike+1","Battle Trance+1","Clash+1","Twin Strike","Clash"],"relics":["Ectoplasm","Golden Idol","Pear","Fusion Hammer","Tiny Chest","Toolbox"],"potions_floor_usage":[],"damage_taken":[{"damage":3,"enemies":"Small Slimes","floor":1,"turns":3},{"damage":11,"enemies":"Jaw Worm","floor":3,"turns":3},{"damage":6,"enemies":"Cultist","floor":4,"turns":3},{"damage":3,"enemies":"Red Slaver","floor":7,"turns":2},{"damage":0,"enemies":"Exordium Thugs","floor":13,"turns":2},{"damage":10,"enemies":"Looter","floor":14,"turns":2},{"damage":16,"enemies":"Slime Boss","floor":16,"turns":7},{"damage":10,"enemies":"Shell Parasite","floor":18,"turns":2},{"damage":0,"enemies":"Chosen","floor":19,"turns":2},{"damage":8,"enemies":"Centurion and Healer","floor":22,"turns":2},{"damage":10,"enemies":"Chosen and Byrds","floor":23,"turns":3},{"damage":20,"enemies":"Snake Plant","floor":28,"turns":3},{"damage":0,"enemies":"Cultist and Chosen","floor":29,"turns":3},{"damage":0,"enemies":"3 Cultists","floor":31,"turns":3},{"damage":97,"enemies":"Automaton","floor":33,"turns":6}],"seed_played":"5815868082422492942","potions_obtained":[{"floor":4,"key":"GamblersBrew"},{"floor":16,"key":"EssenceOfSteel"},{"floor":19,"key":"Swift Potion"}],"is_trial":false,"path_per_floor":["M","?","M","M","$","R","M","?","T","R","$","?","M","M","R","B",null,"M","M","$","?","M","M","R","$","T","T","M","M","?","M","R"],"character_chosen":"IRONCLAD","items_purchased":[],"campfire_rested":2,"item_purchase_floors":[],"current_hp_per_floor":[77,74,63,57,57,57,54,47,57,57,57,57,57,47,47,31,84,74,74,74,74,66,56,81,81,81,81,61,61,61,61,84,0],"gold":9,"neow_bonus":"BOSS_RELIC","is_prod":false,"is_daily":false,"chose_seed":false,"campfire_upgraded":3,"win_rate":0,"timestamp":1530607148,"path_taken":["M","?","?","M","?","R","M","?","T","R","$","?","M","M","R","BOSS","M","?","$","?","M","?","R","?","T","?","?","M","?","M","R","BOSS"],"build_version":"2018-06-29","purchased_purges":1,"victory":false,"max_hp_per_floor":[80,74,74,74,74,74,74,74,84,84,84,84,84,84,84,84,84,84,84,84,84,84,84,84,84,84,84,84,84,84,84,84,84],"card_choices":[{"not_picked":["Wild Strike","Juggernaut"],"picked":"Perfected Strike","floor":3},{"not_picked":["Headbutt","Thunderclap"],"picked":"Clash","floor":4},{"not_picked":["Disarm","Flex"],"picked":"Perfected Strike","floor":7},{"not_picked":["Armaments","Warcry"],"picked":"Perfected Strike","floor":13},{"not_picked":["Armaments","Body Slam"],"picked":"Battle Trance+1","floor":19},{"not_picked":["Metallicize+1","Hemokinesis"],"picked":"Clash+1","floor":28},{"not_picked":["Spot Weakness","Iron Wave"],"picked":"Twin Strike","floor":29},{"not_picked":["Flex","Exhume"],"picked":"Clash","floor":31}],"player_experience":467256,"relics_obtained":[{"floor":9,"key":"Pear"},{"floor":26,"key":"Tiny Chest"},{"floor":27,"key":"Toolbox"}],"event_choices":[{"event_name":"Golden Idol","player_choice":"Lose Max HP","floor":2,"damage_taken":0},{"event_name":"Golden Wing","player_choice":"Card Removal","floor":8,"damage_taken":0},{"event_name":"Liars Game","player_choice":"disagreed","floor":12,"damage_taken":0},{"event_name":"Addict","player_choice":"Ignored","floor":21,"damage_taken":0},{"event_name":"Beggar","player_choice":"Ignored","floor":30,"damage_taken":0}],"boss_relics":[{"not_picked":["Mark of Pain","Runic Cube"],"picked":"Fusion Hammer"}],"items_purged_floors":[5],"is_endless":false,"potions_floor_spawned":[4,16,19,23,28],"killed_by":"Automaton","ascension_level":0}