{"gold_per_floor":[19,32,32,107,107,107,148,148,148,192,216,216,241,254,254,343,343,357,282,295,220,135,135,173,173,173,173,73,73,93,35,35,35],"floor_reached":33,"playtime":872,"items_purged":["Strike_B","Strike_B"],"score":542,"play_id":"71bb747a-ec84-44b5-9f7f-eb7fb268cc3e","local_time":"20181225220534","is_ascension_mode":true,"campfire_choices":[{"data":"Streamline","floor":6.0,"key":"SMITH"},{"floor":8.0,"key":"REST"},{"data":"Beam Cell","floor":15.0,"key":"SMITH"},{"data":"Hyperbeam","floor":23.0,"key":"SMITH"},{"floor":25,"key":"REST"},{"data":"Self Repair","floor":27,"key":"SMITH"},{"data":"Machine Learning","floor":29,"key":"SMITH"},{"data":"Hologram","floor":32,"key":"SMITH"}],"neow_cost":"NO_GOLD","seed_source_timestamp":30674397632281,"circlet_count":0,"master_deck":["AscendersBane","Defend_B","Defend_B","Defend_B","Zap","Dualcast","Leap","Streamline+1","Gash","Beam Cell+1","Glacier","Self Repair+1","Hyperbeam+1","Conserve Battery","Machine Learning+1","Steam+1","Hologram+1"],"special_seed":0,"relics":["Cracked Core","Golden Idol","Darkstone Periapt","Mercury Hourglass","Blood Vial","Nuclear Battery","Sundial","Oddly Smooth Stone","Ice Cream"],"potions_floor_usage":[24,24],"damage_taken":[{"damage":7.0,"enemies":"Jaw Worm","floor":1.0,"turns":3.0},{"damage":0.0,"enemies":"Small Slimes","floor":2.0,"turns":4.0},{"damage":21.0,"enemies":"Lagavulin","floor":7.0,"turns":6.0},{"damage":35.0,"enemies":"3 Sentries","floor":10.0,"turns":7.0},{"damage":0.0,"enemies":"2 Louse","floor":11.0,"turns":2.0},{"damage":2.0,"enemies":"Exordium Thugs","floor":13.0,"turns":2.0},{"damage":0.0,"enemies":"Exordium Wildlife","floor":14.0,"turns":3.0},{"damage":6.0,"enemies":"The Guardian","floor":16.0,"turns":11.0},{"damage":3.0,"enemies":"3 Byrds","floor":18.0,"turns":4.0},{"damage":0.0,"enemies":"Spheric Guardian","floor":20.0,"turns":3.0},{"damage":55,"enemies":"Book of Stabbing","floor":24,"turns":6},{"damage":6,"enemies":"Centurion and Healer","floor":30,"turns":3},{"damage":66,"enemies":"Champ","floor":33,"turns":9}],"seed_played":"-1317878423073540308","potions_obtained":[{"floor":10.0,"key":"SpeedPotion"},{"floor":12.0,"key":"Strength Potion"},{"floor":13.0,"key":"Strength Potion"},{"floor":16.0,"key":"Swift Potion"},{"floor":20.0,"key":"Dexterity Potion"},{"floor":30,"key":"Dexterity Potion"}],"is_trial":false,"path_per_floor":["M","M","?","?","?","R","E","R","T","E","E","M","?","M","M","R","B",null,"M","$","M","M","?","?","R","E","R","T","R","$","R","M","$","R","B"],"character_chosen":"DEFECT","items_purchased":["Hologram"],"campfire_rested":2,"item_purchase_floors":[31],"current_hp_per_floor":[57,57,57,46,46,46,25,44,44,9,11,11,11,20,20,23,54,60,60,64,64,64,64,16,35,35,35,35,35,41,41,41,0],"gold":35,"neow_bonus":"REMOVE_TWO","is_prod":false,"is_daily":false,"chose_seed":false,"campfire_upgraded":6,"win_rate":0,"timestamp":1545743134,"path_taken":["M","M","?","?","?","R","E","R","T","E","M","?","M","?","R","BOSS","M","$","M","?","?","R","E","R","T","R","$","R","M","$","R","BOSS"],"build_version":"2018-12-20","purchased_purges":2,"victory":false,"max_hp_per_floor":[71,71,71,71,64,64,64,64,64,64,64,64,64,64,64,64,64,64,64,64,64,64,64,64,64,64,64,64,64,64,64,64,64],"card_choices":[{"not_picked":["Coolheaded","Stack"],"picked":"Leap","floor":1.0},{"not_picked":["Double Energy","Hologram"],"picked":"Streamline","floor":2.0},{"not_picked":["Streamline","Force Field"],"picked":"Gash","floor":7.0},{"not_picked":["Force Field","Scrape"],"picked":"Beam Cell","floor":10.0},{"not_picked":["Tempest","Hello World"],"picked":"Glacier","floor":11.0},{"not_picked":["Fission","Turbo"],"picked":"Self Repair","floor":13.0},{"not_picked":["Leap","Sweeping Beam","Reprogram"],"picked":"SKIP","floor":14.0},{"not_picked":["Seek","Machine Learning"],"picked":"Hyperbeam","floor":16.0},{"not_picked":["Conserve Battery","Redo","Turbo"],"picked":"SKIP","floor":18.0},{"not_picked":["Redo","Turbo"],"picked":"Conserve Battery","floor":18.0},{"not_picked":["Chill+1","Genetic Algorithm","Cold Snap"],"picked":"SKIP","floor":20.0},{"not_picked":["Static Discharge","Defragment"],"picked":"Machine Learning","floor":24},{"not_picked":["Gash","Stack"],"picked":"Steam+1","floor":30}],"player_experience":848839,"relics_obtained":[{"floor":7.0,"key":"Darkstone Periapt"},{"floor":9.0,"key":"Mercury Hourglass"},{"floor":10.0,"key":"Blood Vial"},{"floor":24,"key":"Oddly Smooth Stone"},{"floor":26,"key":"Ice Cream"}],"event_choices":[{"damage_healed":0.0,"max_hp_gain":0.0,"max_hp_loss":0.0,"gold_gain":0.0,"event_name":"Liars Game","player_choice":"Ignored","floor":3.0,"gold_loss":0.0,"damage_taken":0.0},{"damage_healed":0.0,"max_hp_gain":0.0,"max_hp_loss":0.0,"gold_gain":75.0,"event_name":"World of Goop","player_choice":"Gather Gold","floor":4.0,"gold_loss":0.0,"damage_taken":11.0},{"damage_healed":0.0,"max_hp_gain":0.0,"max_hp_loss":7.0,"gold_gain":0.0,"event_name":"Golden Idol","player_choice":"Lose Max HP","floor":5.0,"gold_loss":0.0,"damage_taken":0.0,"relics_obtained":["Golden Idol"]},{"damage_healed":0.0,"max_hp_gain":0.0,"max_hp_loss":0.0,"gold_gain":0.0,"event_name":"Lab","player_choice":"Got Potions","floor":12.0,"gold_loss":0.0,"damage_taken":0.0},{"cards_removed":["Strike_B"],"damage_healed":0.0,"max_hp_gain":0.0,"max_hp_loss":0.0,"gold_gain":0.0,"event_name":"Beggar","player_choice":"Gave Gold","floor":21.0,"gold_loss":75.0,"damage_taken":0.0},{"damage_healed":0.0,"max_hp_gain":0.0,"max_hp_loss":0.0,"gold_gain":0.0,"event_name":"Addict","player_choice":"Obtained Relic","floor":22.0,"gold_loss":85.0,"damage_taken":0.0,"relics_obtained":["Sundial"]}],"is_beta":false,"boss_relics":[{"not_picked":["Fusion Hammer","Snecko Eye"],"picked":"Nuclear Battery"}],"items_purged_floors":[19,28],"is_endless":false,"potions_floor_spawned":[10,13,16,20,30],"killed_by":"Champ","ascension_level":20}