{"gold_per_floor":[112,112,122,197,197,197,216,13,13,13,28,28,28,41,41,143,143,157,167,185,195,28,28,44,44,67,87,87,106,106,106,106,106],"floor_reached":33,"playtime":4184,"items_purged":["Normality"],"score":239,"play_id":"a882ae31-357b-487c-a34e-13a5f5210b48","local_time":"20181016203859","is_ascension_mode":false,"campfire_choices":[{"data":"Clash","floor":6,"key":"SMITH"},{"data":"Rage","floor":10,"key":"SMITH"},{"data":"Rampage","floor":12,"key":"SMITH"},{"floor":15,"key":"REST"},{"floor":23,"key":"REST"},{"data":"Intimidate","floor":25,"key":"SMITH"},{"data":"Armaments","floor":32,"key":"SMITH"}],"neow_cost":"NONE","seed_source_timestamp":439502771101777,"circlet_count":0,"master_deck":["Strike_R","Strike_R","Strike_R","Strike_R","Strike_R","Defend_R","Defend_R","Bash+1","Clash+1","Regret","Headbutt","Iron Wave","Rage+1","Rampage+1","Anger","Intimidate+1","Immolate","Demon Form","Decay","Injury","Infernal Blade+1","Shrug It Off+1","Perfected Strike","Limit Break","Enlightenment+1","Anger+1","Twin Strike","Armaments+1","Inflame","Brutality"],"relics":["Burning Blood","Regal Pillow","Shuriken","Potion Belt","Calling Bell","Champion Belt","Meat on the Bone","Anchor","PreservedInsect"],"potions_floor_usage":[16,16,21,21,33],"damage_taken":[{"damage":11,"enemies":"Jaw Worm","floor":1,"turns":3},{"damage":9,"enemies":"Small Slimes","floor":3,"turns":4},{"damage":4,"enemies":"2 Louse","floor":7,"turns":2},{"damage":20,"enemies":"2 Fungi Beasts","floor":11,"turns":3},{"damage":18,"enemies":"Lots of Slimes","floor":14,"turns":4},{"damage":49,"enemies":"The Guardian","floor":16,"turns":7},{"damage":41,"enemies":"Spheric Guardian","floor":18,"turns":5},{"damage":32,"enemies":"Chosen","floor":19,"turns":6},{"damage":35,"enemies":"Snake Plant","floor":20,"turns":5},{"damage":1,"enemies":"Sentry and Sphere","floor":21,"turns":3},{"damage":43,"enemies":"Chosen and Byrds","floor":24,"turns":9},{"damage":40,"enemies":"Shelled Parasite and Fungi","floor":27,"turns":6},{"damage":26,"enemies":"3 Cultists","floor":29,"turns":6},{"damage":28,"enemies":"Automaton","floor":33,"turns":4}],"seed_played":"2133920917367411614","potions_obtained":[{"floor":3,"key":"Weak Potion"},{"floor":14,"key":"Explosive Potion"},{"floor":16,"key":"Dexterity Potion"},{"floor":18,"key":"Strength Potion"},{"floor":29,"key":"SkillPotion"}],"is_trial":false,"path_per_floor":["M","?","M","?","?","R","M","$","T","R","M","R","$","M","R","B",null,"M","M","M","M","$","R","M","R","T","M","?","M","$","?","R"],"character_chosen":"IRONCLAD","items_purchased":["Rage","Rampage","Anger","Enlightenment"],"campfire_rested":2,"item_purchase_floors":[8,8,8,22],"current_hp_per_floor":[75,75,72,61,61,61,63,63,63,63,49,49,49,37,76,33,80,57,43,26,43,43,80,55,55,55,33,33,25,25,25,25,0],"gold":106,"neow_bonus":"UPGRADE_CARD","is_prod":false,"is_daily":false,"chose_seed":false,"campfire_upgraded":5,"win_rate":0.0,"timestamp":1539675539,"path_taken":["M","?","M","?","?","R","?","$","T","R","M","R","?","?","R","BOSS","M","?","M","M","$","R","M","R","T","M","?","?","?","?","R","BOSS"],"build_version":"2018-10-11","purchased_purges":1,"victory":false,"max_hp_per_floor":[80,80,80,80,80,80,80,80,80,80,80,80,80,80,80,80,80,80,80,80,80,80,80,80,80,80,80,80,80,80,80,80,80],"card_choices":[{"not_picked":["Thunderclap","Spot Weakness"],"picked":"Clash","floor":1},{"not_picked":["Cleave","Evolve"],"picked":"Headbutt","floor":3},{"not_picked":["Thunderclap","Pommel Strike"],"picked":"Iron Wave","floor":7},{"not_picked":["Body Slam","Wild Strike"],"picked":"Intimidate","floor":11},{"not_picked":["Perfected Strike","Shrug It Off"],"picked":"Immolate","floor":14},{"not_picked":["Immolate","Bludgeon"],"picked":"Demon Form","floor":16},{"not_picked":["Feel No Pain","Heavy Blade"],"picked":"Infernal Blade+1","floor":18},{"not_picked":["Clothesline","Thunderclap"],"picked":"Shrug It Off+1","floor":19},{"not_picked":["Cleave","Blood for Blood"],"picked":"Perfected Strike","floor":20},{"not_picked":["Iron Wave","Clothesline"],"picked":"Limit Break","floor":21},{"not_picked":["Warcry","Blood for Blood+1"],"picked":"Anger+1","floor":24},{"not_picked":["Headbutt","True Grit"],"picked":"Twin Strike","floor":27},{"not_picked":["Corruption","Twin Strike"],"picked":"Armaments","floor":29}],"player_experience":87391,"relics_obtained":[{"floor":5,"key":"Shuriken"},{"floor":9,"key":"Potion Belt"},{"floor":17,"key":"Champion Belt"},{"floor":17,"key":"Meat on the Bone"},{"floor":17,"key":"Anchor"},{"floor":26,"key":"PreservedInsect"}],"event_choices":[{"event_name":"Big Fish","player_choice":"Box","floor":2,"damage_taken":0},{"event_name":"World of Goop","player_choice":"Gather Gold","floor":4,"damage_taken":0},{"event_name":"Wheel of Change","player_choice":"Relic","floor":5,"damage_taken":0},{"event_name":"Upgrade Shrine","player_choice":"Upgraded","floor":28,"damage_taken":0},{"event_name":"Drug Dealer","player_choice":"Became Test Subject","floor":31,"damage_taken":0}],"is_beta":false,"boss_relics":[{"not_picked":["Fusion Hammer","Tiny House"],"picked":"Calling Bell"}],"items_purged_floors":[22],"is_endless":false,"potions_floor_spawned":[3,14,16,18,29],"killed_by":"Automaton","ascension_level":0}