{"gold_per_floor":[115,131,156,156,174,174,184,212,212,229,229,253,267,281,281,378,378,392,23,43,74,74,74,92,104,104,104],"floor_reached":27,"playtime":1286,"items_purged":["Strike_B"],"score":269,"play_id":"d5530a20-c5ff-40aa-a246-e4790a07cfe3","local_time":"20190128133902","is_ascension_mode":false,"campfire_choices":[{"data":"Zap","floor":6,"key":"SMITH"},{"floor":11,"key":"REST"},{"floor":15,"key":"REST"},{"floor":23,"key":"REST"}],"neow_cost":"NONE","seed_source_timestamp":678771433507384,"circlet_count":0,"master_deck":["Strike_B","Strike_B","Defend_B","Defend_B","Defend_B","Defend_B","Zap+1","Dualcast","Storm","Turbo","Redo","Buffer","Hologram","Thunder Strike","Ball Lightning","White Noise","Double Energy","Force Field","Electrodynamics","Jack Of All Trades","Sweeping Beam+1","Gash+1","Hologram"],"relics":["Cracked Core","NeowsBlessing","Boot","Dodecahedron","Matryoshka","Odd Mushroom","Busted Crown","Toy Ornithopter","Blood Vial"],"potions_floor_usage":[8,16,16,16,21,24,25],"damage_taken":[{"damage":0,"enemies":"Cultist","floor":1,"turns":1},{"damage":0,"enemies":"Small Slimes","floor":2,"turns":1},{"damage":0,"enemies":"2 Louse","floor":5,"turns":1},{"damage":5,"enemies":"Looter","floor":7,"turns":3},{"damage":25,"enemies":"Lagavulin","floor":8,"turns":7},{"damage":2,"enemies":"Blue Slaver","floor":10,"turns":3},{"damage":28,"enemies":"The Mushroom Lair","floor":12,"turns":4},{"damage":22,"enemies":"Exordium Thugs","floor":13,"turns":4},{"damage":0,"enemies":"Looter","floor":14,"turns":3},{"damage":0,"enemies":"Slime Boss","floor":16,"turns":6},{"damage":10,"enemies":"Spheric Guardian","floor":18,"turns":4},{"damage":10,"enemies":"Chosen","floor":20,"turns":5},{"damage":34,"enemies":"3 Cultists","floor":21,"turns":5},{"damage":15,"enemies":"Snake Plant","floor":24,"turns":3},{"damage":13,"enemies":"Shelled Parasite and Fungi","floor":25,"turns":4},{"damage":37,"enemies":"Slavers","floor":27,"turns":2}],"seed_played":"7527187914358522468","potions_obtained":[{"floor":2,"key":"Dexterity Potion"},{"floor":5,"key":"Regen Potion"},{"floor":12,"key":"GamblersBrew"},{"floor":14,"key":"SkillPotion"},{"floor":20,"key":"Swift Potion"},{"floor":21,"key":"Weak Potion"},{"floor":24,"key":"Block Potion"}],"is_trial":false,"path_per_floor":["M","M","T","?","M","R","M","E","T","M","R","?","M","M","R","B",null,"M","$","M","M","?","R","M","M","T","E"],"character_chosen":"DEFECT","items_purchased":["Toy Ornithopter","Jack Of All Trades"],"campfire_rested":3,"item_purchase_floors":[19,19],"current_hp_per_floor":[75,75,75,75,75,75,70,51,51,49,71,43,21,21,43,43,75,65,65,55,26,26,48,38,30,30,0],"gold":104,"neow_bonus":"THREE_ENEMY_KILL","is_prod":false,"is_daily":false,"chose_seed":false,"campfire_upgraded":1,"win_rate":0,"timestamp":1548635942,"path_taken":["M","M","?","?","M","R","M","E","T","?","R","?","M","M","R","BOSS","M","$","M","M","?","R","M","M","T","E"],"build_version":"2019-01-23","purchased_purges":1,"victory":false,"max_hp_per_floor":[75,75,75,75,75,75,75,75,75,75,75,75,75,75,75,75,75,75,75,75,75,75,75,75,75,75,75],"card_choices":[{"not_picked":["Leap","Scrape"],"picked":"Storm","floor":1},{"not_picked":["Rebound","Compile Driver"],"picked":"Turbo","floor":2},{"not_picked":["Gash","Steam"],"picked":"Buffer","floor":5},{"not_picked":["Doom and Gloom","Steam"],"picked":"Hologram","floor":7},{"not_picked":["Cold Snap","Coolheaded"],"picked":"Thunder Strike","floor":8},{"not_picked":["Coolheaded","Lockon"],"picked":"Ball Lightning","floor":10},{"not_picked":["Turbo","Reinforced Body"],"picked":"White Noise","floor":12},{"not_picked":["Aggregate","Steam"],"picked":"Double Energy","floor":13},{"not_picked":["Hyperbeam","Recycle"],"picked":"Force Field","floor":14},{"not_picked":["All For One","Buffer"],"picked":"Electrodynamics","floor":16},{"not_picked":["Doom and Gloom"],"picked":"SKIP","floor":18},{"not_picked":[],"picked":"Sweeping Beam+1","floor":20},{"not_picked":[],"picked":"Gash+1","floor":21},{"not_picked":["Gash"],"picked":"SKIP","floor":24},{"not_picked":[],"picked":"Hologram","floor":25}],"player_experience":598931,"relics_obtained":[{"floor":3,"key":"Boot"},{"floor":8,"key":"Dodecahedron"},{"floor":9,"key":"Matryoshka"},{"floor":12,"key":"Odd Mushroom"},{"floor":26,"key":"Blood Vial"}],"event_choices":[{"damage_healed":0,"gold_gain":0,"cards_transformed":["Strike_B"],"player_choice":"Transformed","damage_taken":0,"max_hp_gain":0,"max_hp_loss":0,"event_name":"Transmorgrifier","floor":4,"gold_loss":0,"cards_obtained":["Redo"]},{"damage_healed":0,"gold_gain":0,"player_choice":"Fought Mushrooms","damage_taken":0,"max_hp_gain":0,"max_hp_loss":0,"event_name":"Mushrooms","floor":12,"gold_loss":0},{"damage_healed":0,"gold_gain":0,"player_choice":"Ignored","damage_taken":0,"max_hp_gain":0,"max_hp_loss":0,"event_name":"Cursed Tome","floor":22,"gold_loss":0}],"is_beta":false,"boss_relics":[{"not_picked":["Coffee Dripper","Sozu"],"picked":"Busted Crown"}],"items_purged_floors":[19],"is_endless":false,"potions_floor_spawned":[2,5,12,14,20,21,24],"killed_by":"Slavers","ascension_level":0}