{"path_per_floor":["M","M","?","?","M","E","R","?","T","M","M","?","$","E","R","B",null,"M","?","?","?","M","E","R","M","T","?","?","E","M","M","R"],"character_chosen":"THE_SILENT","items_purchased":["Toxic Egg 2","Backstab"],"gold_per_floor":[114,130,130,305,318,351,351,351,375,395,407,465,144,173,173,272,272,286,286,286,286,301,328,328,346,422,422,422,454,472,483,483],"floor_reached":33,"campfire_rested":1,"playtime":2872,"current_hp_per_floor":[68,68,68,68,67,70,70,70,70,65,57,37,37,29,29,8,77,60,60,60,60,58,31,31,21,21,46,30,29,21,11,34],"items_purged":[],"gold":483,"score":321,"play_id":"c41bde19-dceb-4b38-9245-0d9a883f59b6","local_time":"20180318164950","is_prod":false,"is_daily":false,"is_ascension_mode":false,"campfire_upgraded":3,"timestamp":1521388190,"path_taken":["M","M","?","?","M","E","R","?","T","M","M","?","$","E","R","BOSS","M","?","?","?","M","E","R","M","T","?","?","E","?","M","R","BOSS"],"build_version":"2018-03-15v3","purchased_purges":0,"victory":false,"master_deck":["Defend_G+1","Defend_G+1","Defend_G+1","Defend_G+1","Defend_G+1","Strike_G+1","Strike_G+1","Strike_G+1","Strike_G+1","Strike_G+1","Survivor","Neutralize","Leg Sweep+1","Backstab+1","Regret","Sucker Punch","Die Die Die+1","Backstab","Backflip","Backstab","Backstab+1","PiercingWail+1","Adrenaline+1","Endless Agony","Quick Slash","Dagger Throw+1","Blur+1","Finisher+1","Acrobatics+1","Dagger Spray"],"max_hp_per_floor":[70,70,70,70,70,77,77,77,77,77,77,77,77,77,77,77,77,77,77,77,77,77,77,77,77,77,77,77,77,77,77,77],"relics":["Runic Dome","Snake Skull","Strawberry","Bronze Scales","Happy Flower","Toxic Egg 2","Calipers","Black Star","Darkstone Periapt","Toolbox","Ninja Scroll","Enchiridion","Singing Bowl","Whetstone"],"card_choices":[{"not_picked":["Deadly Poison","Heel Hook"],"picked":"Leg Sweep"},{"not_picked":["Outmaneuver","Prepared"],"picked":"Backstab"},{"not_picked":["Prepared","Eviscerate"],"picked":"Sucker Punch"},{"not_picked":["Unload","Escape Plan"],"picked":"Die Die Die"},{"not_picked":["Underhanded Strike","Deadly Poison"],"picked":"Backstab"},{"not_picked":["Sucker Punch","Dodge and Roll"],"picked":"Backflip"},{"not_picked":["Skewer","Acrobatics"],"picked":"Backstab"},{"not_picked":["Grand Finale","Predator"],"picked":"PiercingWail"},{"not_picked":["Doppelganger","A Thousand Cuts"],"picked":"Adrenaline"},{"not_picked":["PiercingWail","Dash"],"picked":"Endless Agony"},{"not_picked":["Dagger Throw","Flying Knee"],"picked":"Quick Slash"},{"not_picked":["Bullet Time","Crippling Poison"],"picked":"Dagger Throw"},{"not_picked":["Caltrops","Underhanded Strike"],"picked":"Blur"},{"not_picked":["Bane","Eviscerate"],"picked":"Finisher"},{"not_picked":["Backstab","Skewer"],"picked":"Acrobatics"},{"not_picked":["Dodge and Roll","Flechettes"],"picked":"Dagger Spray"}],"player_experience":155231,"potions_floor_usage":[6,14,16,16,33,33],"damage_taken":[{"damage":2,"enemies":"Small Slimes","floor":1,"turns":4},{"damage":0,"enemies":"Jaw Worm","floor":2,"turns":6},{"damage":1,"enemies":"Cultist","floor":5,"turns":4},{"damage":4,"enemies":"Lagavulin","floor":6,"turns":8},{"damage":5,"enemies":"2 Fungi Beasts","floor":10,"turns":3},{"damage":8,"enemies":"Blue Slaver","floor":11,"turns":2},{"damage":20,"enemies":"Lagavulin Event","floor":12,"turns":8},{"damage":8,"enemies":"3 Sentries","floor":14,"turns":1},{"damage":21,"enemies":"Slime Boss","floor":16,"turns":9},{"damage":17,"enemies":"Chosen","floor":18,"turns":5},{"damage":2,"enemies":"2 Thieves","floor":22,"turns":3},{"damage":27,"enemies":"Gremlin Leader","floor":23,"turns":11},{"damage":10,"enemies":"Snecko","floor":25,"turns":4},{"damage":1,"enemies":"Book of Stabbing","floor":29,"turns":3},{"damage":8,"enemies":"Slaver and Parasite","floor":30,"turns":4},{"damage":10,"enemies":"Centurion and Healer","floor":31,"turns":3},{"damage":35,"enemies":"Champ","floor":33,"turns":7}],"event_choices":[{"event_name":"Big Fish","player_choice":"Box","floor":3,"damage_taken":0},{"event_name":"Liars Game","player_choice":"agreed","floor":4,"damage_taken":0},{"event_name":"Living Wall","player_choice":"Forget","floor":8,"damage_taken":0},{"event_name":"Dead Adventurer","player_choice":"Searched \u00272\u0027 times","floor":12,"damage_taken":0},{"event_name":"Back to Basics","player_choice":"Simplicity","floor":19,"damage_taken":0},{"event_name":"Drug Dealer","player_choice":"Ignored","floor":20,"damage_taken":0},{"event_name":"Vampires","player_choice":"Ignored","floor":21,"damage_taken":0},{"event_name":"The Library","player_choice":"Heal","floor":27,"damage_taken":0},{"event_name":"Cursed Tome","player_choice":"Obtained Book","floor":28,"damage_taken":0}],"boss_relics":[{"not_picked":["White Beast Statue","Cursed Key"],"picked":"Black Star"}],"potions_floor_spawned":[2,5,6,12,29,31],"seed_played":"2206635126182875910","killed_by":"Champ","ascension_level":0,"is_trial":false}