{"gold_per_floor":[116,131,131,147,162,162,87,105,130,30,30,30,43,78,78,182,182,200,216,216,216,91,91,103,103,156,156,167,167,17,17,17,122,122,142,142,157,157,157,157,175,186,233,233,247,247,273,273,273,273],"floor_reached":50,"playtime":503,"items_purged":["Defend_R","Defend_R","Defend_R+1","Strike_R"],"score":495,"play_id":"791b8f01-dca9-4ce7-adcf-76e6eeed5983","local_time":"20180702163846","is_ascension_mode":false,"campfire_choices":[{"data":"Whirlwind","floor":6.0,"key":"SMITH"},{"data":"Whirlwind","floor":12.0,"key":"SMITH"},{"data":"Clash","floor":15.0,"key":"SMITH"},{"data":"Bash","floor":23.0,"key":"SMITH"},{"data":"Limit Break","floor":25.0,"key":"SMITH"},{"data":"Strike_R","floor":27.0,"key":"SMITH"},{"data":"Spot Weakness","floor":32.0,"key":"SMITH"},{"floor":40.0,"key":"REST"},{"floor":44.0,"key":"REST"},{"floor":46.0,"key":"REST"},{"floor":49,"key":"REST"}],"neow_cost":"","seed_source_timestamp":2155136380570,"circlet_count":0,"master_deck":["Strike_R+1","Strike_R+1","Strike_R+1","Strike_R+1","Bash+1","Whirlwind+1","Limit Break+1","Whirlwind+1","Clash+1","Spot Weakness+1","Limit Break+1"],"special_seed":0,"relics":["Philosopher\u0027s Stone","Pen Nib","Orichalcum","Busted Crown","Singing Bowl","Sozu","Mark of the Bloom","Bronze Scales","Ancient Tea Set"],"potions_floor_usage":[47,47,47],"damage_taken":[{"damage":8.0,"enemies":"2 Louse","floor":1.0,"turns":2.0},{"damage":11.0,"enemies":"Jaw Worm","floor":2.0,"turns":2.0},{"damage":0.0,"enemies":"Cultist","floor":4.0,"turns":2.0},{"damage":9.0,"enemies":"3 Louse","floor":5.0,"turns":2.0},{"damage":0.0,"enemies":"Lots of Slimes","floor":8.0,"turns":1.0},{"damage":7.0,"enemies":"Blue Slaver","floor":13.0,"turns":2.0},{"damage":8.0,"enemies":"3 Sentries","floor":14.0,"turns":2.0},{"damage":26.0,"enemies":"Hexaghost","floor":16.0,"turns":6.0},{"damage":8.0,"enemies":"Shell Parasite","floor":18.0,"turns":2.0},{"damage":4.0,"enemies":"2 Thieves","floor":19.0,"turns":2.0},{"damage":2.0,"enemies":"Centurion and Healer","floor":24.0,"turns":3.0},{"damage":0.0,"enemies":"Cultist and Chosen","floor":28.0,"turns":2.0},{"damage":17.0,"enemies":"Champ","floor":33.0,"turns":5.0},{"damage":0.0,"enemies":"3 Darklings","floor":35.0,"turns":1.0},{"damage":6.0,"enemies":"Orb Walker","floor":37.0,"turns":2.0},{"damage":12.0,"enemies":"Spire Growth","floor":41.0,"turns":2.0},{"damage":0.0,"enemies":"Transient","floor":42.0,"turns":5.0},{"damage":0.0,"enemies":"Sphere and 2 Shapes","floor":45.0,"turns":1.0},{"damage":36,"enemies":"Nemesis","floor":47,"turns":3},{"damage":41,"enemies":"Time Eater","floor":50,"turns":3}],"seed_played":"3637334531743621307","potions_obtained":[{"floor":2.0,"key":"BloodPotion"},{"floor":4.0,"key":"AttackPotion"},{"floor":8.0,"key":"Poison Potion"},{"floor":19.0,"key":"SteroidPotion"}],"is_trial":false,"path_per_floor":["M","M","?","M","M","R","$","M","T","$","?","R","M","E","R","B",null,"M","M","?","?","$","R","M","R","T","R","M","?","$","?","R","B",null,"M","?","M","$","?","R","M","M","T","R","M","R","E","?","R"],"character_chosen":"IRONCLAD","items_purchased":[],"campfire_rested":4,"item_purchase_floors":[],"current_hp_per_floor":[72,61,45,45,36,36,36,36,36,36,36,36,29,21,21,3,80,72,68,68,68,68,68,66,66,66,66,66,66,66,66,66,51,82,84,84,78,78,78,78,66,66,66,66,66,66,30,30,30,0],"gold":273,"neow_bonus":"","is_prod":false,"is_daily":false,"chose_seed":false,"campfire_upgraded":7,"win_rate":0,"timestamp":1530574726,"path_taken":["M","M","?","M","M","R","$","M","T","$","?","R","M","E","R","BOSS","M","M","?","?","$","R","?","R","T","R","M","?","?","?","R","BOSS","M","?","M","?","?","R","M","M","T","R","M","R","E","?","R","BOSS"],"build_version":"2018-06-29","purchased_purges":4,"victory":false,"max_hp_per_floor":[80,80,80,80,80,80,80,80,80,80,80,80,80,80,80,80,80,80,80,80,80,80,80,80,80,80,80,80,80,80,80,80,82,82,84,84,84,84,84,84,86,86,86,86,86,86,88,88,88,88],"card_choices":[{"not_picked":["Clothesline","Warcry"],"picked":"Whirlwind","floor":1.0},{"not_picked":["Headbutt","Sword Boomerang"],"picked":"Limit Break","floor":5.0},{"not_picked":["Body Slam","Sword Boomerang"],"picked":"Clash","floor":14.0},{"not_picked":["Juggernaut"],"picked":"Singing Bowl","floor":33.0},{"not_picked":["Heavy Blade"],"picked":"Singing Bowl","floor":35.0},{"not_picked":["Sword Boomerang"],"picked":"Singing Bowl","floor":41.0},{"not_picked":["Cleave"],"picked":"Singing Bowl","floor":47}],"player_experience":454729,"relics_obtained":[{"floor":9.0,"key":"Pen Nib"},{"floor":14.0,"key":"Orichalcum"},{"floor":26.0,"key":"Singing Bowl"},{"floor":43.0,"key":"Bronze Scales"},{"floor":47,"key":"Ancient Tea Set"}],"event_choices":[{"event_name":"Shining Light","player_choice":"Entered Light","floor":3.0,"damage_taken":0.0},{"event_name":"Transmorgrifier","player_choice":"Transform","floor":11.0,"damage_taken":0.0},{"event_name":"Vampires","player_choice":"Ignored","floor":20.0,"damage_taken":0.0},{"event_name":"Ghosts","player_choice":"Ignored","floor":21.0,"damage_taken":0.0},{"event_name":"The Library","player_choice":"Read","floor":29.0,"damage_taken":0.0},{"event_name":"Addict","player_choice":"Ignored","floor":31.0,"damage_taken":0.0},{"event_name":"MindBloom","player_choice":"Upgrade","floor":36.0,"damage_taken":0.0},{"event_name":"Duplicator","player_choice":"One dupe","floor":39.0,"damage_taken":0.0},{"event_name":"Match and Keep!","player_choice":"0 cards matched","floor":48,"damage_taken":0}],"boss_relics":[{"not_picked":["Runic Pyramid","Black Star"],"picked":"Busted Crown"},{"not_picked":["Cursed Key","Runic Cube"],"picked":"Sozu"}],"items_purged_floors":[],"is_endless":false,"potions_floor_spawned":[2,4,8,14,19,24,41,45,47],"killed_by":"Time Eater","ascension_level":0}