{"gold_per_floor":[119,119,119,137,32,32,32,46,46,46,46,20,20,49,49,128,128,144,72,72,55,68,68,68,68,68,80,115,131,144,144,144,221,221,241,257,357,375,390,390,410,422,422,422,22,22,22,22,22,22],"floor_reached":51,"playtime":2658,"items_purged":["Writhe"],"score":1138,"play_id":"beba4c36-083e-4c24-a690-fcb512aee76a","local_time":"20180708202647","is_ascension_mode":true,"campfire_choices":[{"data":"Hologram","floor":6.0,"key":"SMITH"},{"data":"Coolheaded","floor":10.0,"key":"SMITH"},{"data":"Hologram","floor":13.0,"key":"SMITH"},{"floor":15.0,"key":"REST"},{"data":"Blizzard","floor":23.0,"key":"SMITH"},{"data":"Go for the Eyes","floor":25.0,"key":"SMITH"},{"data":"Capacitor","floor":32.0,"key":"SMITH"},{"data":"Echo Form","floor":40,"key":"SMITH"},{"floor":47,"key":"REST"},{"data":"Coolheaded","floor":49,"key":"SMITH"}],"neow_cost":"","seed_source_timestamp":0,"circlet_count":0,"master_deck":["Strike_B","Strike_B","Strike_B","Defend_B+1","Defend_B+1","Defend_B","Zap","Dualcast","AscendersBane","Hologram+1","Self Repair","Coolheaded+1","Cold Snap","Hologram+1","White Noise","Echo Form+1","Go for the Eyes+1","FTL","Beam Cell","Blizzard+1","Fusion+1","Rebound","Capacitor+1","Core Surge","Self Repair","Coolheaded+1","Reprogram","Cold Snap","Glacier","Leap","Reinforced Body","Trip"],"special_seed":0,"relics":["Empty Cage","Mercury Hourglass","Turnip","Thread and Needle","Sozu","Sundial","Bottled Lightning","Runic Pyramid","Centennial Puzzle","Mummified Hand"],"potions_floor_usage":[42],"damage_taken":[{"damage":1.0,"enemies":"Cultist","floor":1.0,"turns":4.0},{"damage":12.0,"enemies":"Small Slimes","floor":4.0,"turns":3.0},{"damage":5.0,"enemies":"Jaw Worm","floor":8.0,"turns":5.0},{"damage":23.0,"enemies":"Gremlin Nob","floor":14.0,"turns":7.0},{"damage":4.0,"enemies":"Hexaghost","floor":16.0,"turns":13.0},{"damage":0.0,"enemies":"Spheric Guardian","floor":18.0,"turns":8.0},{"damage":12.0,"enemies":"2 Thieves","floor":21.0,"turns":4.0},{"damage":0.0,"enemies":"Chosen and Byrds","floor":22.0,"turns":6.0},{"damage":17.0,"enemies":"Slaver and Parasite","floor":27.0,"turns":6.0},{"damage":19.0,"enemies":"Gremlin Leader","floor":28.0,"turns":7.0},{"damage":4.0,"enemies":"Snake Plant","floor":29.0,"turns":5.0},{"damage":6.0,"enemies":"3 Cultists","floor":30.0,"turns":4.0},{"damage":24.0,"enemies":"Automaton","floor":33.0,"turns":11.0},{"damage":3,"enemies":"3 Shapes","floor":35,"turns":6},{"damage":6,"enemies":"Orb Walker","floor":36,"turns":5},{"damage":24,"enemies":"4 Shapes","floor":38,"turns":6},{"damage":8,"enemies":"Maw","floor":39,"turns":9},{"damage":19,"enemies":"3 Darklings","floor":41,"turns":5},{"damage":27,"enemies":"Transient","floor":42,"turns":5},{"damage":31,"enemies":"Awakened One","floor":50,"turns":13}],"seed_played":"7743344744694691615","potions_obtained":[{"floor":1.0,"key":"Weak Potion"},{"floor":14.0,"key":"GamblersBrew"}],"is_trial":false,"path_per_floor":["M","T","?","M","$","R","$","M","T","R","?","$","R","E","R","B",null,"M","$","?","M","M","R","?","R","T","M","E","M","M","?","R","B",null,"M","M","?","M","M","R","M","M","T","?","$","?","R","?","R","B"],"character_chosen":"DEFECT","items_purchased":["Coolheaded","Cold Snap","Hologram","FTL","Mummified Hand","Reinforced Body"],"campfire_rested":2,"item_purchase_floors":[],"current_hp_per_floor":[63,63,63,51,51,51,51,53,53,53,39,39,39,23,44,47,65,71,71,71,66,71,71,71,71,71,61,56,59,60,60,60,36,62,66,71,71,68,71,71,52,25,25,43,43,43,64,64,64,47],"gold":22,"neow_bonus":"","is_prod":false,"is_daily":false,"chose_seed":false,"campfire_upgraded":8,"win_rate":0,"timestamp":1531106807,"path_taken":["M","?","?","M","?","R","$","M","T","R","?","$","R","E","R","BOSS","M","$","?","M","M","R","?","R","T","?","E","M","?","?","R","BOSS","M","M","?","M","M","R","M","M","T","?","$","?","R","?","R","BOSS"],"build_version":"2018-07-05","purchased_purges":1,"victory":true,"max_hp_per_floor":[71,71,71,71,71,71,71,71,71,71,71,71,71,71,71,71,71,71,71,71,71,71,71,71,71,71,71,71,71,71,71,71,71,71,71,71,71,71,71,71,71,71,71,71,71,71,71,71,71,71],"card_choices":[{"not_picked":["Static Discharge","Barrage"],"picked":"Hologram","floor":1.0},{"not_picked":["Compile Driver","Sweeping Beam"],"picked":"Self Repair","floor":4.0},{"not_picked":["Barrage","Compile Driver"],"picked":"White Noise","floor":14.0},{"not_picked":["Multi-Cast","Hyperbeam"],"picked":"Echo Form","floor":16.0},{"not_picked":["Gash","Compile Driver"],"picked":"Go for the Eyes","floor":18.0},{"not_picked":["Steam","Stack"],"picked":"Beam Cell","floor":21.0},{"not_picked":["Sweeping Beam","Gash"],"picked":"Blizzard","floor":22.0},{"not_picked":["Streamline","Recycle"],"picked":"Fusion+1","floor":27.0},{"not_picked":["Steam Power","Tempest","Chaos"],"picked":"SKIP","floor":28.0},{"not_picked":["Double Energy","Reinforced Body"],"picked":"Rebound","floor":29.0},{"not_picked":["Conserve Battery","Undo"],"picked":"Capacitor","floor":30.0},{"not_picked":["Fission","Biased Cognition"],"picked":"Core Surge","floor":33.0},{"not_picked":["Turbo+1","Stack+1"],"picked":"Self Repair","floor":35},{"not_picked":["Storm+1","Ball Lightning+1"],"picked":"Coolheaded","floor":36},{"not_picked":["Self Repair","Rebound+1"],"picked":"Reprogram","floor":38},{"not_picked":["Rebound+1","Streamline+1"],"picked":"Cold Snap","floor":39},{"not_picked":["Self Repair","Coolheaded"],"picked":"Glacier","floor":41},{"not_picked":["Static Discharge","Hologram"],"picked":"Leap","floor":42},{"not_picked":["Flash of Steel","Mind Blast"],"picked":"Trip","floor":48}],"player_experience":519037,"relics_obtained":[{"floor":2.0,"key":"Mercury Hourglass"},{"floor":9.0,"key":"Turnip"},{"floor":14.0,"key":"Thread and Needle"},{"floor":26.0,"key":"Sundial"},{"floor":28.0,"key":"Bottled Lightning"},{"floor":43,"key":"Centennial Puzzle"}],"event_choices":[{"event_name":"Liars Game","player_choice":"disagreed","floor":3.0,"damage_taken":0.0},{"event_name":"Shining Light","player_choice":"Entered Light","floor":11.0,"damage_taken":0.0},{"event_name":"Drug Dealer","player_choice":"Ignored","floor":20.0,"damage_taken":0.0},{"event_name":"Beggar","player_choice":"Ignored","floor":24.0,"damage_taken":0.0},{"event_name":"N\u0027loth","player_choice":"Ignored","floor":31.0,"damage_taken":0.0},{"event_name":"Golden Shrine","player_choice":"Pray","floor":37,"damage_taken":0},{"event_name":"Winding Halls","player_choice":"Writhe","floor":44,"damage_taken":0},{"event_name":"Mysterious Sphere","player_choice":"Ignore","floor":46,"damage_taken":0},{"event_name":"SensoryStone","player_choice":"Memory 1","floor":48,"damage_taken":0}],"boss_relics":[{"not_picked":["Nuclear Battery","Pandora\u0027s Box"],"picked":"Sozu"},{"not_picked":["Calling Bell","Snecko Eye"],"picked":"Runic Pyramid"}],"items_purged_floors":[45],"is_endless":false,"potions_floor_spawned":[1,14,21,22,27,36,42],"ascension_level":14}