{"gold_per_floor":[137,175,213,213,251,251,426,501,501,501,1,76,114,189,189,439,439,477,515,553,553,100,175,225,312,349,399,486,498,42,80,80,330,330,368,368,168,168,206,206,206],"floor_reached":41,"playtime":7813,"items_purged":["Doubt","Strike_R","Doubt","Writhe"],"score":621,"play_id":"09e728ed-e930-4077-a4f7-26a07c93424e","local_time":"20181009151754","daily_mods":["Heirloom","Blue Cards","MonsterHunter"],"is_ascension_mode":false,"campfire_choices":[{"data":"Streamline","floor":6,"key":"SMITH"},{"data":"True Grit","floor":10,"key":"SMITH"},{"data":"Bash","floor":15,"key":"SMITH"},{"data":"Hyperbeam","floor":32,"key":"SMITH"},{"data":"Uppercut","floor":40,"key":"SMITH"}],"neow_cost":"","seed_source_timestamp":0,"circlet_count":0,"master_deck":["Strike_R","Strike_R","Strike_R","Defend_R+1","Defend_R","Defend_R","Defend_R","Bash+1","Rip and Tear+1","True Grit+1","Battle Trance","Streamline+1","Iron Wave","Reboot","Sword Boomerang","Twin Strike","Hyperbeam+1","Rebound+1","Flame Barrier","Intimidate+1","Juggernaut","Fusion","Feel No Pain","Turbo","Armaments","Conserve Battery","Reinforced Body","Metallicize","Uppercut+1","Infernal Blade","Double Tap","Secret Weapon","Bandage Up","Discovery","Pummel+1"],"special_seed":17813,"relics":["Black Blood","Thread and Needle","Smiling Mask","Orichalcum","FossilizedHelix","Vajra","Ornamental Fan","Mummified Hand","Cursed Key","Oddly Smooth Stone","MawBank","StoneCalendar","Blood Vial","Bottled Flame","Pear","Mango","Red Skull"],"potions_floor_usage":[16,16,16,23,23,23,25,25,25,33],"damage_taken":[{"damage":5,"enemies":"Small Slimes","floor":1,"turns":7},{"damage":5,"enemies":"Jaw Worm","floor":2,"turns":4},{"damage":3,"enemies":"2 Louse","floor":3,"turns":3},{"damage":11,"enemies":"Lots of Slimes","floor":5,"turns":6},{"damage":43,"enemies":"3 Sentries","floor":8,"turns":13},{"damage":0,"enemies":"Lagavulin","floor":12,"turns":5},{"damage":0,"enemies":"Red Slaver","floor":13,"turns":4},{"damage":0,"enemies":"3 Sentries","floor":14,"turns":8},{"damage":10,"enemies":"Slime Boss","floor":16,"turns":11},{"damage":0,"enemies":"Chosen","floor":18,"turns":6},{"damage":0,"enemies":"3 Byrds","floor":19,"turns":5},{"damage":0,"enemies":"Snecko","floor":20,"turns":5},{"damage":32,"enemies":"Slavers","floor":23,"turns":5},{"damage":0,"enemies":"Cultist and Chosen","floor":24,"turns":6},{"damage":27,"enemies":"Gremlin Leader","floor":25,"turns":8},{"damage":8,"enemies":"3 Cultists","floor":27,"turns":5},{"damage":0,"enemies":"Book of Stabbing","floor":28,"turns":6},{"damage":3,"enemies":"Centurion and Healer","floor":31,"turns":7},{"damage":63,"enemies":"Automaton","floor":33,"turns":16},{"damage":22,"enemies":"3 Darklings","floor":35,"turns":3},{"damage":0,"enemies":"3 Shapes","floor":39,"turns":7},{"damage":111,"enemies":"2 Orb Walkers","floor":41,"turns":6}],"seed_played":"974947357107287634","potions_obtained":[{"floor":1,"key":"Ancient Potion"},{"floor":2,"key":"BloodPotion"},{"floor":13,"key":"GamblersBrew"},{"floor":20,"key":"Swift Potion"},{"floor":23,"key":"Explosive Potion"},{"floor":31,"key":"Regen Potion"},{"floor":35,"key":"Fire Potion"}],"is_trial":false,"path_per_floor":["M","M","M","?","M","R","?","E","T","R","$","E","M","E","R","B",null,"M","M","M","?","$","E","M","E","T","M","E","?","$","M","R","B",null,"M","?","$","?","M","R"],"character_chosen":"IRONCLAD","items_purchased":["FossilizedHelix","Vajra","Oddly Smooth Stone","Juggernaut","Fusion","EntropicBrew","Metallicize","Uppercut","Mango","Red Skull"],"campfire_rested":0,"item_purchase_floors":[11,11,22,22,22,22,30,30,30,37],"current_hp_per_floor":[80,80,80,64,59,59,59,22,22,22,22,28,34,40,40,44,80,80,80,80,80,80,54,60,48,48,48,56,66,80,85,85,44,104,92,92,92,82,98,98,0],"gold":206,"neow_bonus":"","is_prod":false,"is_daily":true,"chose_seed":false,"campfire_upgraded":5,"win_rate":0,"timestamp":1539091074,"path_taken":["M","M","M","?","M","R","?","E","T","R","$","E","M","E","R","BOSS","M","M","M","?","$","E","M","E","T","M","E","?","$","M","R","BOSS","M","?","$","?","M","R","E"],"build_version":"2018-10-04v2","purchased_purges":4,"victory":false,"max_hp_per_floor":[80,80,80,80,80,80,80,80,80,80,80,80,80,80,80,80,80,80,80,80,80,80,80,80,80,80,80,80,90,104,104,104,104,104,104,99,99,99,99,99,99],"card_choices":[{"not_picked":["Metallicize","Pommel Strike"],"picked":"Rip and Tear","floor":1},{"not_picked":["Perfected Strike","Sweeping Beam"],"picked":"True Grit","floor":2},{"not_picked":["Havoc","Pommel Strike"],"picked":"Battle Trance","floor":3},{"not_picked":["Sword Boomerang","Shrug It Off"],"picked":"Streamline","floor":5},{"not_picked":["Storm","Reprogram"],"picked":"Iron Wave","floor":8},{"not_picked":["Armaments","Sunder"],"picked":"Reboot","floor":12},{"not_picked":["Hello World","Shrug It Off"],"picked":"Sword Boomerang","floor":13},{"not_picked":["Combust","Heatsinks"],"picked":"Twin Strike","floor":14},{"not_picked":["Dark Embrace","Multi-Cast"],"picked":"Hyperbeam","floor":16},{"not_picked":["Force Field+1","Doom and Gloom+1"],"picked":"Rebound+1","floor":18},{"not_picked":["Streamline+1","Cleave"],"picked":"Flame Barrier","floor":19},{"not_picked":["Turbo","Coolheaded+1"],"picked":"Intimidate+1","floor":20},{"not_picked":["Echo Form","Armaments+1"],"picked":"Feel No Pain","floor":23},{"not_picked":["Doom and Gloom","Iron Wave"],"picked":"Turbo","floor":24},{"not_picked":["Dual Wield","Havoc"],"picked":"Armaments","floor":25},{"not_picked":["Carnage","Aggregate"],"picked":"Conserve Battery","floor":27},{"not_picked":["Flex+1","Sword Boomerang+1"],"picked":"Reinforced Body","floor":28},{"not_picked":["Sword Boomerang","Conserve Battery"],"picked":"Infernal Blade","floor":31},{"not_picked":["Electrodynamics","Bludgeon"],"picked":"Double Tap","floor":33},{"not_picked":["Cold Snap","Heatsinks","Auto Shields"],"picked":"SKIP","floor":35},{"not_picked":["Bandage Up","PanicButton"],"picked":"Secret Weapon","floor":38},{"not_picked":["Enlightenment","Jack Of All Trades"],"picked":"Bandage Up","floor":38},{"not_picked":["Master of Strategy","Flash of Steel"],"picked":"Discovery","floor":38},{"not_picked":["Anger","Pommel Strike"],"picked":"Pummel+1","floor":39}],"player_experience":1384128,"relics_obtained":[{"floor":8,"key":"Smiling Mask"},{"floor":9,"key":"Orichalcum"},{"floor":12,"key":"Ornamental Fan"},{"floor":14,"key":"Mummified Hand"},{"floor":23,"key":"MawBank"},{"floor":25,"key":"StoneCalendar"},{"floor":26,"key":"Blood Vial"},{"floor":28,"key":"Bottled Flame"}],"event_choices":[{"event_name":"Shining Light","player_choice":"Entered Light","floor":4,"damage_taken":0},{"event_name":"Liars Game","player_choice":"agreed","floor":7,"damage_taken":0},{"event_name":"Purifier","player_choice":"One Purge","floor":21,"damage_taken":0},{"event_name":"The Mausoleum","player_choice":"Yes","floor":29,"damage_taken":0},{"event_name":"Winding Halls","player_choice":"Max HP","floor":36,"damage_taken":0},{"event_name":"SensoryStone","player_choice":"Memory 3","floor":38,"damage_taken":0}],"is_beta":false,"boss_relics":[{"not_picked":["Runic Dome","Astrolabe"],"picked":"Cursed Key"},{"not_picked":["Runic Cube","Busted Crown"],"picked":"Black Blood"}],"items_purged_floors":[11,22,30,37],"is_endless":false,"potions_floor_spawned":[1,2,13,14,20,23,31,35],"killed_by":"2 Orb Walkers","ascension_level":0}