{"path_per_floor":["M","M","M","M","$","R","?","R","T","R","E","?","$","?","R","B",null,"M","$","M","$","M","R","M","M","T","E","R","M","M","M","R","B",null,"M","?","M","$","?","R","?","M","T","M","M","M","?","M","R"],"character_chosen":"IRONCLAD","items_purchased":["Spot Weakness","Body Slam","Heavy Blade"],"gold_per_floor":[117,129,141,158,2,2,2,2,2,2,31,31,31,31,31,130,130,142,42,53,53,70,70,89,104,156,182,182,196,206,224,224,326,326,337,337,350,172,172,172,172,184,184,194,207,221,221,240,240,240],"floor_reached":50,"campfire_rested":5,"playtime":1835,"current_hp_per_floor":[80,80,80,80,80,80,80,80,80,80,70,70,70,54,78,53,80,56,56,62,62,53,53,45,43,43,27,51,57,49,42,66,25,80,64,80,34,34,34,58,58,53,53,58,17,11,11,21,45,0],"items_purged":["Strike_R","Regret","Writhe"],"gold":240,"score":468,"play_id":"b31dd79a-ab03-4b19-8bd6-36ea6852a1e6","local_time":"20180327114619","is_prod":false,"is_daily":false,"is_ascension_mode":false,"campfire_upgraded":4,"timestamp":1522143979,"path_taken":["M","M","?","M","$","R","?","R","T","R","E","?","$","?","R","BOSS","M","$","?","$","M","R","?","M","T","E","R","M","M","M","R","BOSS","M","?","?","$","?","R","?","M","T","M","?","M","?","M","R","BOSS"],"build_version":"2018-03-22v2","purchased_purges":3,"victory":false,"master_deck":["Strike_R","Strike_R","Strike_R","Strike_R","Defend_R","Defend_R","Defend_R+1","Defend_R","Shrug It Off","Metallicize+1","Shrug It Off+1","Twin Strike","Spot Weakness+1","Body Slam+1","Limit Break+1","Demon Form+1","Spot Weakness","Whirlwind","Power Through+1","Sword Boomerang+1","True Grit+1","Flex+1","Heavy Blade","Decay"],"max_hp_per_floor":[80,80,80,80,80,80,80,80,80,80,80,80,80,80,80,80,80,80,80,80,80,80,80,80,80,80,80,80,80,80,80,80,80,80,80,80,80,80,80,80,80,80,80,80,80,80,80,80,80,80],"relics":["Black Blood","Pantograph","Bottled Lightning","Ginger","Mark of Pain","Ancient Tea Set","Dream Catcher","Vajra"],"card_choices":[{"not_picked":["Battle Trance","Perfected Strike"],"picked":"Shrug It Off","floor":0},{"not_picked":["Wild Strike","Iron Wave"],"picked":"Metallicize","floor":1},{"not_picked":["Twin Strike","Armaments"],"picked":"Shrug It Off","floor":2},{"not_picked":["Warcry","Heavy Blade"],"picked":"Twin Strike","floor":3},{"not_picked":["Ghostly Armor","Hemokinesis"],"picked":"Limit Break","floor":11},{"not_picked":["Fiend Fire","Double Tap"],"picked":"Demon Form","floor":16},{"not_picked":["Dropkick","Armaments"],"picked":"Spot Weakness","floor":18},{"not_picked":["True Grit","Corruption"],"picked":"Whirlwind","floor":20},{"not_picked":["Perfected Strike","Corruption"],"picked":"Power Through","floor":25},{"not_picked":["Combust","Pommel Strike"],"picked":"Sword Boomerang","floor":27},{"not_picked":["Body Slam","Havoc"],"picked":"True Grit","floor":30},{"not_picked":["Uppercut","Headbutt"],"picked":"Flex","floor":35}],"player_experience":176561,"potions_floor_usage":[11,16,20,24,29,37,42,48,50,50,50],"damage_taken":[{"damage":2,"enemies":"Cultist","floor":1,"turns":6},{"damage":1,"enemies":"2 Louse","floor":2,"turns":3},{"damage":0,"enemies":"Jaw Worm","floor":3,"turns":6},{"damage":0,"enemies":"3 Louse","floor":4,"turns":5},{"damage":16,"enemies":"3 Sentries","floor":11,"turns":7},{"damage":33,"enemies":"The Guardian","floor":16,"turns":9},{"damage":30,"enemies":"2 Thieves","floor":18,"turns":4},{"damage":0,"enemies":"Shell Parasite","floor":20,"turns":3},{"damage":15,"enemies":"Chosen and Byrds","floor":22,"turns":6},{"damage":14,"enemies":"Snake Plant","floor":24,"turns":4},{"damage":8,"enemies":"Centurion and Healer","floor":25,"turns":5},{"damage":22,"enemies":"Gremlin Leader","floor":27,"turns":6},{"damage":0,"enemies":"Chosen and Byrds","floor":29,"turns":5},{"damage":14,"enemies":"Snecko","floor":30,"turns":6},{"damage":13,"enemies":"Snake Plant","floor":31,"turns":5},{"damage":61,"enemies":"Collector","floor":33,"turns":6},{"damage":26,"enemies":"3 Darklings","floor":35,"turns":5},{"damage":56,"enemies":"3 Shapes","floor":37,"turns":6},{"damage":15,"enemies":"Sphere and 2 Shapes","floor":42,"turns":3},{"damage":5,"enemies":"4 Shapes","floor":44,"turns":5},{"damage":51,"enemies":"Maw","floor":45,"turns":8},{"damage":16,"enemies":"3 Darklings","floor":46,"turns":5},{"damage":0,"enemies":"Sphere and 2 Shapes","floor":48,"turns":3},{"damage":78,"enemies":"Awakened One","floor":50,"turns":5}],"event_choices":[{"event_name":"Big Fish","player_choice":"Box","floor":7,"damage_taken":0},{"event_name":"Living Wall","player_choice":"Grow","floor":12,"damage_taken":0},{"event_name":"Shining Light","player_choice":"Entered Light","floor":14,"damage_taken":0},{"event_name":"Winding Halls","player_choice":"Writhe","floor":36,"damage_taken":0},{"event_name":"Accursed Blacksmith","player_choice":"Forge","floor":39,"damage_taken":0},{"event_name":"Wheel of Change","player_choice":"Curse","floor":47,"damage_taken":0}],"boss_relics":[{"not_picked":["Eternal Feather","Snecko Eye"],"picked":"Mark of Pain"},{"not_picked":["Runic Pyramid","Black Star"],"picked":"Black Blood"}],"potions_floor_spawned":[2,3,16,18,22,25,27,31,44,46,48],"seed_played":"5080422394858177290","killed_by":"Awakened One","ascension_level":0,"is_trial":false}