{"path_per_floor":["M","$","?","M","?","E","M","R","T","E","R","M","M","?","R","B",null,"M","?","$","?","$","R","E","M","T","M","R","M","R","M","R","B",null,"M","?","M","M","M","E","R","M","T","M","?","M","R","$","R"],"character_chosen":"IRONCLAD","items_purchased":["Bandage Up","Bottled Lightning","Good Instincts","Orichalcum"],"gold_per_floor":[113,9,184,201,201,235,252,252,333,358,358,368,388,388,388,493,493,510,510,170,170,26,26,57,67,92,106,106,123,123,140,140,238,238,250,250,264,278,298,323,323,339,365,381,0,12,12,12,12],"floor_reached":50,"campfire_rested":5,"playtime":5894,"current_hp_per_floor":[78,78,78,80,80,21,33,57,57,35,59,73,78,83,83,57,85,73,57,57,85,85,85,79,78,78,77,77,78,78,83,83,21,85,85,85,78,74,54,57,84,79,79,54,54,46,73,73,92],"items_purged":[],"gold":12,"score":528,"play_id":"7fc5f8b9-d6e4-40fd-873d-364f69a655e9","local_time":"20180307223301","is_prod":false,"is_daily":false,"is_ascension_mode":true,"campfire_upgraded":5,"timestamp":1520458381,"path_taken":["M","$","?","M","?","E","?","R","T","E","R","M","?","?","R","BOSS","M","?","$","?","$","R","E","M","T","M","R","M","R","M","R","BOSS","M","?","M","M","M","E","R","M","T","M","?","M","R","?","R","BOSS"],"build_version":"2018-03-01-PROD1","purchased_purges":0,"victory":false,"master_deck":["Bash","Exhume+1","Battle Trance","Bandage Up","Doubt","Warcry","Metallicize+1","Disarm","Infernal Blade+1","Shrug It Off","Thunderclap","Armaments","Fiend Fire+1","True Grit","Body Slam","Wild Strike","Body Slam","Sword Boomerang","Havoc","Shrug It Off","Disarm","Sword Boomerang","Good Instincts","Twin Strike+1","Inflame+1","Anger+1","Armaments+1","Headbutt+1","Immolate","Twin Strike+1","Cleave+1","Twin Strike+1","Shrug It Off+1","Twin Strike+1","Disarm"],"max_hp_per_floor":[80,80,80,80,80,80,80,80,80,80,80,80,80,85,85,85,85,85,85,85,85,85,85,85,85,85,85,85,85,85,85,85,85,85,85,85,85,85,85,92,92,92,92,92,92,92,92,92,92],"relics":["Burning Blood","Happy Flower","Mummified Hand","Oddly Smooth Stone","Pandora\u0027s Box","Enchiridion","Bottled Lightning","Orichalcum","Anchor","Juzu Bracelet","Mark of Pain","Strawberry","Whetstone","Red Mask"],"card_choices":[{"not_picked":["Headbutt","Flex"],"picked":"Battle Trance"},{"not_picked":["True Grit","Clothesline"],"picked":"Warcry"},{"not_picked":["Bloodletting","Immolate"],"picked":"Disarm"},{"not_picked":["Reckless Charge","Battle Trance"],"picked":"Infernal Blade"},{"not_picked":["Cleave","Dropkick"],"picked":"Shrug It Off"},{"not_picked":["Reckless Charge","Wild Strike"],"picked":"Thunderclap"},{"not_picked":["Havoc","Wild Strike"],"picked":"Armaments"},{"not_picked":["Juggernaut","Offering"],"picked":"Fiend Fire"},{"not_picked":["Warcry","Infernal Blade"],"picked":"Sword Boomerang"},{"not_picked":["Flex","Thunderclap"],"picked":"Twin Strike"},{"not_picked":["Ghostly Armor","Heavy Blade"],"picked":"Inflame"},{"not_picked":["Feed","Shrug It Off"],"picked":"Anger"},{"not_picked":["Thunderclap","Perfected Strike"],"picked":"Armaments"},{"not_picked":["Perfected Strike","Uppercut"],"picked":"Headbutt"},{"not_picked":["Berserk","Double Tap"],"picked":"Immolate"},{"not_picked":["Warcry","Wild Strike"],"picked":"Twin Strike"},{"not_picked":["Armaments","Flame Barrier"],"picked":"Cleave"},{"not_picked":["Body Slam","Infernal Blade"],"picked":"Twin Strike"},{"not_picked":["Rage","Blood for Blood"],"picked":"Shrug It Off"},{"not_picked":["Iron Wave","Headbutt"],"picked":"Twin Strike"},{"not_picked":["Berserk","Sword Boomerang"],"picked":"Disarm"}],"player_experience":119284,"potions_floor_usage":[33,40,40,40,50,50],"damage_taken":[{"damage":8.0,"enemies":"Small Slimes","floor":1.0,"turns":3.0},{"damage":9.0,"enemies":"2 Louse","floor":4.0,"turns":4.0},{"damage":73.0,"enemies":"Lagavulin","floor":6.0,"turns":12.0},{"damage":2.0,"enemies":"Jaw Worm","floor":7.0,"turns":5.0},{"damage":32.0,"enemies":"Gremlin Nob","floor":10.0,"turns":4.0},{"damage":0.0,"enemies":"3 Louse","floor":12.0,"turns":4.0},{"damage":5.0,"enemies":"Gremlin Gang","floor":13.0,"turns":4.0},{"damage":36.0,"enemies":"The Guardian","floor":16.0,"turns":13.0},{"damage":18,"enemies":"Chosen","floor":18,"turns":8},{"damage":16,"enemies":"Book of Stabbing","floor":24,"turns":6},{"damage":7,"enemies":"Shell Parasite","floor":25,"turns":4},{"damage":11,"enemies":"Chosen and Byrds","floor":27,"turns":7},{"damage":9,"enemies":"Centurion and Healer","floor":29,"turns":6},{"damage":5,"enemies":"Snecko","floor":31,"turns":4},{"damage":72,"enemies":"Champ","floor":33,"turns":12},{"damage":0,"enemies":"Orb Walker","floor":35,"turns":2},{"damage":19,"enemies":"3 Darklings","floor":37,"turns":4},{"damage":14,"enemies":"Maw","floor":38,"turns":8},{"damage":30,"enemies":"4 Shapes","floor":39,"turns":6},{"damage":20,"enemies":"2 Orb Walkers","floor":40,"turns":5},{"damage":15,"enemies":"3 Darklings","floor":42,"turns":4},{"damage":38,"enemies":"Maw","floor":44,"turns":9},{"damage":18,"enemies":"Sphere and 2 Shapes","floor":46,"turns":4},{"damage":104,"enemies":"Donu and Deca","floor":50,"turns":7}],"event_choices":[{"event_name":"Liars Game","player_choice":"agreed","floor":3.0,"damage_taken":0.0},{"event_name":"Living Wall","player_choice":"Change","floor":5.0,"damage_taken":0.0},{"event_name":"Big Fish","player_choice":"Donut","floor":14.0,"damage_taken":0.0},{"event_name":"Cursed Tome","player_choice":"Obtained Book","floor":19,"damage_taken":0},{"event_name":"The Library","player_choice":"Heal","floor":21,"damage_taken":0},{"event_name":"Mysterious Sphere","player_choice":"Ignore","floor":36,"damage_taken":0},{"event_name":"Tomb of Lord Red Mask","player_choice":"Paid","floor":45,"damage_taken":0}],"boss_relics":[{"not_picked":["Runic Cube","Eternal Feather"],"picked":"Pandora\u0027s Box"},{"not_picked":["Astrolabe","Tiny House"],"picked":"Mark of Pain"}],"potions_floor_spawned":[4,6,10,12,18,29,33,39,40,42,46],"seed_played":"-8759300257307322309","killed_by":"Donu and Deca","ascension_level":1,"is_trial":false}