{"gold_per_floor":[117,117,129,57,67,67,67,77,77,87,106,56,20,55,55,157,457,473,492,492,509,3,3,38,38],"floor_reached":25,"playtime":1184,"items_purged":["Strike_R"],"score":223,"play_id":"7c5b1dde-310d-4923-ac46-2acaf7dd887a","local_time":"20181014225435","is_ascension_mode":false,"campfire_choices":[{"data":"Spot Weakness","floor":6,"key":"SMITH"},{"floor":15,"key":"REST"},{"data":"Demon Form","floor":23,"key":"SMITH"}],"neow_cost":"NONE","seed_source_timestamp":277832169195055,"circlet_count":0,"master_deck":["Strike_R","Strike_R","Strike_R","Strike_R+1","Defend_R+1","Defend_R","Defend_R","Bash","Spot Weakness+1","Anger","Reaper","Thunderclap","Flex","Limit Break","Whirlwind","Whirlwind","Seeing Red","Demon Form+1","Pain","Armaments","Heavy Blade","Pommel Strike+1","Flex","Fire Breathing","Dark Shackles","Perfected Strike+1"],"relics":["Burning Blood","Omamori","Question Card","Gambling Chip","Calling Bell","Old Coin","Self Forming Clay","Bronze Scales","Membership Card","Ginger","Molten Egg 2"],"potions_floor_usage":[10,14,18,18,21,24],"damage_taken":[{"damage":1,"enemies":"Jaw Worm","floor":1,"turns":3},{"damage":0,"enemies":"Small Slimes","floor":3,"turns":4},{"damage":0,"enemies":"Cultist","floor":5,"turns":3},{"damage":11,"enemies":"Large Slime","floor":8,"turns":4},{"damage":7,"enemies":"Looter","floor":10,"turns":3},{"damage":7,"enemies":"Blue Slaver","floor":11,"turns":2},{"damage":44,"enemies":"Gremlin Nob","floor":14,"turns":5},{"damage":11,"enemies":"Slime Boss","floor":16,"turns":5},{"damage":15,"enemies":"2 Thieves","floor":18,"turns":4},{"damage":10,"enemies":"Chosen","floor":19,"turns":4},{"damage":19,"enemies":"Snake Plant","floor":21,"turns":4},{"damage":51,"enemies":"Book of Stabbing","floor":24,"turns":6},{"damage":29,"enemies":"Snecko","floor":25,"turns":4}],"seed_played":"1163953218678353456","potions_obtained":[{"floor":5,"key":"Strength Potion"},{"floor":10,"key":"Block Potion"},{"floor":11,"key":"Dexterity Potion"},{"floor":16,"key":"Swift Potion"},{"floor":19,"key":"Poison Potion"},{"floor":21,"key":"GamblersBrew"}],"is_trial":false,"path_per_floor":["M","?","M","$","M","R","?","M","T","M","M","?","$","E","R","B",null,"M","M","?","M","$","R","E"],"character_chosen":"IRONCLAD","items_purchased":["Reaper","Whirlwind","Flex","Membership Card","Ginger","Fire Breathing","Dark Shackles"],"campfire_rested":1,"item_purchase_floors":[4,13,22,22,22,22,22],"current_hp_per_floor":[80,64,70,70,80,80,80,75,75,74,73,73,73,39,63,58,80,80,76,76,63,63,63,18,0],"gold":38,"neow_bonus":"RANDOM_COMMON_RELIC","is_prod":false,"is_daily":false,"chose_seed":false,"campfire_upgraded":2,"win_rate":0.0,"timestamp":1539510875,"path_taken":["M","?","M","$","M","R","?","M","T","M","M","?","?","E","R","BOSS","M","M","?","M","$","R","E","?"],"build_version":"2018-10-11","purchased_purges":1,"victory":false,"max_hp_per_floor":[80,80,80,80,80,80,80,80,80,80,80,80,80,80,80,80,80,80,80,80,80,80,80,80,80],"card_choices":[{"not_picked":["Cleave","Clash"],"picked":"Spot Weakness","floor":1},{"not_picked":["Warcry","Body Slam"],"picked":"Anger","floor":3},{"not_picked":["Burning Pact","Bloodletting"],"picked":"Thunderclap","floor":5},{"not_picked":["Feel No Pain","Anger"],"picked":"Flex","floor":8},{"not_picked":["Dual Wield","Body Slam","Sever Soul"],"picked":"Limit Break","floor":10},{"not_picked":["Uppercut","Perfected Strike","Shockwave"],"picked":"Whirlwind","floor":11},{"not_picked":["Clothesline","Flame Barrier","Body Slam"],"picked":"Seeing Red","floor":14},{"not_picked":["Feed","Bludgeon","Double Tap"],"picked":"Demon Form","floor":16},{"not_picked":["Thunderclap","Infernal Blade","Uppercut"],"picked":"Armaments","floor":18},{"not_picked":["Seeing Red","Cleave","Thunderclap"],"picked":"Heavy Blade","floor":19},{"not_picked":["Burning Pact","Blood for Blood","Intimidate"],"picked":"Pommel Strike+1","floor":21},{"not_picked":["Burning Pact","Battle Trance+1","Entrench"],"picked":"Perfected Strike+1","floor":24}],"player_experience":55251,"relics_obtained":[{"floor":9,"key":"Question Card"},{"floor":14,"key":"Gambling Chip"},{"floor":17,"key":"Old Coin"},{"floor":17,"key":"Self Forming Clay"},{"floor":17,"key":"Bronze Scales"},{"floor":24,"key":"Molten Egg 2"}],"event_choices":[{"event_name":"Shining Light","player_choice":"Entered Light","floor":2,"damage_taken":0},{"event_name":"Transmorgrifier","player_choice":"Transform","floor":7,"damage_taken":0},{"event_name":"The Cleric","player_choice":"Card Removal","floor":12,"damage_taken":0},{"event_name":"Ghosts","player_choice":"Ignored","floor":20,"damage_taken":0}],"is_beta":false,"boss_relics":[{"not_picked":["Runic Dome","Velvet Choker"],"picked":"Calling Bell"}],"items_purged_floors":[22],"is_endless":false,"potions_floor_spawned":[5,10,11,16,19,21],"killed_by":"Snecko","ascension_level":0}