{"gold_per_floor":[362,53,53,73,73,73,73,94,94,108,0,43,62,87,87,216,216,229,250,79,79,79,79,79,79,79,79,79,103,122,137,137,137],"floor_reached":33,"playtime":1728,"items_purged":["Normality","Injury"],"score":249,"play_id":"149ed1e5-abec-48a9-8419-f5329e0e7640","local_time":"20190106205030","is_ascension_mode":false,"campfire_choices":[{"data":"Electrodynamics","floor":6,"key":"SMITH"},{"floor":15,"key":"REST"},{"floor":23,"key":"REST"},{"floor":25,"key":"RECALL"},{"data":"Zap","floor":27,"key":"SMITH"},{"floor":32,"key":"REST"}],"neow_cost":"CURSE","seed_source_timestamp":12762838431018,"circlet_count":0,"master_deck":["Defend_B","Defend_B","Defend_B","Zap+1","Dualcast","Streamline","Static Discharge+1","Electrodynamics+1","Skim","Capacitor","Ball Lightning","Ball Lightning","Flash of Steel","Redo","Leap","Barrage","Electrodynamics","Sunder+1","Meteor Strike+1","Defragment+1","Turbo","Redo","Defragment","Shame","Leap","Barrage+1","Capacitor"],"relics":["Cracked Core","Runic Capacitor","Golden Idol","Pen Nib","Astrolabe","Nilry\u0027s Codex","Orichalcum","Matryoshka"],"potions_floor_usage":[12,12,13,16,28,30,33],"damage_taken":[{"damage":6,"enemies":"Jaw Worm","floor":1,"turns":3},{"damage":1,"enemies":"Cultist","floor":4,"turns":3},{"damage":0,"enemies":"2 Louse","floor":8,"turns":2},{"damage":23,"enemies":"Exordium Thugs","floor":10,"turns":3},{"damage":35,"enemies":"Lagavulin","floor":12,"turns":5},{"damage":0,"enemies":"Looter","floor":13,"turns":3},{"damage":0,"enemies":"Large Slime","floor":14,"turns":3},{"damage":14,"enemies":"The Guardian","floor":16,"turns":7},{"damage":10,"enemies":"Spheric Guardian","floor":18,"turns":3},{"damage":15,"enemies":"3 Byrds","floor":19,"turns":3},{"damage":0,"enemies":"Snecko","floor":28,"turns":1},{"damage":21,"enemies":"Shelled Parasite and Fungi","floor":29,"turns":3},{"damage":17,"enemies":"Centurion and Healer","floor":30,"turns":5},{"damage":0,"enemies":"Snecko","floor":31,"turns":4},{"damage":53,"enemies":"Collector","floor":33,"turns":7}],"seed_played":"-6588415565438000576","potions_obtained":[{"floor":4,"key":"Ancient Potion"},{"floor":10,"key":"Energy Potion"},{"floor":12,"key":"Swift Potion"},{"floor":14,"key":"Regen Potion"},{"floor":18,"key":"SmokeBomb"},{"floor":29,"key":"PowerPotion"},{"floor":31,"key":"Ancient Potion"}],"is_trial":false,"path_per_floor":["M","$","?","M","?","R","?","M","T","M","$","E","M","M","R","B",null,"M","M","$","?","?","R","?","R","T","R","M","M","M","M","R","B"],"character_chosen":"DEFECT","items_purchased":["Runic Capacitor","Static Discharge","Ball Lightning","Flash of Steel","Defragment"],"campfire_rested":3,"item_purchase_floors":[2,2,11,11,20],"current_hp_per_floor":[69,69,69,68,68,68,68,68,68,45,45,10,10,10,32,33,75,65,50,50,34,34,56,56,56,56,56,56,35,18,18,40,0],"gold":137,"neow_bonus":"TWO_FIFTY_GOLD","is_prod":false,"is_daily":false,"chose_seed":false,"campfire_upgraded":2,"win_rate":0,"timestamp":1546761030,"path_taken":["M","$","?","?","?","R","?","M","T","?","$","E","M","M","R","BOSS","M","M","$","?","?","R","?","R","T","R","?","M","M","M","R","BOSS"],"build_version":"2019-01-03v4","purchased_purges":2,"victory":false,"max_hp_per_floor":[75,75,75,75,75,75,75,75,75,75,75,75,75,75,75,75,75,75,75,75,75,75,75,75,75,75,75,75,75,75,75,75,75],"card_choices":[{"not_picked":["Cold Snap","Steam"],"picked":"Streamline","floor":1},{"not_picked":["Go for the Eyes","Scrape"],"picked":"Skim","floor":4},{"not_picked":["Leap","Sweeping Beam"],"picked":"Capacitor","floor":8},{"not_picked":["Turbo","Compile Driver"],"picked":"Ball Lightning","floor":10},{"not_picked":["Leap","Force Field"],"picked":"Redo","floor":12},{"not_picked":["Hologram","Beam Cell"],"picked":"Leap","floor":13},{"not_picked":["Hologram","Go for the Eyes"],"picked":"Barrage","floor":14},{"not_picked":["Creative AI","Thunder Strike"],"picked":"Electrodynamics","floor":16},{"not_picked":["Cold Snap","Beam Cell"],"picked":"Turbo","floor":18},{"not_picked":["Streamline","Rebound+1"],"picked":"Redo","floor":19},{"not_picked":["Sweeping Beam","Stack"],"picked":"Leap","floor":29},{"not_picked":["Beam Cell","Rebound"],"picked":"Barrage+1","floor":30},{"not_picked":["Sweeping Beam","Compile Driver"],"picked":"Capacitor","floor":31}],"player_experience":561540,"relics_obtained":[{"floor":12,"key":"Pen Nib"},{"floor":21,"key":"Nilry\u0027s Codex"},{"floor":26,"key":"Matryoshka"}],"event_choices":[{"damage_healed":0,"gold_gain":0,"cards_transformed":["Strike_B"],"player_choice":"Transformed","damage_taken":0,"max_hp_gain":0,"max_hp_loss":0,"event_name":"Transmorgrifier","floor":3,"gold_loss":0,"cards_obtained":["Electrodynamics"]},{"damage_healed":0,"gold_gain":0,"player_choice":"Take Wound","damage_taken":0,"relics_obtained":["Golden Idol"],"max_hp_gain":0,"max_hp_loss":0,"event_name":"Golden Idol","floor":5,"gold_loss":0,"cards_obtained":["Injury"]},{"damage_healed":0,"gold_gain":0,"player_choice":"Upgraded","damage_taken":0,"max_hp_gain":0,"max_hp_loss":0,"event_name":"Upgrade Shrine","floor":7,"gold_loss":0,"cards_upgraded":["Static Discharge"]},{"damage_healed":0,"gold_gain":0,"player_choice":"Obtained Book","damage_taken":16,"max_hp_gain":0,"max_hp_loss":0,"event_name":"Cursed Tome","floor":21,"gold_loss":0},{"cards_removed":["Strike_B"],"damage_healed":0,"gold_gain":0,"player_choice":"Elegance","damage_taken":0,"max_hp_gain":0,"max_hp_loss":0,"event_name":"Back to Basics","floor":22,"gold_loss":0},{"damage_healed":0,"gold_gain":0,"player_choice":"Stole Relic","damage_taken":0,"relics_obtained":["Orichalcum"],"max_hp_gain":0,"max_hp_loss":0,"event_name":"Addict","floor":24,"gold_loss":0,"cards_obtained":["Shame"]}],"is_beta":false,"boss_relics":[{"not_picked":["Philosopher\u0027s Stone","Snecko Eye"],"picked":"Astrolabe"}],"items_purged_floors":[2,20],"is_endless":false,"potions_floor_spawned":[4,10,12,14,18,29,31],"killed_by":"Collector","ascension_level":0}