{"gold_per_floor":[114,114,38,3,13,13,47,47,100,100,110,140,65,92,92,92],"floor_reached":16,"playtime":295,"items_purged":["Defend_R"],"score":186,"play_id":"49160243-bb3f-4e12-b6f9-c73893571b58","local_time":"20180703160904","is_ascension_mode":true,"campfire_choices":[{"data":"Whirlwind","floor":6,"key":"SMITH"},{"data":"Metallicize","floor":8,"key":"SMITH"},{"floor":10,"key":"REST"},{"data":"Bash","floor":15,"key":"SMITH"}],"neow_cost":"NONE","seed_source_timestamp":67273522967387,"circlet_count":0,"master_deck":["Strike_R","Strike_R","Strike_R","Strike_R+1","Strike_R+1","Defend_R","Defend_R","Defend_R","Bash+1","AscendersBane","Whirlwind+1","Metallicize+1","Ghostly Armor","Thunderclap"],"relics":["Mark of Pain","Orichalcum","Omamori","Tiny Chest","Turnip"],"potions_floor_usage":[14,16],"damage_taken":[{"damage":4,"enemies":"Small Slimes","floor":1,"turns":4},{"damage":2,"enemies":"Jaw Worm","floor":5,"turns":3},{"damage":26,"enemies":"Gremlin Nob","floor":7,"turns":4},{"damage":0,"enemies":"2 Louse","floor":11,"turns":3},{"damage":10,"enemies":"Lagavulin","floor":14,"turns":6},{"damage":27,"enemies":"Hexaghost","floor":16,"turns":9}],"seed_played":"-949653617298964357","potions_obtained":[{"floor":1,"key":"Swift Potion"},{"floor":7,"key":"BloodPotion"}],"is_trial":false,"path_per_floor":["M","?","$","?","M","R","E","R","T","R","M","T","$","E","R"],"character_chosen":"IRONCLAD","items_purchased":["Metallicize"],"campfire_rested":1,"item_purchase_floors":[3],"current_hp_per_floor":[64,41,41,59,57,57,31,31,31,53,53,53,53,43,43,23],"gold":92,"neow_bonus":"BOSS_RELIC","is_prod":false,"is_daily":false,"chose_seed":false,"campfire_upgraded":3,"win_rate":0,"timestamp":1530659344,"path_taken":["M","?","$","?","M","R","E","R","T","R","M","?","$","E","R","BOSS"],"build_version":"2018-07-02","purchased_purges":1,"victory":false,"max_hp_per_floor":[75,75,75,75,75,75,75,75,75,75,75,75,75,75,75,75],"card_choices":[{"not_picked":["Bloodletting","Inflame"],"picked":"Whirlwind","floor":1},{"not_picked":["Havoc","Heavy Blade"],"picked":"Ghostly Armor","floor":7},{"not_picked":["Headbutt","Clash"],"picked":"Thunderclap","floor":11}],"player_experience":473293,"relics_obtained":[{"floor":7,"key":"Orichalcum"},{"floor":9,"key":"Omamori"},{"floor":12,"key":"Tiny Chest"},{"floor":14,"key":"Turnip"}],"event_choices":[{"event_name":"Shining Light","player_choice":"Entered Light","floor":2,"damage_taken":0},{"event_name":"The Cleric","player_choice":"Healed","floor":4,"damage_taken":0}],"boss_relics":[],"items_purged_floors":[13],"is_endless":false,"potions_floor_spawned":[1,7],"killed_by":"Hexaghost","ascension_level":15}