{"gold_per_floor":[99,99,99,99,99,99,99,99,99,99,33,33,33,33,33,33,33,0,0,0,0,0,0,0,0,0,0,0,0,0,0,0,0],"floor_reached":33,"playtime":1203,"items_purged":[],"score":650,"play_id":"f236055d-9584-4885-8b58-266ea3b91111","local_time":"20181017095644","is_ascension_mode":true,"campfire_choices":[{"data":"Skewer","floor":6.0,"key":"SMITH"},{"floor":8.0,"key":"REST"},{"data":"Sucker Punch","floor":13.0,"key":"SMITH"},{"data":"Neutralize","floor":15.0,"key":"SMITH"},{"data":"Backflip","floor":23,"key":"SMITH"},{"data":"Cloak And Dagger","floor":27,"key":"SMITH"},{"data":"Dagger Spray","floor":30,"key":"SMITH"},{"data":"Corpse Explosion","floor":32,"key":"SMITH"}],"neow_cost":"NONE","seed_source_timestamp":4043627004811,"circlet_count":0,"master_deck":["Defend_G","Defend_G","Defend_G","Defend_G+1","Defend_G","Strike_G","Strike_G","Strike_G","Strike_G+1","Strike_G","Survivor","Neutralize+1","AscendersBane","Skewer+1","Backflip+1","Dagger Spray+1","Corpse Explosion+1","Sucker Punch+1","Cloak And Dagger+1","PiercingWail","Wraith Form v2+1","Acrobatics","Quick Slash","Quick Slash+1","Decay","Wraith Form v2+1"],"special_seed":0,"relics":["Ectoplasm","Nunchaku","Frozen Egg 2","Juzu Bracelet","Coffee Dripper","Regal Pillow","Happy Flower"],"potions_floor_usage":[18,25,25],"damage_taken":[{"damage":7.0,"enemies":"Jaw Worm","floor":1.0,"turns":5.0},{"damage":1.0,"enemies":"Cultist","floor":3.0,"turns":3.0},{"damage":3.0,"enemies":"Small Slimes","floor":4.0,"turns":3.0},{"damage":2.0,"enemies":"2 Fungi Beasts","floor":5.0,"turns":3.0},{"damage":10.0,"enemies":"3 Sentries","floor":7.0,"turns":3.0},{"damage":0.0,"enemies":"Lagavulin","floor":10.0,"turns":6.0},{"damage":2.0,"enemies":"Blue Slaver","floor":12.0,"turns":2.0},{"damage":10.0,"enemies":"The Guardian","floor":16.0,"turns":11.0},{"damage":0,"enemies":"2 Thieves","floor":18,"turns":3},{"damage":8,"enemies":"Spheric Guardian","floor":19,"turns":4},{"damage":7,"enemies":"Snake Plant","floor":20,"turns":6},{"damage":0,"enemies":"Centurion and Healer","floor":24,"turns":4},{"damage":0,"enemies":"Slavers","floor":25,"turns":1},{"damage":0,"enemies":"Cultist and Chosen","floor":29,"turns":7},{"damage":42,"enemies":"Champ","floor":33,"turns":7}],"seed_played":"6911503895451178400","potions_obtained":[{"floor":4.0,"key":"Swift Potion"},{"floor":5.0,"key":"FearPotion"},{"floor":7.0,"key":"SpeedPotion"},{"floor":16.0,"key":"Strength Potion"},{"floor":18,"key":"Fire Potion"},{"floor":24,"key":"Strength Potion"}],"is_trial":false,"path_per_floor":["M","?","M","M","M","R","E","R","T","E","?","M","R","$","R","B",null,"M","M","M","?","?","R","M","E","T","R","$","M","R","$","R"],"character_chosen":"THE_SILENT","items_purchased":[],"campfire_rested":1,"item_purchase_floors":[],"current_hp_per_floor":[52,32,31,28,26,26,16,35,35,35,35,33,33,33,33,23,55,55,47,40,40,40,40,40,40,40,40,40,40,40,40,40,0],"gold":0,"neow_bonus":"BOSS_RELIC","is_prod":false,"is_daily":false,"chose_seed":false,"campfire_upgraded":7,"win_rate":0,"timestamp":1539763004,"path_taken":["M","?","?","M","M","R","E","R","T","E","?","M","R","$","R","BOSS","M","M","M","?","?","R","M","E","T","R","?","M","R","$","R","BOSS"],"build_version":"2018-10-11","purchased_purges":0,"victory":false,"max_hp_per_floor":[66,66,66,66,66,66,66,66,66,66,66,66,66,66,66,66,66,66,66,66,66,66,66,66,66,66,66,66,66,66,66,66,66],"card_choices":[{"not_picked":["Acrobatics","Dodge and Roll"],"picked":"Skewer","floor":1.0},{"not_picked":["Dodge and Roll","Underhanded Strike"],"picked":"Backflip","floor":3.0},{"not_picked":["Blade Dance","Riddle With Holes"],"picked":"Dagger Spray","floor":4.0},{"not_picked":["Outmaneuver","Prepared"],"picked":"Corpse Explosion","floor":5.0},{"not_picked":["Slice","Prepared"],"picked":"Sucker Punch","floor":7.0},{"not_picked":["Outmaneuver","Distraction"],"picked":"Cloak And Dagger","floor":10.0},{"not_picked":["Deadly Poison","Deflect"],"picked":"PiercingWail","floor":12.0},{"not_picked":["A Thousand Cuts+1","After Image+1"],"picked":"Wraith Form v2+1","floor":16.0},{"not_picked":["Blade Dance","Poisoned Stab"],"picked":"Acrobatics","floor":18},{"not_picked":["Dodge and Roll","Acrobatics"],"picked":"Quick Slash","floor":19},{"not_picked":["Dodge and Roll","Deadly Poison"],"picked":"Quick Slash+1","floor":20},{"not_picked":["Dodge and Roll","Dagger Spray+1"],"picked":"Wraith Form v2+1","floor":24},{"not_picked":["Heel Hook","Poisoned Stab","Dagger Spray"],"picked":"SKIP","floor":25},{"not_picked":["Deadly Poison","Dagger Spray","Blur"],"picked":"SKIP","floor":29}],"player_experience":1504987,"relics_obtained":[{"floor":7.0,"key":"Nunchaku"},{"floor":9.0,"key":"Frozen Egg 2"},{"floor":10.0,"key":"Juzu Bracelet"},{"floor":25,"key":"Regal Pillow"},{"floor":26,"key":"Happy Flower"}],"event_choices":[{"event_name":"Shining Light","player_choice":"Entered Light","floor":2.0,"damage_taken":0.0},{"event_name":"World of Goop","player_choice":"Left","floor":11.0,"damage_taken":0.0},{"event_name":"Forgotten Altar","player_choice":"Smashed Altar","floor":21,"damage_taken":0},{"event_name":"Beggar","player_choice":"Ignored","floor":22,"damage_taken":0}],"is_beta":false,"boss_relics":[{"not_picked":["Tiny House","Empty Cage"],"picked":"Coffee Dripper"}],"items_purged_floors":[],"is_endless":false,"potions_floor_spawned":[4,5,7,16,18,24],"killed_by":"Champ","ascension_level":20}