{"gold_per_floor":[119,133,145,54,74,74,94,94,94,45,45,103,115,43,43,142,142,161,261,291,308,101,101,101,52,130,130,153,164,164,180,180,281,281,292,312,412,424,437,456,51,51,51,51,51,51,51,51,51,51],"floor_reached":50,"playtime":7638,"items_purged":["Strike_G"],"score":590,"play_id":"f0615272-1571-4490-a382-19d1ed8efc6e","local_time":"20190128071415","is_ascension_mode":false,"campfire_choices":[{"data":"Dagger Spray","floor":6,"key":"SMITH"},{"data":"Neutralize","floor":8,"key":"SMITH"},{"data":"Caltrops","floor":15,"key":"SMITH"},{"floor":23,"key":"REST"},{"data":"Cloak And Dagger","floor":27,"key":"SMITH"},{"data":"Cloak And Dagger","floor":30,"key":"SMITH"},{"floor":32,"key":"REST"},{"data":"Noxious Fumes","floor":42,"key":"SMITH"},{"data":"Panache","floor":46,"key":"SMITH"},{"data":"Well Laid Plans","floor":49,"key":"SMITH"}],"neow_cost":"TEN_PERCENT_HP_LOSS","seed_source_timestamp":125575059029200,"circlet_count":0,"master_deck":["Defend_G+1","Defend_G","Defend_G","Defend_G","Defend_G","Strike_G","Strike_G","Strike_G","Strike_G","Neutralize+1","Dodge and Roll","Finisher","Leg Sweep","Dagger Throw","Caltrops+1","Dagger Spray+1","Footwork","Cloak And Dagger+1","Backstab+1","Noxious Fumes+1","Well Laid Plans+1","Glass Knife+1","Leg Sweep","Backstab+1","Cloak And Dagger+1","Writhe","Backflip","Normality","Parasite","Cloak And Dagger+1","Die Die Die+1","Malaise","Backflip+1","Parasite","Panache+1","Decay","Writhe","Flash of Steel+1"],"relics":["Ring of the Snake","FossilizedHelix","Molten Egg 2","Question Card","Tiny Chest","Cursed Key","Unceasing Top","Kunai","Red Mask","Boot","Tingsha","Letter Opener","Orichalcum","Philosopher\u0027s Stone","Du-Vu Doll","War Paint","Juzu Bracelet"],"potions_floor_usage":[16,16,19,19,31,33,38],"damage_taken":[{"damage":0,"enemies":"Cultist","floor":1,"turns":5},{"damage":0,"enemies":"2 Louse","floor":2,"turns":3},{"damage":0,"enemies":"Jaw Worm","floor":3,"turns":5},{"damage":0,"enemies":"2 Fungi Beasts","floor":5,"turns":4},{"damage":0,"enemies":"Looter","floor":7,"turns":3},{"damage":0,"enemies":"3 Sentries","floor":12,"turns":7},{"damage":0,"enemies":"Large Slime","floor":13,"turns":4},{"damage":12,"enemies":"Hexaghost","floor":16,"turns":9},{"damage":0,"enemies":"3 Byrds","floor":18,"turns":4},{"damage":0,"enemies":"Colosseum Slavers","floor":19,"turns":3},{"damage":27,"enemies":"Colosseum Nobs","floor":19,"turns":6},{"damage":15,"enemies":"Masked Bandits","floor":20,"turns":5},{"damage":0,"enemies":"Chosen","floor":21,"turns":4},{"damage":6,"enemies":"Centurion and Healer","floor":29,"turns":4},{"damage":0,"enemies":"Chosen and Byrds","floor":31,"turns":6},{"damage":47,"enemies":"Automaton","floor":33,"turns":11},{"damage":10,"enemies":"3 Shapes","floor":35,"turns":3},{"damage":1,"enemies":"Orb Walker","floor":36,"turns":4},{"damage":4,"enemies":"Mind Bloom Boss Battle","floor":37,"turns":7},{"damage":0,"enemies":"3 Darklings","floor":38,"turns":2},{"damage":0,"enemies":"Writhing Mass","floor":39,"turns":6},{"damage":0,"enemies":"Sphere and 2 Shapes","floor":40,"turns":3},{"damage":68,"enemies":"Time Eater","floor":50,"turns":5}],"seed_played":"2694634345135471295","potions_obtained":[{"floor":2,"key":"Energy Potion"},{"floor":3,"key":"Fire Potion"},{"floor":5,"key":"Fire Potion"},{"floor":18,"key":"Explosive Potion"},{"floor":21,"key":"SteroidPotion"},{"floor":29,"key":"Energy Potion"},{"floor":31,"key":"Poison Potion"},{"floor":37,"key":"Explosive Potion"}],"is_trial":false,"path_per_floor":["M","M","M","$","M","R","M","R","T","$","?","E","M","$","R","B",null,"M","?","?","M","$","R","?","$","T","R","T","M","R","M","R","B",null,"M","M","?","M","M","M","$","R","T","?","?","R","$","?","R","B"],"character_chosen":"THE_SILENT","items_purchased":["Dagger Throw","Caltrops","Cloak And Dagger","Well Laid Plans","Boot","Cloak And Dagger","Backflip","Panache","War Paint"],"campfire_rested":2,"item_purchase_floors":[4,4,10,14,22,22,25,41,41],"current_hp_per_floor":[63,63,63,63,63,63,63,63,63,63,63,63,63,63,63,51,63,63,36,21,21,21,39,39,39,39,39,39,33,33,33,51,4,63,53,52,48,48,48,48,48,48,48,63,63,63,63,63,63,0],"gold":51,"neow_bonus":"ONE_RARE_RELIC","is_prod":false,"is_daily":false,"chose_seed":false,"campfire_upgraded":8,"win_rate":0.0,"timestamp":1548677655,"path_taken":["M","M","M","$","M","R","M","R","T","$","?","E","M","$","R","BOSS","M","?","?","M","?","R","?","?","T","R","?","M","R","?","R","BOSS","M","M","?","M","M","M","$","R","T","?","?","R","$","?","R","BOSS"],"build_version":"2019-01-23","purchased_purges":1,"victory":false,"max_hp_per_floor":[63,63,63,63,63,63,63,63,63,63,63,63,63,63,63,63,63,63,63,63,63,63,63,63,63,63,63,63,63,63,63,63,63,63,63,63,63,63,63,63,63,63,63,63,63,63,63,63,63,63],"card_choices":[{"not_picked":["Outmaneuver","Tactician"],"picked":"Dodge and Roll","floor":1},{"not_picked":["Flying Knee","Bane"],"picked":"Finisher","floor":2},{"not_picked":["Outmaneuver","Infinite Blades"],"picked":"Leg Sweep","floor":3},{"not_picked":["Heel Hook","Sucker Punch"],"picked":"Dagger Spray","floor":5},{"not_picked":["Leg Sweep","Crippling Poison"],"picked":"Footwork","floor":7},{"not_picked":["Blade Dance","PiercingWail","Dagger Throw+1"],"picked":"Backstab+1","floor":12},{"not_picked":["Choke+1","Riddle With Holes+1","Dagger Throw+1"],"picked":"Noxious Fumes","floor":13},{"not_picked":["Venomology","Adrenaline","Envenom"],"picked":"Glass Knife+1","floor":16},{"not_picked":["Acrobatics","Sucker Punch+1","Deadly Poison"],"picked":"Leg Sweep","floor":18},{"not_picked":["Choke+1","Envenom","Crippling Poison"],"picked":"Backstab+1","floor":21},{"not_picked":["Dagger Throw+1","Deadly Poison","Catalyst"],"picked":"Cloak And Dagger","floor":29},{"not_picked":["Tactician","Finisher+1","Predator+1","Dodge and Roll"],"picked":"SKIP","floor":31},{"not_picked":["Wraith Form v2","Doppelganger","Unload+1"],"picked":"Die Die Die+1","floor":33},{"not_picked":["Quick Slash+1","Outmaneuver+1","Blade Dance","Bane+1"],"picked":"SKIP","floor":35},{"not_picked":["Blade Dance+1","Blur","Flechettes+1"],"picked":"Malaise","floor":36},{"not_picked":["Outmaneuver+1","Cloak And Dagger","Footwork"],"picked":"Backflip+1","floor":37},{"not_picked":["Bane+1","Well Laid Plans+1","Dagger Throw+1","Escape Plan"],"picked":"SKIP","floor":38},{"not_picked":["Backflip","Sucker Punch+1","Slice+1","Bane+1"],"picked":"SKIP","floor":39},{"not_picked":["Dodge and Roll+1","Blade Dance","Catalyst+1","Prepared"],"picked":"SKIP","floor":40},{"not_picked":["Secret Technique","Swift Strike+1","Madness"],"picked":"Flash of Steel+1","floor":48}],"player_experience":126923,"relics_obtained":[{"floor":9,"key":"Molten Egg 2"},{"floor":12,"key":"Tiny Chest"},{"floor":19,"key":"Unceasing Top"},{"floor":19,"key":"Kunai"},{"floor":20,"key":"Red Mask"},{"floor":26,"key":"Letter Opener"},{"floor":28,"key":"Orichalcum"},{"floor":37,"key":"Du-Vu Doll"},{"floor":43,"key":"Juzu Bracelet"}],"event_choices":[{"damage_healed":0,"gold_gain":0,"player_choice":"Searched \u00272\u0027 times","damage_taken":0,"relics_obtained":["Question Card"],"max_hp_gain":0,"max_hp_loss":0,"event_name":"Dead Adventurer","floor":11,"gold_loss":0},{"damage_healed":0,"gold_gain":0,"player_choice":"Fight","damage_taken":0,"max_hp_gain":0,"max_hp_loss":0,"event_name":"Colosseum","floor":19,"gold_loss":0},{"damage_healed":0,"gold_gain":0,"player_choice":"Fought Nobs","damage_taken":0,"max_hp_gain":0,"max_hp_loss":0,"event_name":"Colosseum","floor":19,"gold_loss":0},{"damage_healed":0,"gold_gain":0,"player_choice":"Fought Bandits","damage_taken":0,"max_hp_gain":0,"max_hp_loss":0,"event_name":"Masked Bandits","floor":20,"gold_loss":0},{"damage_healed":0,"gold_gain":0,"player_choice":"Opened","damage_taken":0,"relics_obtained":["Tingsha"],"max_hp_gain":0,"max_hp_loss":0,"event_name":"The Mausoleum","floor":24,"gold_loss":0,"cards_obtained":["Writhe"]},{"damage_healed":0,"gold_gain":0,"player_choice":"Fight","damage_taken":0,"max_hp_gain":0,"max_hp_loss":0,"event_name":"MindBloom","floor":37,"gold_loss":0},{"damage_healed":16,"gold_gain":0,"player_choice":"Writhe","damage_taken":0,"max_hp_gain":0,"max_hp_loss":0,"event_name":"Winding Halls","floor":44,"gold_loss":0,"cards_obtained":["Writhe"]},{"cards_removed":["Survivor"],"damage_healed":0,"gold_gain":0,"player_choice":"Removed Skill","damage_taken":0,"max_hp_gain":0,"max_hp_loss":0,"event_name":"Falling","floor":45,"gold_loss":0},{"damage_healed":0,"gold_gain":0,"player_choice":"Memory 1","damage_taken":0,"max_hp_gain":0,"max_hp_loss":0,"event_name":"SensoryStone","floor":48,"gold_loss":0}],"is_beta":false,"boss_relics":[{"not_picked":["WristBlade","Tiny House"],"picked":"Cursed Key"},{"not_picked":["Busted Crown","Lizard Tail"],"picked":"Philosopher\u0027s Stone"}],"items_purged_floors":[41],"is_endless":false,"potions_floor_spawned":[2,3,5,18,19,21,29,31,37],"killed_by":"Time Eater","ascension_level":0}