{"gold_per_floor":[116,116,140,140,160,160,174,207,207,223,243,256,270,288,288,288],"floor_reached":16,"playtime":992,"items_purged":[],"score":108,"play_id":"32c03828-62b6-4f1a-b225-e4c7134d319f","local_time":"20190105190302","is_ascension_mode":false,"campfire_choices":[{"floor":6.0,"key":"RECALL"},{"floor":15,"key":"REST"}],"neow_cost":"NONE","seed_source_timestamp":0,"circlet_count":0,"master_deck":["Strike_R","Strike_R","Strike_R","Strike_R","Strike_R","Defend_R","Defend_R","Defend_R","Defend_R","Bash+1","Forethought","Thunderclap","Injury","Wild Strike","Uppercut","Shrug It Off","Armaments","Exhume","Sword Boomerang+1","Flame Barrier","Spot Weakness","Heavy Blade+1"],"special_seed":0,"relics":["Burning Blood","Golden Idol","Molten Egg 2"],"potions_floor_usage":[10,12,14],"damage_taken":[{"damage":5.0,"enemies":"Jaw Worm","floor":1.0,"turns":4.0},{"damage":0.0,"enemies":"Small Slimes","floor":3.0,"turns":3.0},{"damage":5.0,"enemies":"Cultist","floor":5.0,"turns":4.0},{"damage":10.0,"enemies":"Gremlin Gang","floor":7.0,"turns":7.0},{"damage":31,"enemies":"Lagavulin","floor":8,"turns":6},{"damage":2,"enemies":"Looter","floor":10,"turns":4},{"damage":0,"enemies":"3 Louse","floor":11,"turns":3},{"damage":12,"enemies":"Large Slime","floor":12,"turns":4},{"damage":26,"enemies":"Exordium Thugs","floor":13,"turns":5},{"damage":0,"enemies":"2 Fungi Beasts","floor":14,"turns":1},{"damage":61,"enemies":"Hexaghost","floor":16,"turns":11}],"seed_played":"-1757742729012797007","potions_obtained":[{"floor":3.0,"key":"SpeedPotion"},{"floor":8,"key":"Poison Potion"},{"floor":11,"key":"Weak Potion"},{"floor":13,"key":"Explosive Potion"},{"floor":14,"key":"Explosive Potion"}],"is_trial":false,"path_per_floor":["M","?","M","?","M","R","M","E","T","M","M","M","M","M","R","B"],"character_chosen":"IRONCLAD","items_purchased":[],"campfire_rested":1,"item_purchase_floors":[],"current_hp_per_floor":[80,80,80,80,80,80,76,51,51,55,61,55,35,41,65,4],"gold":288,"neow_bonus":"RANDOM_COLORLESS","is_prod":false,"is_daily":false,"chose_seed":false,"campfire_upgraded":0,"win_rate":0,"timestamp":1546668182,"path_taken":["M","?","M","?","M","R","?","E","T","M","M","M","M","M","R","BOSS"],"build_version":"2019-01-03v4","purchased_purges":0,"victory":false,"max_hp_per_floor":[80,80,80,80,80,80,80,80,80,80,80,80,80,80,80,80],"card_choices":[{"not_picked":["Burning Pact","Perfected Strike"],"picked":"Thunderclap","floor":1.0},{"not_picked":["Anger","Body Slam"],"picked":"Wild Strike","floor":3.0},{"not_picked":["Cleave","Anger"],"picked":"Uppercut","floor":5.0},{"not_picked":["Heavy Blade","True Grit"],"picked":"Shrug It Off","floor":7.0},{"not_picked":["Havoc","Body Slam"],"picked":"Armaments","floor":8},{"not_picked":["Perfected Strike+1","Shrug It Off"],"picked":"Exhume","floor":10},{"not_picked":["Carnage+1","Armaments"],"picked":"Sword Boomerang+1","floor":11},{"not_picked":["Flex","Headbutt+1"],"picked":"Flame Barrier","floor":12},{"not_picked":["Dropkick+1","Sever Soul+1"],"picked":"Spot Weakness","floor":13},{"not_picked":["Havoc","Flex"],"picked":"Heavy Blade+1","floor":14}],"player_experience":555500,"relics_obtained":[{"floor":8,"key":"Molten Egg 2"}],"event_choices":[{"damage_healed":0.0,"max_hp_gain":0.0,"max_hp_loss":0.0,"gold_gain":0.0,"event_name":"Golden Idol","player_choice":"Take Wound","floor":2.0,"gold_loss":0.0,"damage_taken":0.0,"relics_obtained":["Golden Idol"],"cards_obtained":["Injury"]},{"damage_healed":0.0,"max_hp_gain":0.0,"max_hp_loss":0.0,"gold_gain":0.0,"event_name":"Upgrade Shrine","player_choice":"Upgraded","floor":4.0,"gold_loss":0.0,"damage_taken":0.0,"cards_upgraded":["Bash"]}],"is_beta":false,"boss_relics":[],"items_purged_floors":[],"is_endless":false,"potions_floor_spawned":[3,8,11,13,14],"killed_by":"Hexaghost","ascension_level":0}