{"gold_per_floor":[118,118,118,118,137,137,155,174,245,13,51,67,90,40,40,165,165,180,92,110,129,1,42,63,63,118,152,152,166,180,215,215,344,344,368,381,28,42,55,95,95,95,121,121,140,163,0,33,33,33,33,33,33,66,66],"floor_reached":56,"playtime":3044,"items_purged":["Defend_R"],"score":1371,"play_id":"6983f135-b27d-48b4-a517-ac4de75e164e","local_time":"20190202163612","is_ascension_mode":false,"campfire_choices":[{"data":"Shockwave","floor":6,"key":"SMITH"},{"floor":15,"key":"RECALL"},{"data":"Corruption","floor":25,"key":"SMITH"},{"floor":28,"key":"REST"},{"data":"Armaments","floor":32,"key":"SMITH"},{"data":"Dark Embrace","floor":41,"key":"SMITH"},{"floor":44,"key":"REST"},{"data":"Flex","floor":49,"key":"SMITH"},{"data":"Adrenaline","floor":52,"key":"SMITH"}],"neow_cost":"NONE","seed_source_timestamp":416519233208401,"circlet_count":0,"master_deck":["Strike_R","Strike_R","Strike_R","Strike_R","Strike_R","Defend_R","Defend_R+1","Defend_R+1","Bash","Cleave","Shockwave+1","Twin Strike","Corruption+1","Armaments","Shockwave","Heavy Blade","Spot Weakness","Feed","Fire Breathing","Shrug It Off","Inflame","Armaments+1","Spot Weakness","Cleave","Metallicize","Fire Breathing","Flex+1","Dual Wield+1","Dark Embrace+1","Cleave+1","Conserve Battery+1","Intimidate","Adrenaline+1","Caltrops","Conserve Battery+1","Pummel+1","Flying Knee+1"],"relics":["Burning Blood","War Paint","Golden Idol","Meat on the Bone","Gremlin Horn","Bottled Tornado","Sling","Champion Belt","Black Star","Lantern","Mercury Hourglass","Bottled Lightning","Calipers","Bag of Marbles","Orichalcum","Centennial Puzzle","White Beast Statue","PrismaticShard","Strawberry","Thread and Needle","Molten Egg 2","Vajra","Red Mask","Darkstone Periapt","Sundial","Bronze Scales","Red Skull"],"potions_floor_usage":[5,16,16,21,23,27,29,30,31,31,31,33,33,33,39,40,40,40,45,50,50,50,55],"damage_taken":[{"damage":1,"enemies":"Cultist","floor":1,"turns":4},{"damage":0,"enemies":"Small Slimes","floor":5,"turns":2},{"damage":6,"enemies":"Jaw Worm","floor":7,"turns":3},{"damage":17,"enemies":"Gremlin Gang","floor":8,"turns":4},{"damage":19,"enemies":"Lagavulin","floor":11,"turns":8},{"damage":0,"enemies":"2 Fungi Beasts","floor":12,"turns":2},{"damage":5,"enemies":"Exordium Thugs","floor":13,"turns":4},{"damage":31,"enemies":"Slime Boss","floor":16,"turns":12},{"damage":2,"enemies":"Chosen","floor":18,"turns":4},{"damage":23,"enemies":"Spheric Guardian","floor":20,"turns":5},{"damage":18,"enemies":"Centurion and Healer","floor":21,"turns":5},{"damage":18,"enemies":"Gremlin Leader","floor":23,"turns":3},{"damage":0,"enemies":"3 Cultists","floor":24,"turns":4},{"damage":24,"enemies":"Slavers","floor":27,"turns":3},{"damage":14,"enemies":"Shelled Parasite and Fungi","floor":29,"turns":3},{"damage":4,"enemies":"Centurion and Healer","floor":30,"turns":4},{"damage":23,"enemies":"Book of Stabbing","floor":31,"turns":4},{"damage":42,"enemies":"Automaton","floor":33,"turns":7},{"damage":3,"enemies":"3 Shapes","floor":35,"turns":3},{"damage":17,"enemies":"Orb Walker","floor":36,"turns":4},{"damage":19,"enemies":"Jaw Worm Horde","floor":38,"turns":5},{"damage":23,"enemies":"Spire Growth","floor":39,"turns":5},{"damage":20,"enemies":"Giant Head","floor":40,"turns":6},{"damage":15,"enemies":"4 Shapes","floor":45,"turns":1},{"damage":0,"enemies":"Transient","floor":46,"turns":5},{"damage":5,"enemies":"Reptomancer","floor":48,"turns":5},{"damage":13,"enemies":"Donu and Deca","floor":50,"turns":6},{"damage":23,"enemies":"Shield and Spear","floor":54,"turns":5},{"damage":82,"enemies":"The Heart","floor":55,"turns":7}],"seed_played":"4483102740232779446","potions_obtained":[{"floor":1,"key":"Explosive Potion"},{"floor":11,"key":"LiquidBronze"},{"floor":12,"key":"LiquidBronze"},{"floor":13,"key":"Block Potion"},{"floor":20,"key":"SteroidPotion"},{"floor":24,"key":"Fire Potion"},{"floor":27,"key":"EntropicBrew"},{"floor":30,"key":"BloodPotion"},{"floor":35,"key":"Dexterity Potion"},{"floor":36,"key":"Energy Potion"},{"floor":38,"key":"Energy Potion"},{"floor":39,"key":"LiquidBronze"},{"floor":40,"key":"SteroidPotion"},{"floor":45,"key":"SpeedPotion"},{"floor":46,"key":"SpeedPotion"},{"floor":48,"key":"SteroidPotion"},{"floor":54,"key":"Ancient Potion"}],"is_trial":false,"path_per_floor":["M","?","?","T","M","R","M","M","T","$","E","M","M","?","R","B",null,"M","?","M","M","$","E","M","R","T","E","R","M","M","E","R","B",null,"M","M","$","M","M","E","R","?","T","R","M","M","?","E","R","B",null,"R","$","E","B",null],"character_chosen":"IRONCLAD","items_purchased":["Sling","Armaments","Armaments","PrismaticShard","Strawberry"],"campfire_rested":2,"item_purchase_floors":[10,10,22,37,37],"current_hp_per_floor":[80,80,62,62,68,68,68,57,57,57,56,62,63,63,63,50,80,80,80,63,51,51,54,64,64,64,58,84,76,81,76,76,52,93,96,85,92,82,65,63,63,63,63,94,88,94,94,95,95,91,112,112,112,98,34],"gold":66,"neow_bonus":"RANDOM_COMMON_RELIC","is_prod":false,"is_daily":false,"chose_seed":false,"campfire_upgraded":6,"win_rate":0,"timestamp":1549078572,"path_taken":["M","?","?","?","M","R","M","M","T","$","E","M","?","?","R","BOSS","M","?","?","?","?","E","M","R","T","E","R","?","M","E","R","BOSS","M","M","$","M","M","E","R","?","T","R","M","M","?","E","R","BOSS","R","$","E","BOSS"],"build_version":"2019-01-23","purchased_purges":1,"victory":true,"max_hp_per_floor":[80,80,80,80,80,80,80,80,80,80,80,80,80,80,80,80,80,80,80,80,80,80,83,87,87,87,87,87,87,90,93,93,93,93,96,96,103,106,106,106,106,106,106,106,109,109,109,109,109,112,112,112,112,115,115],"card_choices":[{"not_picked":["Evolve","Perfected Strike"],"picked":"Cleave","floor":1},{"not_picked":["Perfected Strike","Whirlwind"],"picked":"Shockwave","floor":5},{"not_picked":["Searing Blow","Heavy Blade"],"picked":"Twin Strike","floor":7},{"not_picked":["Sever Soul","Whirlwind"],"picked":"Corruption","floor":8},{"not_picked":["Clash","Rupture"],"picked":"Shockwave","floor":11},{"not_picked":["Pummel","Thunderclap"],"picked":"Heavy Blade","floor":12},{"not_picked":["Searing Blow","Iron Wave"],"picked":"Spot Weakness","floor":13},{"not_picked":["Bludgeon","Juggernaut"],"picked":"Feed","floor":16},{"not_picked":["Body Slam","Perfected Strike+1"],"picked":"Fire Breathing","floor":18},{"not_picked":["Armaments","Searing Blow"],"picked":"Shrug It Off","floor":20},{"not_picked":["Dual Wield","Burning Pact"],"picked":"Inflame","floor":21},{"not_picked":["Seeing Red","Havoc"],"picked":"Spot Weakness","floor":23},{"not_picked":["Perfected Strike","Dark Embrace"],"picked":"Cleave","floor":24},{"not_picked":["Evolve+1","Anger"],"picked":"Metallicize","floor":27},{"not_picked":["Metallicize","Thunderclap"],"picked":"Fire Breathing","floor":29},{"not_picked":["Thunderclap+1","Shrug It Off+1"],"picked":"Flex","floor":30},{"not_picked":["Armaments","Demon Form"],"picked":"Dual Wield+1","floor":31},{"not_picked":["Berserk","Exhume"],"picked":"Dark Embrace","floor":33},{"not_picked":["Battle Trance+1","Sword Boomerang"],"picked":"Cleave+1","floor":35},{"not_picked":["True Grit","Rupture+1","Cleave"],"picked":"SKIP","floor":36},{"not_picked":["Leg Sweep","Purity+1"],"picked":"Conserve Battery+1","floor":38},{"not_picked":["FTL+1","Warcry"],"picked":"Intimidate","floor":39},{"not_picked":["Escape Plan+1","The Bomb"],"picked":"Adrenaline","floor":40},{"not_picked":["Double Energy+1","Escape Plan"],"picked":"Caltrops","floor":45},{"not_picked":["Body Slam+1","Beam Cell+1"],"picked":"Conserve Battery+1","floor":46},{"not_picked":["Slice+1","Good Instincts"],"picked":"Pummel+1","floor":48},{"not_picked":["Barrage+1","Perfected Strike+1"],"picked":"Flying Knee+1","floor":54}],"player_experience":611302,"relics_obtained":[{"floor":4,"key":"Gremlin Horn"},{"floor":9,"key":"Bottled Tornado"},{"floor":11,"key":"Champion Belt"},{"floor":23,"key":"Mercury Hourglass"},{"floor":23,"key":"Bottled Lightning"},{"floor":27,"key":"Calipers"},{"floor":27,"key":"Bag of Marbles"},{"floor":31,"key":"Orichalcum"},{"floor":31,"key":"Centennial Puzzle"},{"floor":40,"key":"Thread and Needle"},{"floor":40,"key":"Molten Egg 2"},{"floor":43,"key":"Vajra"},{"floor":48,"key":"Darkstone Periapt"},{"floor":48,"key":"Sundial"},{"floor":54,"key":"Bronze Scales"},{"floor":54,"key":"Red Skull"}],"event_choices":[{"damage_healed":0,"gold_gain":0,"player_choice":"Take Wound","damage_taken":0,"relics_obtained":["Golden Idol"],"max_hp_gain":0,"max_hp_loss":0,"event_name":"Golden Idol","floor":2,"gold_loss":0,"cards_obtained":["Injury"]},{"damage_healed":0,"gold_gain":0,"player_choice":"Success","damage_taken":18,"relics_obtained":["Meat on the Bone"],"max_hp_gain":0,"max_hp_loss":0,"event_name":"Scrap Ooze","floor":3,"gold_loss":0},{"cards_removed":["Injury"],"damage_healed":0,"gold_gain":0,"player_choice":"Card Removal","damage_taken":0,"max_hp_gain":0,"max_hp_loss":0,"event_name":"The Cleric","floor":14,"gold_loss":50},{"damage_healed":0,"gold_gain":0,"player_choice":"Paid Gold","damage_taken":0,"relics_obtained":["Lantern"],"max_hp_gain":0,"max_hp_loss":0,"event_name":"WeMeetAgain","floor":19,"gold_loss":88},{"damage_healed":0,"gold_gain":0,"player_choice":"Ignored","damage_taken":0,"max_hp_gain":0,"max_hp_loss":0,"event_name":"Mysterious Sphere","floor":42,"gold_loss":0},{"damage_healed":0,"gold_gain":0,"player_choice":"Paid","damage_taken":0,"relics_obtained":["Red Mask"],"max_hp_gain":0,"max_hp_loss":0,"event_name":"Tomb of Lord Red Mask","floor":47,"gold_loss":163}],"is_beta":false,"boss_relics":[{"not_picked":["Velvet Choker","Busted Crown"],"picked":"Black Star"},{"not_picked":["Sozu","Cursed Key"],"picked":"White Beast Statue"}],"items_purged_floors":[22],"is_endless":false,"potions_floor_spawned":[1,11,12,13,20,24,27,30,35,36,38,39,40,45,46,48,54],"ascension_level":0}