{"gold_per_floor":[13,25,200,211,161,161,176,187,260,276,327,342,361,381,381,381],"floor_reached":16,"playtime":2676,"items_purged":[],"score":98,"play_id":"abde7cc5-f5c3-4e3f-9bab-a608ccc4fad3","local_time":"20181021212320","is_ascension_mode":false,"campfire_choices":[{"data":"Bash","floor":6,"key":"SMITH"},{"floor":15,"key":"REST"}],"neow_cost":"NO_GOLD","seed_source_timestamp":875690807325691,"circlet_count":0,"master_deck":["Strike_R","Strike_R","Strike_R","Strike_R","Strike_R","Defend_R","Defend_R","Defend_R","Bash+1","Spot Weakness","Headbutt","Doubt","Thunderclap","Sword Boomerang","Shrug It Off","Infernal Blade","Perfected Strike","Sword Boomerang","Double Tap"],"relics":["Burning Blood","Magic Flower","Mummified Hand","Pen Nib"],"potions_floor_usage":[2,8,10,12,16],"damage_taken":[{"damage":0,"enemies":"Small Slimes","floor":1,"turns":3},{"damage":0,"enemies":"2 Louse","floor":2,"turns":1},{"damage":11,"enemies":"Jaw Worm","floor":4,"turns":3},{"damage":19,"enemies":"Blue Slaver","floor":7,"turns":3},{"damage":8,"enemies":"Gremlin Gang","floor":8,"turns":2},{"damage":25,"enemies":"Exordium Wildlife","floor":10,"turns":5},{"damage":15,"enemies":"Looter","floor":12,"turns":3},{"damage":9,"enemies":"Blue Slaver","floor":13,"turns":3},{"damage":22,"enemies":"Large Slime","floor":14,"turns":3},{"damage":47,"enemies":"The Guardian","floor":16,"turns":8}],"seed_played":"7227809175995293890","potions_obtained":[{"floor":1,"key":"Fire Potion"},{"floor":2,"key":"GamblersBrew"},{"floor":7,"key":"Strength Potion"},{"floor":10,"key":"Strength Potion"},{"floor":14,"key":"PowerPotion"}],"is_trial":false,"path_per_floor":["M","M","?","M","?","R","M","M","T","M","T","M","M","M","R"],"character_chosen":"IRONCLAD","items_purchased":[],"campfire_rested":1,"item_purchase_floors":[],"current_hp_per_floor":[80,80,80,78,78,78,68,69,69,53,53,47,47,34,58,11],"gold":381,"neow_bonus":"ONE_RARE_RELIC","is_prod":false,"is_daily":false,"chose_seed":false,"campfire_upgraded":1,"win_rate":0.0,"timestamp":1540110200,"path_taken":["M","M","?","M","?","R","M","M","T","M","?","M","M","?","R","BOSS"],"build_version":"2018-10-18","purchased_purges":0,"victory":false,"max_hp_per_floor":[80,80,80,80,80,80,80,80,80,80,80,80,80,80,80,80],"card_choices":[{"not_picked":["Shrug It Off","Body Slam"],"picked":"Spot Weakness","floor":1},{"not_picked":["Thunderclap","Shrug It Off"],"picked":"Headbutt","floor":2},{"not_picked":["Inflame","Rampage"],"picked":"Thunderclap","floor":4},{"not_picked":["Havoc","Body Slam"],"picked":"Sword Boomerang","floor":7},{"not_picked":["Clothesline","Clash"],"picked":"Shrug It Off","floor":8},{"not_picked":["Cleave","Sentinel"],"picked":"Infernal Blade","floor":10},{"not_picked":["Warcry","Clash"],"picked":"Perfected Strike","floor":12},{"not_picked":["Clash","Battle Trance"],"picked":"Sword Boomerang","floor":13},{"not_picked":["Inflame","Perfected Strike"],"picked":"Double Tap","floor":14}],"player_experience":184227,"relics_obtained":[{"floor":9,"key":"Mummified Hand"},{"floor":11,"key":"Pen Nib"}],"event_choices":[{"damage_healed":0,"gold_gain":175,"player_choice":"AGREE","damage_taken":0,"max_hp_gain":0,"max_hp_loss":0,"event_name":"Liars Game","floor":3,"gold_loss":0,"cards_obtained":["Doubt"]},{"cards_removed":["Defend_R"],"damage_healed":0,"gold_gain":0,"player_choice":"Card Removal","damage_taken":0,"max_hp_gain":0,"max_hp_loss":0,"event_name":"The Cleric","floor":5,"gold_loss":50}],"is_beta":false,"boss_relics":[],"items_purged_floors":[],"is_endless":false,"potions_floor_spawned":[1,2,7,10,14],"killed_by":"The Guardian","ascension_level":0}