{"gold_per_floor":[20,20,35,51,51,51,106,181,263,263,283,299,299,264,264,393,393,407,3,3,3,3,27,27,43,43,43,61,61,39,39,39,164,164,187,187,203,224,21,21,21,42,42,55,82,82,103,103,103,103],"floor_reached":50,"playtime":3490,"items_purged":["Strike_G"],"score":455,"play_id":"4679798d-b3c6-4062-972e-261d80275d20","local_time":"20181216010205","is_ascension_mode":false,"campfire_choices":[{"data":"Infinite Blades","floor":6,"key":"SMITH"},{"data":"Accuracy","floor":10,"key":"SMITH"},{"data":"Cloak And Dagger","floor":15,"key":"SMITH"},{"data":"Terror","floor":27,"key":"SMITH"},{"data":"Infinite Blades","floor":29,"key":"SMITH"},{"data":"Blade Dance","floor":32,"key":"SMITH"},{"floor":40,"key":"REST"},{"floor":46,"key":"REST"},{"floor":49,"key":"REST"}],"neow_cost":"NO_GOLD","seed_source_timestamp":628055730808281,"circlet_count":0,"master_deck":["Defend_G","Defend_G","Strike_G","Strike_G","Survivor","Neutralize","Accuracy+1","Infinite Blades+1","Leg Sweep","Injury","Blade Dance+1","Poisoned Stab","Cloak And Dagger+1","Backflip","Die Die Die","Terror+1","Infinite Blades+1","Poisoned Stab","Blade Dance+1","Cloak And Dagger+1","PiercingWail","Writhe","Corpse Explosion","Setup+1","Prepared+1","Blur+1","Outmaneuver","Caltrops+1","Caltrops+1"],"relics":["Ring of the Snake","Golden Idol","Ninja Scroll","Potion Belt","Tiny Chest","Letter Opener","Runic Pyramid","Kunai","Ornamental Fan","Paper Crane","Astrolabe","Lantern","Pantograph","Juzu Bracelet"],"potions_floor_usage":[11,22,22,25,35,37,37,44,47],"damage_taken":[{"damage":2,"enemies":"Jaw Worm","floor":1,"turns":4},{"damage":0,"enemies":"Small Slimes","floor":3,"turns":4},{"damage":5,"enemies":"2 Louse","floor":4,"turns":3},{"damage":8,"enemies":"2 Fungi Beasts","floor":11,"turns":3},{"damage":4,"enemies":"Blue Slaver","floor":12,"turns":3},{"damage":10,"enemies":"Slime Boss","floor":16,"turns":7},{"damage":9,"enemies":"Spheric Guardian","floor":18,"turns":4},{"damage":7,"enemies":"Colosseum Slavers","floor":22,"turns":3},{"damage":12,"enemies":"2 Thieves","floor":23,"turns":3},{"damage":0,"enemies":"3 Cultists","floor":25,"turns":5},{"damage":0,"enemies":"Chosen and Byrds","floor":28,"turns":4},{"damage":34,"enemies":"Champ","floor":33,"turns":10},{"damage":16,"enemies":"3 Shapes","floor":35,"turns":2},{"damage":25,"enemies":"3 Darklings","floor":37,"turns":3},{"damage":0,"enemies":"Maw","floor":38,"turns":7},{"damage":4,"enemies":"Spire Growth","floor":42,"turns":5},{"damage":16,"enemies":"Sphere and 2 Shapes","floor":44,"turns":5},{"damage":12,"enemies":"Jaw Worm Horde","floor":47,"turns":4},{"damage":72,"enemies":"Awakened One","floor":50,"turns":3}],"seed_played":"1750513447334346535","potions_obtained":[{"floor":1,"key":"Regen Potion"},{"floor":4,"key":"Strength Potion"},{"floor":16,"key":"Energy Potion"},{"floor":23,"key":"Block Potion"},{"floor":25,"key":"GamblersBrew"},{"floor":33,"key":"Fire Potion"},{"floor":35,"key":"EssenceOfSteel"},{"floor":44,"key":"SkillPotion"}],"is_trial":false,"path_per_floor":["M","?","M","M","?","R","T","?","T","R","M","M","T","?","R","B",null,"M","$","?","$","?","M","?","M","T","R","M","R","$","?","R","B",null,"M","?","M","M","$","R","$","M","T","M","T","R","M","?","R","B"],"character_chosen":"THE_SILENT","items_purchased":["Kunai","Infinite Blades","PiercingWail","Lantern","PowerPotion"],"campfire_rested":3,"item_purchase_floors":[19,19,30,39,39],"current_hp_per_floor":[68,68,68,63,63,63,63,52,52,52,49,45,45,62,62,52,70,61,61,61,61,54,42,65,65,65,65,65,65,65,65,65,31,70,54,54,29,29,29,50,50,46,46,30,30,51,39,39,60,0],"gold":103,"neow_bonus":"TRANSFORM_TWO_CARDS","is_prod":false,"is_daily":false,"chose_seed":false,"campfire_upgraded":6,"win_rate":0.0,"timestamp":1544875325,"path_taken":["M","?","M","M","?","R","?","?","T","R","M","M","?","?","R","BOSS","M","$","?","?","?","M","?","M","T","R","?","R","?","?","R","BOSS","M","?","?","?","?","R","$","M","T","M","?","R","M","?","R","BOSS"],"build_version":"2018-12-13","purchased_purges":1,"victory":false,"max_hp_per_floor":[70,70,70,70,70,70,70,70,70,70,70,70,70,70,70,70,70,70,70,70,70,70,70,70,70,70,70,70,70,70,70,70,70,70,70,70,70,70,70,70,70,70,70,70,70,70,70,70,70,70],"card_choices":[{"not_picked":["Catalyst","Endless Agony"],"picked":"Leg Sweep","floor":1},{"not_picked":["Finisher","Underhanded Strike"],"picked":"Blade Dance","floor":3},{"not_picked":["Outmaneuver","Prepared"],"picked":"Poisoned Stab","floor":4},{"not_picked":["Underhanded Strike","Sucker Punch"],"picked":"Cloak And Dagger","floor":11},{"not_picked":["Dagger Throw","Catalyst"],"picked":"Backflip","floor":12},{"not_picked":["Glass Knife","Bullet Time"],"picked":"Die Die Die","floor":16},{"not_picked":["Acrobatics","Setup+1"],"picked":"Terror","floor":18},{"not_picked":["Riddle With Holes","Acrobatics"],"picked":"Poisoned Stab","floor":23},{"not_picked":["Blur","Acrobatics"],"picked":"Blade Dance","floor":25},{"not_picked":["Skewer+1","Choke"],"picked":"Cloak And Dagger+1","floor":28},{"not_picked":["After Image","Wraith Form v2"],"picked":"Corpse Explosion","floor":33},{"not_picked":["Backflip","Bane+1","Escape Plan+1"],"picked":"SKIP","floor":35},{"not_picked":["Dagger Throw","Bane+1"],"picked":"Outmaneuver","floor":37},{"not_picked":["Cloak And Dagger","Expertise+1","Heel Hook"],"picked":"SKIP","floor":38},{"not_picked":["PiercingWail+1","Acrobatics+1","Poisoned Stab"],"picked":"SKIP","floor":42},{"not_picked":["Grand Finale","Quick Slash","Sucker Punch+1"],"picked":"SKIP","floor":44},{"not_picked":["Crippling Poison","Sucker Punch"],"picked":"Caltrops+1","floor":47}],"player_experience":464482,"relics_obtained":[{"floor":7,"key":"Potion Belt"},{"floor":9,"key":"Tiny Chest"},{"floor":13,"key":"Letter Opener"},{"floor":26,"key":"Ornamental Fan"},{"floor":43,"key":"Pantograph"},{"floor":45,"key":"Juzu Bracelet"}],"event_choices":[{"damage_healed":0,"gold_gain":0,"player_choice":"Take Wound","damage_taken":0,"relics_obtained":["Golden Idol"],"max_hp_gain":0,"max_hp_loss":0,"event_name":"Golden Idol","floor":2,"gold_loss":0,"cards_obtained":["Injury"]},{"damage_healed":0,"gold_gain":0,"player_choice":"Box","damage_taken":0,"relics_obtained":["Ninja Scroll"],"max_hp_gain":0,"max_hp_loss":0,"event_name":"Big Fish","floor":5,"gold_loss":0,"cards_obtained":["Regret"]},{"damage_healed":0,"gold_gain":75,"player_choice":"Gather Gold","damage_taken":11,"max_hp_gain":0,"max_hp_loss":0,"event_name":"World of Goop","floor":8,"gold_loss":0},{"damage_healed":17,"gold_gain":0,"player_choice":"Healed","damage_taken":0,"max_hp_gain":0,"max_hp_loss":0,"event_name":"The Cleric","floor":14,"gold_loss":35},{"cards_removed":["Regret"],"damage_healed":0,"gold_gain":0,"player_choice":"Card Removal","damage_taken":0,"max_hp_gain":0,"max_hp_loss":0,"event_name":"Wheel of Change","floor":20,"gold_loss":0},{"damage_healed":0,"gold_gain":0,"player_choice":"Fight","damage_taken":0,"max_hp_gain":0,"max_hp_loss":0,"event_name":"Colosseum","floor":22,"gold_loss":0},{"damage_healed":0,"gold_gain":0,"player_choice":"Fled From Nobs","damage_taken":0,"max_hp_gain":0,"max_hp_loss":0,"event_name":"Colosseum","floor":22,"gold_loss":0},{"damage_healed":23,"gold_gain":0,"player_choice":"Heal","damage_taken":0,"max_hp_gain":0,"max_hp_loss":0,"event_name":"The Library","floor":24,"gold_loss":0},{"damage_healed":0,"gold_gain":0,"player_choice":"Opened","damage_taken":0,"relics_obtained":["Paper Crane"],"max_hp_gain":0,"max_hp_loss":0,"event_name":"The Mausoleum","floor":31,"gold_loss":0,"cards_obtained":["Writhe"]},{"damage_healed":0,"gold_gain":0,"player_choice":"Upgraded","damage_taken":0,"max_hp_gain":0,"max_hp_loss":0,"event_name":"Upgrade Shrine","floor":36,"gold_loss":0,"cards_upgraded":["Blade Dance"]},{"damage_healed":0,"gold_gain":0,"player_choice":"Copied","damage_taken":0,"max_hp_gain":0,"max_hp_loss":0,"event_name":"Duplicator","floor":48,"gold_loss":0,"cards_obtained":["Caltrops"]}],"is_beta":false,"boss_relics":[{"not_picked":["Coffee Dripper","Philosopher\u0027s Stone"],"picked":"Runic Pyramid"},{"not_picked":["Calling Bell","Busted Crown"],"picked":"Astrolabe"}],"items_purged_floors":[19],"is_endless":false,"potions_floor_spawned":[1,4,16,23,25,33,35,44],"killed_by":"Awakened One","ascension_level":0}