{"gold_per_floor":[110,125,52,72,72,72,92,18,18,47,57,388,407,427,427,523,573,590,609,708,724,734,734,763,763],"floor_reached":25,"playtime":2089,"items_purged":[],"score":446,"play_id":"d894acfc-d734-44c7-8837-7d41a2eaa029","local_time":"20181009235723","daily_mods":["Draft","Green Cards","DeadlyEvents"],"is_ascension_mode":true,"campfire_choices":[{"data":"Prepared","floor":6,"key":"SMITH"},{"data":"Inflame","floor":15,"key":"SMITH"},{"floor":23,"key":"REST"}],"neow_cost":"","seed_source_timestamp":11470855835794,"circlet_count":0,"master_deck":["Clash","Twin Strike","Dagger Spray","Inflame","Calculated Gamble+1","Tactician","Cloak And Dagger+1","Prepared+1","Sword Boomerang","Acrobatics","Inflame+1","Noxious Fumes","Iron Wave","Rampage","Flex","Blade Dance","Footwork","Backstab","Infinite Blades","Iron Wave","Dagger Throw","Cloak And Dagger+1","Feed","Prepared+1","Cloak And Dagger+1","True Grit+1","Dash"],"relics":["Burning Blood","Odd Mushroom","Toxic Egg 2","Self Forming Clay","Old Coin","Tiny House","Red Mask"],"potions_floor_usage":[12,14,18,22,24,25],"damage_taken":[{"damage":12,"enemies":"Jaw Worm","floor":1,"turns":2},{"damage":0,"enemies":"2 Louse","floor":2,"turns":1},{"damage":10,"enemies":"Small Slimes","floor":4,"turns":2},{"damage":19,"enemies":"The Mushroom Lair","floor":7,"turns":3},{"damage":0,"enemies":"Lagavulin","floor":10,"turns":3},{"damage":6,"enemies":"3 Louse","floor":11,"turns":2},{"damage":10,"enemies":"3 Sentries","floor":12,"turns":4},{"damage":2,"enemies":"Blue Slaver","floor":13,"turns":2},{"damage":1,"enemies":"Large Slime","floor":14,"turns":4},{"damage":0,"enemies":"Slime Boss","floor":16,"turns":7},{"damage":21,"enemies":"Shell Parasite","floor":18,"turns":4},{"damage":2,"enemies":"3 Byrds","floor":19,"turns":5},{"damage":40,"enemies":"Sentry and Sphere","floor":21,"turns":6},{"damage":42,"enemies":"Snake Plant","floor":22,"turns":5},{"damage":29,"enemies":"Masked Bandits","floor":24,"turns":5},{"damage":32,"enemies":"Slavers","floor":25,"turns":4}],"seed_played":"1456418942411270397","potions_obtained":[{"floor":2,"key":"Block Potion"},{"floor":4,"key":"Weak Potion"},{"floor":11,"key":"BloodPotion"},{"floor":12,"key":"Regen Potion"},{"floor":16,"key":"EssenceOfSteel"},{"floor":17,"key":"Fruit Juice"},{"floor":24,"key":"GamblersBrew"}],"is_trial":true,"path_per_floor":["M","M","$","M","?","R","?","$","T","E","M","E","M","M","R","B",null,"M","M","?","M","M","R","?"],"character_chosen":"IRONCLAD","items_purchased":["Footwork","Backstab"],"campfire_rested":1,"item_purchase_floors":[3,8],"current_hp_per_floor":[66,72,72,68,68,68,55,55,55,61,61,57,61,74,74,80,85,75,79,79,45,24,51,31,0],"gold":763,"neow_bonus":"","is_prod":false,"is_daily":false,"chose_seed":false,"campfire_upgraded":2,"win_rate":0,"timestamp":1539122243,"path_taken":["M","M","$","M","?","R","?","$","T","E","?","?","M","M","R","BOSS","M","M","?","M","M","R","?","E"],"build_version":"2018-10-04v2","purchased_purges":0,"victory":false,"max_hp_per_floor":[80,80,80,80,80,80,80,80,80,80,80,80,80,80,80,80,85,90,90,90,90,93,93,96,96],"card_choices":[{"not_picked":["Acrobatics","Heel Hook"],"picked":"Clash","floor":0},{"not_picked":["Prepared","Dagger Throw"],"picked":"Twin Strike","floor":0},{"not_picked":["Masterful Stab","Bane"],"picked":"Dagger Spray","floor":0},{"not_picked":["Prepared","Blur"],"picked":"Inflame","floor":0},{"not_picked":["Tactician","Sever Soul"],"picked":"Calculated Gamble","floor":0},{"not_picked":["Infinite Blades","Flex"],"picked":"Tactician","floor":0},{"not_picked":["Pommel Strike","Headbutt"],"picked":"Cloak And Dagger","floor":0},{"not_picked":["Battle Trance","Rupture"],"picked":"Prepared","floor":0},{"not_picked":["Tactician","Choke"],"picked":"Sword Boomerang","floor":0},{"not_picked":["Warcry","Clothesline"],"picked":"Acrobatics","floor":0},{"not_picked":["Outmaneuver","Deadly Poison"],"picked":"Inflame","floor":0},{"not_picked":["Warcry","Seeing Red"],"picked":"Noxious Fumes","floor":0},{"not_picked":["Flechettes","Quick Slash"],"picked":"Iron Wave","floor":0},{"not_picked":["Body Slam","Flechettes"],"picked":"Rampage","floor":0},{"not_picked":["Eviscerate","Clash"],"picked":"Flex","floor":0},{"not_picked":["Power Through","Heavy Blade"],"picked":"Blade Dance","floor":1},{"not_picked":["Intimidate","Poisoned Stab","Flying Knee"],"picked":"SKIP","floor":2},{"not_picked":["Quick Slash","Warcry","Dagger Spray"],"picked":"SKIP","floor":4},{"not_picked":["Havoc+1","Pommel Strike"],"picked":"Infinite Blades","floor":10},{"not_picked":["Envenom","Quick Slash"],"picked":"Iron Wave","floor":11},{"not_picked":["Havoc+1","Deadly Poison+1"],"picked":"Dagger Throw","floor":12},{"not_picked":["Reckless Charge","Flame Barrier+1"],"picked":"Cloak And Dagger+1","floor":13},{"not_picked":["Cleave","Dagger Throw","Second Wind+1"],"picked":"SKIP","floor":14},{"not_picked":["Wraith Form v2","Barricade"],"picked":"Feed","floor":16},{"not_picked":["Rupture","Thunderclap"],"picked":"Prepared+1","floor":17},{"not_picked":["Heel Hook","Pommel Strike","Dropkick"],"picked":"SKIP","floor":18},{"not_picked":["Clothesline","Slice"],"picked":"Cloak And Dagger+1","floor":19},{"not_picked":["All Out Attack+1","Riddle With Holes"],"picked":"True Grit+1","floor":21},{"not_picked":["Flex+1","Thunderclap","Bouncing Flask+1"],"picked":"SKIP","floor":22},{"not_picked":["Accuracy","Uppercut"],"picked":"Dash","floor":24}],"player_experience":939447,"relics_obtained":[{"floor":7,"key":"Odd Mushroom"},{"floor":9,"key":"Toxic Egg 2"},{"floor":10,"key":"Self Forming Clay"},{"floor":12,"key":"Old Coin"},{"floor":24,"key":"Red Mask"}],"event_choices":[{"event_name":"Living Wall","player_choice":"Grow","floor":5,"damage_taken":0},{"event_name":"Mushrooms","player_choice":"Fought Mushrooms","floor":7,"damage_taken":0},{"event_name":"Nest","player_choice":"Stole From Cult","floor":20,"damage_taken":0},{"event_name":"Masked Bandits","player_choice":"Fought Bandits","floor":24,"damage_taken":0}],"is_beta":false,"boss_relics":[{"not_picked":["Fusion Hammer","Philosopher\u0027s Stone"],"picked":"Tiny House"}],"items_purged_floors":[],"is_endless":false,"potions_floor_spawned":[2,4,11,12,16,24],"killed_by":"Slavers","ascension_level":9}