{"gold_per_floor":[116,116,134,21,21,21,49,49,75,91,105,116,130,71,71,71],"floor_reached":16,"playtime":486,"items_purged":[],"score":184,"play_id":"64503296-c8d7-40a2-b9f6-7f6ac7db9530","local_time":"20190123191011","is_ascension_mode":true,"campfire_choices":[{"data":"Noxious Fumes","floor":6.0,"key":"SMITH"},{"data":"Skewer","floor":8.0,"key":"SMITH"},{"data":"Neutralize","floor":15.0,"key":"SMITH"}],"neow_cost":"NONE","seed_source_timestamp":35626825528434,"circlet_count":0,"master_deck":["AscendersBane","Defend_G","Defend_G","Defend_G","Defend_G","Defend_G","Strike_G","Strike_G","Strike_G","Strike_G","Survivor","Neutralize+1","Noxious Fumes+1","Flying Knee","Backstab","Dodge and Roll","Skewer+1","Sucker Punch","Backflip","Predator","Deflect","Backflip"],"special_seed":0,"relics":["Ring of the Snake","Matryoshka","Pen Nib","Blood Vial"],"potions_floor_usage":[16,16],"damage_taken":[{"damage":0.0,"enemies":"Small Slimes","floor":1.0,"turns":5.0},{"damage":1.0,"enemies":"2 Louse","floor":3.0,"turns":4.0},{"damage":23.0,"enemies":"Gremlin Nob","floor":7.0,"turns":5.0},{"damage":0.0,"enemies":"Cultist","floor":10.0,"turns":2.0},{"damage":0.0,"enemies":"Lots of Slimes","floor":11.0,"turns":1.0},{"damage":0.0,"enemies":"Large Slime","floor":12.0,"turns":4.0},{"damage":1.0,"enemies":"2 Fungi Beasts","floor":13.0,"turns":4.0},{"damage":52,"enemies":"Slime Boss","floor":16,"turns":7}],"seed_played":"-8008537013577755308","potions_obtained":[{"floor":1.0,"key":"GamblersBrew"},{"floor":5.0,"key":"SteroidPotion"},{"floor":5.0,"key":"Explosive Potion"},{"floor":10.0,"key":"PowerPotion"},{"floor":13.0,"key":"EssenceOfSteel"}],"is_trial":false,"path_per_floor":["?","?","M","$"],"character_chosen":"THE_SILENT","items_purchased":["Backstab","Dodge and Roll","Backflip"],"campfire_rested":0,"item_purchase_floors":[4,4,14],"current_hp_per_floor":[59,59,58,58,58,58,35,35,35,37,39,41,42,42,42,0],"gold":71,"neow_bonus":"TRANSFORM_CARD","is_prod":false,"is_daily":false,"chose_seed":false,"campfire_upgraded":3,"win_rate":0,"timestamp":1548267011,"path_taken":["M","?","M","$","?","R","E","R","T","M","M","M","?","?","R","BOSS"],"build_version":"2019-01-23","purchased_purges":0,"victory":false,"max_hp_per_floor":[66,66,66,66,66,66,66,66,66,66,66,66,66,66,66,66],"card_choices":[{"not_picked":["Setup","Concentrate"],"picked":"Flying Knee","floor":1.0},{"not_picked":["Choke","Blade Dance","Setup"],"picked":"SKIP","floor":3.0},{"not_picked":["Blade Dance","Backflip"],"picked":"Skewer","floor":7.0},{"not_picked":["Deadly Poison","Bane"],"picked":"Sucker Punch","floor":10.0},{"not_picked":["Dagger Throw","Tactician"],"picked":"Backflip","floor":11.0},{"not_picked":["Calculated Gamble","Prepared"],"picked":"Predator","floor":12.0},{"not_picked":["Wraith Form v2","Heel Hook"],"picked":"Deflect","floor":13.0}],"player_experience":1075196,"relics_obtained":[{"floor":7.0,"key":"Matryoshka"},{"floor":9.0,"key":"Pen Nib"},{"floor":9.0,"key":"Blood Vial"}],"event_choices":[{"damage_healed":0.0,"max_hp_gain":0.0,"max_hp_loss":0.0,"gold_gain":0.0,"event_name":"The Cleric","player_choice":"Leave","floor":2.0,"gold_loss":0.0,"damage_taken":0.0},{"damage_healed":0.0,"max_hp_gain":0.0,"max_hp_loss":0.0,"gold_gain":0.0,"event_name":"Lab","player_choice":"Got Potions","floor":5.0,"gold_loss":0.0,"damage_taken":0.0}],"is_beta":false,"boss_relics":[],"items_purged_floors":[],"is_endless":false,"potions_floor_spawned":[1,10,13],"killed_by":"Slime Boss","ascension_level":16}