{"path_per_floor":["M","?","?","$","?","R","M","R","T","M","E","?","$","M","R","B",null,"M","?","?","?","$","E","R","M","T","M","$","?","?","M","R","B",null,"M","?","?","M"],"character_chosen":"IRONCLAD","items_purchased":["Uppercut","Inflame"],"gold_per_floor":[117,192,192,40,40,40,50,50,50,60,88,88,54,64,64,163,163,179,179,179,179,79,106,106,117,117,133,8,8,8,21,21,123,123,138,138,0,14],"floor_reached":39,"campfire_rested":0,"playtime":1015,"current_hp_per_floor":[80,69,69,69,57,57,51,51,51,45,51,51,51,50,50,34,80,45,45,45,36,36,31,31,37,37,45,45,45,45,44,44,47,61,50,50,50,50],"items_purged":["Regret","Defend_R","Defend_R"],"gold":14,"score":480,"play_id":"aa611939-fc89-4108-af2f-ad34bc5da640","is_prod":false,"is_daily":false,"is_ascension_mode":true,"campfire_upgraded":5,"path_taken":["M","?","?","$","?","R","M","R","T","M","E","?","$","?","R","BOSS","M","?","?","?","$","E","R","M","T","?","$","?","?","M","R","BOSS","M","?","?","M","M"],"build_version":"2018-02-22-PROD2","purchased_purges":3,"victory":false,"master_deck":["Defend_R","Defend_R","Bash","Flex+1","Uppercut+1","Heavy Blade+1","Inflame+1","Flex+1","Flex+1","Inflame","Bite","Bite","Bite","Bite","Bite","Whirlwind+1","Double Tap"],"max_hp_per_floor":[80,80,80,80,80,80,80,80,80,80,80,80,80,80,80,80,80,80,56,56,61,61,61,61,61,61,61,61,61,61,61,61,61,61,61,61,61,61],"relics":["Black Blood","Bag of Preparation","Dodecahedron","Paper Frog","Self Forming Clay","Orrery","Bottled Flame","Bronze Scales","Ancient Tea Set","Red Mask"],"card_choices":[{"not_picked":["Disarm","Flame Barrier"],"picked":"Flex"},{"not_picked":["Thunderclap","Bloodletting"],"picked":"Heavy Blade"},{"not_picked":["Headbutt","Anger"],"picked":"Flex"},{"not_picked":["Reckless Charge","Combust"],"picked":"Flex"},{"not_picked":["Twin Strike","Perfected Strike"],"picked":"Inflame"},{"not_picked":["Iron Wave","Sword Boomerang"],"picked":"Whirlwind"},{"not_picked":["Reaper","Feed"],"picked":"Double Tap"}],"player_experience":115021,"potions_floor_usage":[1,11,23,23,25,33,38,39],"damage_taken":[{"damage":0,"enemies":"2 Louse","floor":1,"turns":1},{"damage":12,"enemies":"Small Slimes","floor":7,"turns":2},{"damage":12,"enemies":"Jaw Worm","floor":10,"turns":2},{"damage":0,"enemies":"Gremlin Nob","floor":11,"turns":2},{"damage":7,"enemies":"Blue Slaver","floor":14,"turns":3},{"damage":22,"enemies":"Hexaghost","floor":16,"turns":6},{"damage":41,"enemies":"3 Byrds","floor":18,"turns":6},{"damage":23,"enemies":"Gremlin Leader","floor":23,"turns":5},{"damage":0,"enemies":"Chosen","floor":25,"turns":2},{"damage":0,"enemies":"Snake Plant","floor":27,"turns":2},{"damage":13,"enemies":"Snecko","floor":31,"turns":3},{"damage":27,"enemies":"Collector","floor":33,"turns":6},{"damage":21,"enemies":"3 Shapes","floor":35,"turns":2},{"damage":12,"enemies":"Orb Walker","floor":38,"turns":3},{"damage":76,"enemies":"Maw","floor":39,"turns":7}],"event_choices":[{"event_name":"World of Goop","player_choice":"Gather Gold","floor":2,"damage_taken":0},{"event_name":"Big Fish","player_choice":"Box","floor":3,"damage_taken":0},{"event_name":"Scrap Ooze","player_choice":"success","floor":5,"damage_taken":12},{"event_name":"Upgrade Shrine","player_choice":"Upgraded","floor":12,"damage_taken":0},{"event_name":"Vampires","player_choice":"Became a vampire","floor":19,"damage_taken":0},{"event_name":"Upgrade Shrine","player_choice":"Upgraded","floor":20,"damage_taken":0},{"event_name":"Forgotten Altar","player_choice":"Shed Blood","floor":21,"damage_taken":0},{"event_name":"Addict","player_choice":"Ignored","floor":29,"damage_taken":0},{"event_name":"The Mausoleum","player_choice":"Yes","floor":30,"damage_taken":0},{"event_name":"Mysterious Sphere","player_choice":"Ignore","floor":36,"damage_taken":0},{"event_name":"Tomb of Lord Red Mask","player_choice":"Paid","floor":37,"damage_taken":0}],"boss_relics":[{"not_picked":["Eternal Feather","Runic Cube"],"picked":"Orrery"},{"not_picked":["Astrolabe","Runic Pyramid"],"picked":"Black Blood"}],"potions_floor_spawned":[7,16,18,31,35,38],"seed_played":"1721769703779513159","killed_by":"Maw","ascension_level":3,"is_trial":false}