{"gold_per_floor":[359,359,359,373,5,18,49,62,62,62,62,62],"floor_reached":12,"playtime":641,"items_purged":["Parasite"],"score":156,"play_id":"b3e1f574-ea49-403b-b045-fb4af1c6d1ac","local_time":"20180914183451","is_ascension_mode":true,"campfire_choices":[{"floor":10,"key":"REST"}],"neow_cost":"CURSE","seed_source_timestamp":4471226412055,"circlet_count":0,"master_deck":["Strike_B","Strike_B","Strike_B","Defend_B","Defend_B","Defend_B","Defend_B","Zap","Dualcast","AscendersBane","Streamline","Stack","Genetic Algorithm","Defragment","FTL","Leap","Loop"],"special_seed":0,"relics":["Cracked Core","Smiling Mask","Toolbox","Kunai","Meat on the Bone"],"potions_floor_usage":[7,12],"damage_taken":[{"damage":2.0,"enemies":"Jaw Worm","floor":1.0,"turns":4.0},{"damage":0.0,"enemies":"Cultist","floor":4.0,"turns":3.0},{"damage":12,"enemies":"Small Slimes","floor":6,"turns":4},{"damage":20,"enemies":"Lagavulin","floor":7,"turns":7},{"damage":20,"enemies":"Exordium Wildlife","floor":8,"turns":6},{"damage":34,"enemies":"3 Sentries","floor":12,"turns":5}],"seed_played":"-2638205717561519629","potions_obtained":[{"floor":4.0,"key":"Fire Potion"},{"floor":7,"key":"SkillPotion"}],"is_trial":false,"path_per_floor":["M","?","T","M","$","M","E","M","T","R","?"],"character_chosen":"DEFECT","items_purchased":["Toolbox","Defragment"],"campfire_rested":1,"item_purchase_floors":[5,5],"current_hp_per_floor":[62,62,62,62,62,50,30,10,10,30,30,0],"gold":62,"neow_bonus":"TWO_FIFTY_GOLD","is_prod":false,"is_daily":false,"chose_seed":false,"campfire_upgraded":0,"win_rate":0,"timestamp":1536942891,"path_taken":["M","?","?","M","$","M","E","?","T","R","?","E"],"build_version":"2018-09-06","purchased_purges":1,"victory":false,"max_hp_per_floor":[71,71,71,71,68,68,68,68,68,68,68,68],"card_choices":[{"not_picked":["Coolheaded","Steam Power"],"picked":"Streamline","floor":1.0},{"not_picked":["Stack","Redo"],"picked":"Genetic Algorithm","floor":4.0},{"not_picked":["Beam Cell","Barrage"],"picked":"FTL","floor":6},{"not_picked":["Consume","Melter"],"picked":"Leap","floor":7},{"not_picked":["Amplify","Lockon"],"picked":"Loop","floor":8}],"player_experience":989395,"relics_obtained":[{"floor":3.0,"key":"Smiling Mask"},{"floor":7,"key":"Kunai"},{"floor":9,"key":"Meat on the Bone"}],"event_choices":[{"event_name":"Transmorgrifier","player_choice":"Transform","floor":2.0,"damage_taken":0.0},{"event_name":"Golden Idol","player_choice":"Ignored","floor":11,"damage_taken":0}],"is_beta":false,"boss_relics":[],"items_purged_floors":[5],"is_endless":false,"potions_floor_spawned":[4,7],"killed_by":"3 Sentries","ascension_level":20}