{"gold_per_floor":[115,6,6,26,26,26,41,41,89,107,120,120,130,143,143,143],"floor_reached":16,"playtime":704,"items_purged":[],"score":179,"play_id":"0147190a-5ce1-4e2f-914f-64859ddaaa4a","local_time":"20190131221723","is_ascension_mode":true,"campfire_choices":[{"data":"Neutralize","floor":6,"key":"SMITH"},{"data":"Dodge and Roll","floor":8,"key":"SMITH"},{"data":"PiercingWail","floor":12,"key":"SMITH"},{"data":"Skewer","floor":15,"key":"SMITH"}],"neow_cost":"NONE","seed_source_timestamp":17336917000700,"circlet_count":0,"master_deck":["AscendersBane","Defend_G","Defend_G","Defend_G","Defend_G","Defend_G","Strike_G","Strike_G","Strike_G","Strike_G","Survivor","Neutralize+1","Flying Knee","Dodge and Roll+1","Slice","Blur","Infinite Blades","Escape Plan","PiercingWail+1","Skewer+1"],"relics":["Ring of the Snake","Boot","Dream Catcher"],"potions_floor_usage":[16,16],"damage_taken":[{"damage":2,"enemies":"Jaw Worm","floor":1,"turns":5},{"damage":4,"enemies":"Cultist","floor":4,"turns":4},{"damage":0,"enemies":"2 Louse","floor":7,"turns":3},{"damage":0,"enemies":"2 Fungi Beasts","floor":10,"turns":4},{"damage":2,"enemies":"3 Louse","floor":11,"turns":4},{"damage":0,"enemies":"Exordium Thugs","floor":13,"turns":6},{"damage":0,"enemies":"Blue Slaver","floor":14,"turns":5},{"damage":39,"enemies":"Hexaghost","floor":16,"turns":14}],"seed_played":"1328712864101461367","potions_obtained":[{"floor":1,"key":"Regen Potion"},{"floor":7,"key":"Block Potion"},{"floor":14,"key":"Strength Potion"}],"is_trial":false,"path_per_floor":["M","$","?","M","?","R","M","R","T","M","M","R","M","M","R","B"],"character_chosen":"THE_SILENT","items_purchased":["Dodge and Roll","Slice"],"campfire_rested":0,"item_purchase_floors":[2,2],"current_hp_per_floor":[63,63,63,59,41,41,41,41,41,41,39,39,39,39,39,0],"gold":143,"neow_bonus":"TEN_PERCENT_HP_BONUS","is_prod":false,"is_daily":false,"chose_seed":false,"campfire_upgraded":4,"win_rate":0,"timestamp":1548991043,"path_taken":["M","$","?","?","?","R","M","R","T","M","M","R","M","M","R","BOSS"],"build_version":"2019-01-23","purchased_purges":0,"victory":false,"max_hp_per_floor":[72,72,72,72,72,72,72,72,72,72,72,72,72,72,72,72],"card_choices":[{"not_picked":["Deflect","All Out Attack"],"picked":"Flying Knee","floor":1},{"not_picked":["Flechettes","Slice"],"picked":"Blur","floor":4},{"not_picked":["Heel Hook","Sucker Punch"],"picked":"Infinite Blades","floor":7},{"not_picked":["Expertise","Infinite Blades"],"picked":"Escape Plan","floor":10},{"not_picked":["Underhanded Strike","Outmaneuver"],"picked":"PiercingWail","floor":11},{"not_picked":["Blade Dance","Outmaneuver"],"picked":"Skewer","floor":13},{"not_picked":["Eviscerate","Tactician","Flying Knee"],"picked":"SKIP","floor":14}],"player_experience":1147453,"relics_obtained":[{"floor":9,"key":"Dream Catcher"}],"event_choices":[{"cards_removed":["Strike_G"],"damage_healed":0,"gold_gain":0,"player_choice":"Card Removal","damage_taken":0,"max_hp_gain":0,"max_hp_loss":0,"event_name":"Wheel of Change","floor":3,"gold_loss":0},{"damage_healed":0,"gold_gain":0,"player_choice":"Success","damage_taken":18,"relics_obtained":["Boot"],"max_hp_gain":0,"max_hp_loss":0,"event_name":"Scrap Ooze","floor":5,"gold_loss":0}],"is_beta":false,"boss_relics":[],"items_purged_floors":[],"is_endless":false,"potions_floor_spawned":[1,7,11,14],"killed_by":"Hexaghost","ascension_level":18}