{"gold_per_floor":[117,117,127,141,141,174,174,200,200,215,235,194,171,185,185,185],"floor_reached":16,"playtime":1179,"items_purged":[],"score":190,"play_id":"180113d1-0d2d-469f-a71a-e16b28b89c6e","local_time":"20180902203937","is_ascension_mode":true,"campfire_choices":[{"data":"Tempest","floor":7,"key":"SMITH"},{"floor":15,"key":"REST"}],"neow_cost":"","seed_source_timestamp":32881236960370,"circlet_count":0,"master_deck":["Strike_B","Strike_B","Strike_B","Strike_B","Defend_B","Defend_B+1","Defend_B","Defend_B","Zap+1","Dualcast","AscendersBane","Chill+1","Tempest+1","Ball Lightning","Steam Power","Loop","Stack","Stack","Hologram","Conserve Battery"],"relics":["Cracked Core","War Paint","Question Card","Nunchaku","Singing Bowl"],"potions_floor_usage":[4,6,11,11],"damage_taken":[{"damage":11,"enemies":"Jaw Worm","floor":1,"turns":4},{"damage":2,"enemies":"2 Louse","floor":3,"turns":3},{"damage":0,"enemies":"Cultist","floor":4,"turns":5},{"damage":16,"enemies":"Gremlin Nob","floor":6,"turns":3},{"damage":12,"enemies":"Lagavulin","floor":8,"turns":5},{"damage":20,"enemies":"Large Slime","floor":10,"turns":5},{"damage":14,"enemies":"Exordium Thugs","floor":11,"turns":4},{"damage":2,"enemies":"Red Slaver","floor":14,"turns":3},{"damage":25,"enemies":"Slime Boss","floor":16,"turns":5}],"seed_played":"6228772454271057401","potions_obtained":[{"floor":1,"key":"LiquidBronze"},{"floor":3,"key":"Regen Potion"},{"floor":4,"key":"Regen Potion"},{"floor":10,"key":"Poison Potion"},{"floor":11,"key":"Ancient Potion"}],"is_trial":false,"path_per_floor":["M","?","M","M","?","E","R","E","T","M","M","?","$","M","R"],"character_chosen":"DEFECT","items_purchased":["Hologram"],"campfire_rested":1,"item_purchase_floors":[13],"current_hp_per_floor":[53,46,44,58,58,51,51,39,39,19,5,5,5,3,24,0],"gold":185,"neow_bonus":"","is_prod":false,"is_daily":false,"chose_seed":false,"campfire_upgraded":1,"win_rate":0,"timestamp":1535913577,"path_taken":["M","?","?","M","?","E","R","E","T","M","M","?","?","M","R","BOSS"],"build_version":"2018-08-30","purchased_purges":0,"victory":false,"max_hp_per_floor":[71,71,71,71,71,71,71,71,71,71,71,71,71,71,71,71],"card_choices":[{"not_picked":["Lockon","Heatsinks"],"picked":"Chill","floor":1},{"not_picked":["Streamline","Compile Driver"],"picked":"Tempest","floor":3},{"not_picked":["Reinforced Body","Streamline"],"picked":"Ball Lightning","floor":4},{"not_picked":["Gash","Redo"],"picked":"Steam Power","floor":6},{"not_picked":["Fission","Scrape","Stack"],"picked":"Loop","floor":8},{"not_picked":["Ball Lightning","Beam Cell","Barrage"],"picked":"Stack","floor":10},{"not_picked":["Streamline","Rip and Tear","Rebound"],"picked":"Stack","floor":11},{"not_picked":["Rebound","Steam Power","Compile Driver"],"picked":"Conserve Battery","floor":14}],"player_experience":864588,"relics_obtained":[{"floor":6,"key":"Question Card"},{"floor":8,"key":"Nunchaku"},{"floor":9,"key":"Singing Bowl"}],"event_choices":[{"event_name":"Scrap Ooze","player_choice":"success","floor":2,"damage_taken":7},{"event_name":"Living Wall","player_choice":"Grow","floor":5,"damage_taken":0},{"event_name":"World of Goop","player_choice":"Left","floor":12,"damage_taken":0}],"is_beta":false,"boss_relics":[],"items_purged_floors":[],"is_endless":false,"potions_floor_spawned":[1,3,4,10,11],"killed_by":"Slime Boss","ascension_level":14}