{"path_per_floor":["M","M","M","?","?","R","E","R","T","M","M","?","R","M","R","B",null,"M","M","M","?","M","R","?","R","T","M","R","E","R","?","R","B",null,"M","M","?","?","$","R","M","?","T","M","$","R","?","M","R"],"character_chosen":"THE_SILENT","items_purchased":["Cloak And Dagger","Mango","Happy Flower","Adrenaline","Accuracy"],"gold_per_floor":[113,128,138,138,138,138,163,163,186,196,212,212,212,224,224,329,329,349,360,374,374,391,391,391,391,391,406,406,441,441,441,441,540,570,580,592,592,592,204,204,218,218,272,292,42,42,42,62,62,62],"floor_reached":50,"campfire_rested":4,"playtime":2425,"current_hp_per_floor":[70,70,70,52,52,52,43,43,43,42,44,30,30,32,53,55,70,56,45,38,38,38,59,59,59,59,49,49,39,60,60,60,41,75,56,54,54,54,68,68,70,70,70,60,60,60,60,61,87,0],"items_purged":["Writhe"],"gold":62,"score":562,"play_id":"83ec5813-5cf8-4ea6-8e01-c636d1ec849d","local_time":"20180419115101","is_prod":false,"is_daily":false,"chose_seed":false,"is_ascension_mode":false,"campfire_upgraded":8,"timestamp":1524131461,"path_taken":["M","M","M","?","?","R","E","R","T","M","M","?","R","?","R","BOSS","M","M","M","?","?","R","?","R","T","?","R","E","R","?","R","BOSS","M","M","?","?","$","R","?","?","T","M","$","R","?","M","R","BOSS"],"build_version":"2018-04-12","seed_source_timestamp":16509301768919,"purchased_purges":1,"victory":false,"master_deck":["Defend_G+1","Defend_G","Defend_G","Defend_G","Defend_G","Survivor+1","Neutralize+1","Poisoned Stab+1","Blade Dance+1","Bane+1","Slice","Cloak And Dagger+1","Footwork+1","Terror","A Thousand Cuts+1","Setup+1","Cloak And Dagger+1","Backflip+1","Bite+1","Bite","Bite","Bite","Bite","Flechettes+1","Accuracy+1","Glass Knife+1","Predator","Cloak And Dagger","Footwork+1","Adrenaline","Accuracy+1","Flash of Steel","Blade Dance+1"],"max_hp_per_floor":[70,70,70,70,70,70,70,70,70,70,70,70,70,70,70,70,70,70,70,70,70,70,70,70,70,70,70,70,70,70,70,70,70,75,75,75,75,75,89,89,89,89,89,89,89,89,89,89,89,89],"relics":["Ring of the Snake","Ancient Tea Set","Dodecahedron","Cursed Key","The Courier","Vajra","Tiny House","Mango","Happy Flower","Pen Nib"],"card_choices":[{"not_picked":["Expertise","Underhanded Strike"],"picked":"Poisoned Stab","floor":1},{"not_picked":["Concentrate","Prepared"],"picked":"Blade Dance","floor":2},{"not_picked":["Blade Dance","Crippling Poison"],"picked":"Bane","floor":3},{"not_picked":["Prepared","Acrobatics"],"picked":"Slice","floor":7},{"not_picked":["Terror","Backflip"],"picked":"Cloak And Dagger","floor":10},{"not_picked":["Bane","Acrobatics"],"picked":"Footwork","floor":11},{"not_picked":["Slice","Crippling Poison"],"picked":"Terror","floor":14},{"not_picked":["Tools of the Trade","Night Terror"],"picked":"A Thousand Cuts","floor":16},{"not_picked":["Reflex","Quick Slash"],"picked":"Setup","floor":19},{"not_picked":["Footwork","Outmaneuver"],"picked":"Cloak And Dagger","floor":20},{"not_picked":["Quick Slash","Distraction"],"picked":"Backflip","floor":22},{"not_picked":["Dodge and Roll","Dagger Spray"],"picked":"Flechettes","floor":27},{"not_picked":["Leg Sweep","Sucker Punch"],"picked":"Accuracy","floor":29},{"not_picked":["Die Die Die","Envenom"],"picked":"Glass Knife","floor":33},{"not_picked":["Acrobatics","Bane"],"picked":"Predator","floor":36},{"not_picked":["Poisoned Stab","Prepared"],"picked":"Footwork","floor":41},{"not_picked":["Madness","Master of Strategy"],"picked":"Flash of Steel","floor":47},{"not_picked":["Prepared","Dagger Spray"],"picked":"Blade Dance","floor":48}],"player_experience":485004,"potions_floor_usage":[7,16,19,19,20,22,33,44,50,50,50],"damage_taken":[{"damage":0,"enemies":"2 Louse","floor":1,"turns":3},{"damage":0,"enemies":"Jaw Worm","floor":2,"turns":4},{"damage":0,"enemies":"Small Slimes","floor":3,"turns":3},{"damage":21,"enemies":"Gremlin Nob","floor":7,"turns":5},{"damage":3,"enemies":"Red Slaver","floor":10,"turns":4},{"damage":0,"enemies":"Large Slime","floor":11,"turns":6},{"damage":0,"enemies":"3 Louse","floor":14,"turns":3},{"damage":0,"enemies":"Slime Boss","floor":16,"turns":5},{"damage":14,"enemies":"2 Thieves","floor":18,"turns":4},{"damage":13,"enemies":"Spheric Guardian","floor":19,"turns":4},{"damage":9,"enemies":"Cultist and Chosen","floor":20,"turns":9},{"damage":2,"enemies":"Snecko","floor":22,"turns":4},{"damage":16,"enemies":"Snake Plant","floor":27,"turns":4},{"damage":18,"enemies":"Book of Stabbing","floor":29,"turns":4},{"damage":33,"enemies":"Collector","floor":33,"turns":9},{"damage":23,"enemies":"3 Darklings","floor":35,"turns":4},{"damage":5,"enemies":"Orb Walker","floor":36,"turns":3},{"damage":0,"enemies":"Sphere and 2 Shapes","floor":41,"turns":3},{"damage":17,"enemies":"4 Shapes","floor":44,"turns":4},{"damage":3,"enemies":"Maw","floor":48,"turns":5},{"damage":122,"enemies":"Donu and Deca","floor":50,"turns":8}],"event_choices":[{"event_name":"Scrap Ooze","player_choice":"success","floor":4,"damage_taken":18},{"event_name":"Wheel of Change","player_choice":"Card Removal","floor":5,"damage_taken":0},{"event_name":"Shining Light","player_choice":"Entered Light","floor":12,"damage_taken":0},{"event_name":"Upgrade Shrine","player_choice":"Upgraded","floor":21,"damage_taken":0},{"event_name":"Vampires","player_choice":"Became a vampire (Vial)","floor":24,"damage_taken":0},{"event_name":"Accursed Blacksmith","player_choice":"Forge","floor":31,"damage_taken":0},{"event_name":"Purifier","player_choice":"One Purge","floor":37,"damage_taken":0},{"event_name":"Mysterious Sphere","player_choice":"Ignore","floor":38,"damage_taken":0},{"event_name":"Tomb of Lord Red Mask","player_choice":"Ignored","floor":42,"damage_taken":0},{"event_name":"SensoryStone","player_choice":"Memory 1","floor":47,"damage_taken":0}],"boss_relics":[{"not_picked":["Runic Dome","Eternal Feather"],"picked":"Cursed Key"},{"not_picked":["Astrolabe","Calling Bell"],"picked":"Tiny House"}],"potions_floor_spawned":[1,10,11,14,19,20,27,29,35,48],"seed_played":"-3627681978624779419","killed_by":"Donu and Deca","ascension_level":0,"is_trial":false}