{"gold_per_floor":[210,210,1,16,31,62,62,97,124,156,156,18,33,33,33,33],"floor_reached":16,"playtime":717,"items_purged":[],"score":236,"play_id":"490c0823-e1e3-46aa-ad4f-e99ef30ad6d1","local_time":"20181117141845","is_ascension_mode":true,"campfire_choices":[{"floor":7.0,"key":"REST"},{"floor":15.0,"key":"REST"}],"neow_cost":"NONE","seed_source_timestamp":20236656193651,"circlet_count":0,"master_deck":["AscendersBane","Defend_G","Defend_G","Defend_G","Defend_G+1","Defend_G","Strike_G","Strike_G","Strike_G+1","Strike_G","Strike_G","Survivor","Neutralize","Infinite Blades+1","Footwork","Dash","All Out Attack","Masterful Stab+1","Cloak And Dagger","Dodge and Roll","Malaise","Infinite Blades","Infinite Blades"],"special_seed":0,"relics":["Ring of the Snake","Centennial Puzzle","Happy Flower","Strawberry","Whetstone"],"potions_floor_usage":[16,16],"damage_taken":[{"damage":0.0,"enemies":"2 Louse","floor":1.0,"turns":5.0},{"damage":4.0,"enemies":"Cultist","floor":4.0,"turns":5.0},{"damage":1.0,"enemies":"Small Slimes","floor":5.0,"turns":3.0},{"damage":25.0,"enemies":"Lagavulin","floor":6.0,"turns":9.0},{"damage":13.0,"enemies":"3 Sentries","floor":8.0,"turns":7.0},{"damage":19.0,"enemies":"Gremlin Nob","floor":10.0,"turns":6.0},{"damage":0.0,"enemies":"Exordium Wildlife","floor":13.0,"turns":2.0},{"damage":33,"enemies":"Slime Boss","floor":16,"turns":3}],"seed_played":"-8957964680361658461","potions_obtained":[{"floor":1.0,"key":"Block Potion"},{"floor":2.0,"key":"Swift Potion"},{"floor":5.0,"key":"GhostInAJar"},{"floor":10.0,"key":"SkillPotion"}],"is_trial":false,"path_per_floor":["M","?","$","M","M","E","R","E","T","E","?","$","M","?","R","B"],"character_chosen":"THE_SILENT","items_purchased":["Footwork","Dash","All Out Attack","Infinite Blades","Fire Potion"],"campfire_rested":2,"item_purchase_floors":[3,3,3,12,12],"current_hp_per_floor":[59,59,59,55,54,29,48,35,42,23,1,1,1,1,22,0],"gold":33,"neow_bonus":"HUNDRED_GOLD","is_prod":false,"is_daily":false,"chose_seed":false,"campfire_upgraded":0,"win_rate":0,"timestamp":1542460725,"path_taken":["M","?","$","M","?","E","R","E","T","E","?","?","M","?","R","BOSS"],"build_version":"2018-11-15","purchased_purges":0,"victory":false,"max_hp_per_floor":[66,66,66,66,66,66,66,66,73,73,73,73,73,73,73,73],"card_choices":[{"not_picked":["Masterful Stab","Accuracy"],"picked":"Infinite Blades","floor":1.0},{"not_picked":["All Out Attack","Reflex"],"picked":"Masterful Stab","floor":4.0},{"not_picked":["Blade Dance","Quick Slash","Sucker Punch"],"picked":"SKIP","floor":5.0},{"not_picked":["Tools of the Trade","Distraction"],"picked":"Cloak And Dagger","floor":6.0},{"not_picked":["Venomology","Expertise"],"picked":"Dodge and Roll","floor":8.0},{"not_picked":["Backflip","Setup"],"picked":"Malaise","floor":10.0},{"not_picked":["Calculated Gamble","Flying Knee"],"picked":"Infinite Blades","floor":13.0}],"player_experience":1791018,"relics_obtained":[{"floor":6.0,"key":"Centennial Puzzle"},{"floor":8.0,"key":"Happy Flower"},{"floor":9.0,"key":"Strawberry"},{"floor":10.0,"key":"Whetstone"}],"event_choices":[{"damage_healed":0.0,"max_hp_gain":0.0,"max_hp_loss":0.0,"gold_gain":0.0,"event_name":"Lab","player_choice":"Got Potions","floor":2.0,"gold_loss":0.0,"damage_taken":0.0},{"damage_healed":0.0,"max_hp_gain":0.0,"max_hp_loss":0.0,"gold_gain":0.0,"event_name":"Shining Light","player_choice":"Entered Light","floor":11.0,"gold_loss":0.0,"damage_taken":22.0,"cards_upgraded":["Infinite Blades","Defend_G"]},{"damage_healed":0.0,"max_hp_gain":0.0,"max_hp_loss":0.0,"gold_gain":0.0,"event_name":"Match and Keep!","player_choice":"0 cards matched","floor":14.0,"gold_loss":0.0,"damage_taken":0.0,"cards_obtained":[]}],"is_beta":false,"boss_relics":[],"items_purged_floors":[],"is_endless":false,"potions_floor_spawned":[1,4,5,10],"killed_by":"Slime Boss","ascension_level":20}