{"gold_per_floor":[119,119,134,147,165,165,165,165,233,266,266,277,352,372,372,445,445,385,405,455,143,177,177,208,28,28,28,28,47,47,61,61,137,137,150,25,44,44,44,44,63,63,63,63,63,63],"floor_reached":46,"playtime":2300,"items_purged":["Decay","Injury","Injury"],"score":803,"play_id":"a46c75d2-dac3-4e45-b3e5-f68f8fbbae13","local_time":"20180713013629","is_ascension_mode":true,"campfire_choices":[{"data":"Glacier","floor":6.0,"key":"SMITH"},{"data":"Zap","floor":8.0,"key":"SMITH"},{"data":"Coolheaded","floor":11.0,"key":"SMITH"},{"data":"Creative AI","floor":15.0,"key":"SMITH"},{"data":"Defragment","floor":23.0,"key":"SMITH"},{"floor":27,"key":"REST"},{"data":"Defragment","floor":30,"key":"SMITH"},{"floor":32,"key":"REST"},{"data":"Buffer","floor":40,"key":"SMITH"},{"data":"Capacitor","floor":42,"key":"SMITH"},{"floor":44,"key":"DIG"}],"neow_cost":"NONE","seed_source_timestamp":245705441329528,"circlet_count":0,"master_deck":["Strike_B","Strike_B","Strike_B","Strike_B","Defend_B","Defend_B","Zap+1","Dualcast","AscendersBane","Glacier+1","Self Repair","Rebound","Coolheaded+1","Creative AI+1","Beam Cell","Machine Learning","Defragment+1","Chill+1","Hologram+1","Good Instincts+1","Streamline","Melter","Leap+1","Defragment+1","Capacitor+1","All For One","Buffer+1","Streamline+1","Chrysalis+1"],"special_seed":0,"relics":["White Beast Statue","Mercury Hourglass","Orichalcum","Calling Bell","Bronze Scales","Toxic Egg 2","Shovel","Red Mask","Boot","Oddly Smooth Stone","Snecko Eye","Frozen Egg 2","Blue Candle","Gambling Chip"],"potions_floor_usage":[29,37,37],"damage_taken":[{"damage":4.0,"enemies":"Small Slimes","floor":1.0,"turns":4.0},{"damage":0.0,"enemies":"2 Louse","floor":3.0,"turns":6.0},{"damage":3.0,"enemies":"Cultist","floor":4.0,"turns":5.0},{"damage":15.0,"enemies":"Large Slime","floor":5.0,"turns":10.0},{"damage":2.0,"enemies":"3 Sentries","floor":10.0,"turns":7.0},{"damage":0.0,"enemies":"Exordium Thugs","floor":12.0,"turns":5.0},{"damage":5.0,"enemies":"Gremlin Gang","floor":14.0,"turns":4.0},{"damage":31.0,"enemies":"Slime Boss","floor":16.0,"turns":12.0},{"damage":14.0,"enemies":"2 Thieves","floor":18.0,"turns":4.0},{"damage":14.0,"enemies":"Spheric Guardian","floor":19.0,"turns":6.0},{"damage":2.0,"floor":22.0,"turns":5.0},{"damage":45.0,"enemies":"Book of Stabbing","floor":24.0,"turns":8.0},{"damage":9,"enemies":"3 Cultists","floor":29,"turns":6},{"damage":22,"enemies":"Snake Plant","floor":31,"turns":5},{"damage":6,"enemies":"Champ","floor":33,"turns":13},{"damage":28,"enemies":"3 Darklings","floor":35,"turns":7},{"damage":0,"enemies":"3 Shapes","floor":37,"turns":4},{"damage":0,"enemies":"Spire Growth","floor":41,"turns":3},{"damage":59,"enemies":"Transient","floor":46,"turns":3}],"seed_played":"1540334310588552849","potions_obtained":[{"floor":1.0,"key":"Swift Potion"},{"floor":3.0,"key":"EssenceOfSteel"},{"floor":10.0,"key":"GamblersBrew"},{"floor":19.0,"key":"Fire Potion"},{"floor":22.0,"key":"Ancient Potion"},{"floor":29,"key":"AttackPotion"},{"floor":31,"key":"Fire Potion"},{"floor":35,"key":"Explosive Potion"},{"floor":37,"key":"FearPotion"},{"floor":41,"key":"Energy Potion"}],"is_trial":false,"path_per_floor":["M","?","M","M","M","R","?","R","T","E","R","M","?","M","R","B",null,"M","M","?","$","?","R","E","$","T","R","?","M","R","M","R","B",null,"M","$","M","?","T","R","M","R","T","R","?"],"character_chosen":"DEFECT","items_purchased":["Hologram+1","Good Instincts+1","Streamline","Melter","Capacitor"],"campfire_rested":2,"item_purchase_floors":[21,21,21,21,25],"current_hp_per_floor":[60,60,60,64,56,56,56,56,56,61,61,68,57,52,52,28,60,53,46,46,46,51,51,13,13,13,34,34,32,32,17,38,39,63,42,42,49,49,49,49,56,56,56,56,56,0],"gold":63,"neow_bonus":"BOSS_RELIC","is_prod":false,"is_daily":false,"chose_seed":false,"campfire_upgraded":8,"win_rate":0,"timestamp":1531470989,"path_taken":["M","?","M","M","?","R","?","R","T","E","R","M","?","M","R","BOSS","M","M","?","$","?","R","E","$","T","R","?","?","R","M","R","BOSS","M","$","?","?","?","R","M","R","T","R","?","M"],"build_version":"2018-07-12","purchased_purges":3,"victory":false,"max_hp_per_floor":[71,71,71,71,71,71,71,71,71,71,71,71,71,71,71,71,71,71,71,71,71,71,71,71,71,71,71,71,71,71,71,71,71,71,71,71,71,71,71,71,71,71,71,71,71,71],"card_choices":[{"not_picked":["Hologram","Steam"],"picked":"Glacier","floor":1.0},{"not_picked":["Ball Lightning","Go for the Eyes"],"picked":"Self Repair","floor":3.0},{"not_picked":["Steam","Lockon"],"picked":"Rebound","floor":4.0},{"not_picked":["Redo","Lockon"],"picked":"Coolheaded","floor":10.0},{"not_picked":["Turbo","Aggregate"],"picked":"Creative AI","floor":12.0},{"not_picked":["Coolheaded","Lockon"],"picked":"Beam Cell","floor":14.0},{"not_picked":["Thunder Strike","All For One"],"picked":"Machine Learning","floor":16.0},{"not_picked":["Rebound","Turbo+1"],"picked":"Defragment","floor":18.0},{"not_picked":["Skim+1","Ball Lightning"],"picked":"Chill+1","floor":19.0},{"not_picked":["Barrage+1","Auto Shields+1"],"picked":"Leap+1","floor":22.0},{"not_picked":["Reinforced Body+1","Compile Driver"],"picked":"Defragment","floor":24.0},{"not_picked":["Ball Lightning","Sweeping Beam"],"picked":"All For One","floor":31},{"not_picked":["Rainbow+1","Creative AI"],"picked":"Buffer","floor":33},{"not_picked":["Compile Driver","Tempest+1"],"picked":"Streamline+1","floor":35},{"not_picked":["Sadistic Nature","Deep Breath+1"],"picked":"Chrysalis+1","floor":38}],"player_experience":618805,"relics_obtained":[{"floor":9.0,"key":"Mercury Hourglass"},{"floor":10.0,"key":"Orichalcum"},{"floor":17.0,"key":"Bronze Scales"},{"floor":17.0,"key":"Toxic Egg 2"},{"floor":17.0,"key":"Shovel"},{"floor":22.0,"key":"Red Mask"},{"floor":24.0,"key":"Boot"},{"floor":26,"key":"Oddly Smooth Stone"},{"floor":39,"key":"Frozen Egg 2"},{"floor":43,"key":"Blue Candle"},{"floor":44,"key":"Gambling Chip"}],"event_choices":[{"event_name":"Liars Game","player_choice":"disagreed","floor":2.0,"damage_taken":0.0},{"event_name":"Bonfire Elementals","player_choice":"BASIC","floor":7.0,"damage_taken":0.0},{"event_name":"World of Goop","player_choice":"Gather Gold","floor":13.0,"damage_taken":0.0},{"event_name":"The Joust","player_choice":"Bet on Murderer","floor":20.0,"damage_taken":0.0},{"event_name":"Masked Bandits","player_choice":"Fought over 143 gold","floor":22.0,"damage_taken":0.0},{"event_name":"The Mausoleum","player_choice":"No","floor":28,"damage_taken":0},{"event_name":"SensoryStone","player_choice":"Memory 1","floor":38,"damage_taken":0},{"event_name":"Falling","player_choice":"Removed Skill","floor":45,"damage_taken":0}],"boss_relics":[{"not_picked":["Empty Cage","Lizard Tail"],"picked":"Calling Bell"},{"not_picked":["Runic Dome","Runic Pyramid"],"picked":"Snecko Eye"}],"items_purged_floors":[21,25,36],"is_endless":false,"potions_floor_spawned":[1,3,4,5,10,12,14,16,18,19,22,24,29,31,33,35,37,41],"killed_by":"Transient","ascension_level":15}