{"gold_per_floor":[112,112,112,124,74,109,109,122,122,149,149,6,22,22,22,117,117,129,129,0,0,15,15,15,30,111,111,129,129,228,248,248,349,399,399,399,399,46,0,32,32,52,52,13,27,45,45,45],"floor_reached":48,"playtime":2584,"items_purged":[],"score":541,"play_id":"b53320bf-1c53-4316-9307-4a26baf8076f","local_time":"20190131215247","is_ascension_mode":false,"campfire_choices":[{"data":"Fusion","floor":7,"key":"SMITH"},{"floor":15,"key":"RECALL"},{"data":"Hello World","floor":23,"key":"SMITH"},{"floor":29,"key":"REST"},{"floor":32,"key":"REST"},{"data":"Redo","floor":41,"key":"SMITH"}],"neow_cost":"NONE","seed_source_timestamp":263205533890554,"circlet_count":0,"master_deck":["Strike_B","Strike_B","Strike_B","Defend_B","Defend_B","Zap","Dualcast","Coolheaded","Melter","Fusion+1","Auto Shields","Hello World+1","Steam Power+1","Cold Snap","Thunder Strike","Cold Snap+1","Auto Shields","Loop","Double Energy+1","Static Discharge","Meteor Strike","BootSequence+1","Transmutation","Redo+1","Redo+1","Storm","Ball Lightning+1"],"relics":["Cracked Core","NeowsBlessing","Meat on the Bone","Bird Faced Urn","Pear","Bag of Preparation","Juzu Bracelet","Lizard Tail","Question Card","Enchiridion","Tiny House","Toolbox","Oddly Smooth Stone","Red Mask","Bronze Scales","Mercury Hourglass","NlothsMask"],"potions_floor_usage":[16,33,33,35,45,45],"damage_taken":[{"damage":0,"enemies":"Jaw Worm","floor":1,"turns":1},{"damage":0,"enemies":"Small Slimes","floor":4,"turns":1},{"damage":0,"enemies":"3 Sentries","floor":6,"turns":1},{"damage":0,"enemies":"2 Louse","floor":8,"turns":2},{"damage":11,"enemies":"Lagavulin","floor":10,"turns":6},{"damage":7,"enemies":"Blue Slaver","floor":13,"turns":4},{"damage":31,"enemies":"Hexaghost","floor":16,"turns":14},{"damage":39,"enemies":"3 Byrds","floor":18,"turns":7},{"damage":12,"enemies":"Shell Parasite","floor":22,"turns":5},{"damage":18,"enemies":"Cultist and Chosen","floor":25,"turns":11},{"damage":25,"enemies":"Shelled Parasite and Fungi","floor":28,"turns":8},{"damage":21,"enemies":"3 Cultists","floor":31,"turns":8},{"damage":81,"enemies":"Champ","floor":33,"turns":14},{"damage":0,"enemies":"3 Darklings","floor":35,"turns":2},{"damage":36,"enemies":"Giant Head","floor":40,"turns":8},{"damage":14,"enemies":"3 Shapes","floor":42,"turns":6},{"damage":18,"enemies":"Jaw Worm Horde","floor":45,"turns":4},{"damage":46,"enemies":"Spire Growth","floor":46,"turns":4},{"damage":87,"enemies":"Reptomancer","floor":48,"turns":4}],"seed_played":"6593433911735619160","potions_obtained":[{"floor":6,"key":"SpeedPotion"},{"floor":13,"key":"SkillPotion"},{"floor":28,"key":"Dexterity Potion"},{"floor":31,"key":"Dexterity Potion"},{"floor":33,"key":"EssenceOfSteel"},{"floor":34,"key":"SmokeBomb"},{"floor":42,"key":"Swift Potion"}],"is_trial":false,"path_per_floor":["M","?","?","M","?","E","R","M","T","E","?","$","M","?","R","B",null,"M","?","?","?","M","R","T","M","T","?","M","R","?","M","R","B",null,"M","?","?","$","?","E","R","M","T","$","M","M","?","E"],"character_chosen":"DEFECT","items_purchased":["Juzu Bracelet","Toolbox","Oddly Smooth Stone","Storm"],"campfire_rested":2,"item_purchase_floors":[12,38,38,44],"current_hp_per_floor":[75,75,68,68,68,68,68,68,78,67,67,67,62,62,62,45,85,48,76,76,76,66,66,66,50,50,34,39,64,64,49,74,13,90,90,81,81,81,81,57,57,51,51,51,47,21,21,0],"gold":45,"neow_bonus":"THREE_ENEMY_KILL","is_prod":false,"is_daily":false,"chose_seed":false,"campfire_upgraded":3,"win_rate":0,"timestamp":1548924767,"path_taken":["M","?","?","M","?","E","R","?","T","E","?","$","M","?","R","BOSS","M","?","?","?","M","R","?","M","T","?","M","R","?","M","R","BOSS","M","?","?","$","?","E","R","M","T","$","M","M","?","E"],"build_version":"2019-01-23","purchased_purges":0,"victory":false,"max_hp_per_floor":[75,75,75,75,75,75,75,75,85,85,85,85,85,85,85,85,85,85,85,85,85,85,85,85,85,85,85,85,85,85,85,85,85,90,90,90,90,90,90,90,90,90,90,90,90,90,90,90],"card_choices":[{"not_picked":["Streamline","Go for the Eyes"],"picked":"Coolheaded","floor":1},{"not_picked":["Rebound","Coolheaded"],"picked":"Melter","floor":4},{"not_picked":["Go for the Eyes","Redo"],"picked":"Fusion","floor":6},{"not_picked":["Hologram","Consume"],"picked":"Auto Shields","floor":8},{"not_picked":["Redo","Reprogram"],"picked":"Hello World","floor":10},{"not_picked":["Reprogram","Rip and Tear"],"picked":"Cold Snap","floor":13},{"not_picked":["Biased Cognition","Multi-Cast"],"picked":"Thunder Strike","floor":16},{"not_picked":["Hologram","Stack"],"picked":"Cold Snap+1","floor":18},{"not_picked":["Chaos","Barrage"],"picked":"Auto Shields","floor":22},{"not_picked":["Doom and Gloom","Streamline+1"],"picked":"Loop","floor":25},{"not_picked":["Skim","Hologram","Leap"],"picked":"Double Energy+1","floor":28},{"not_picked":["Beam Cell","Go for the Eyes","Force Field"],"picked":"Static Discharge","floor":31},{"not_picked":["Reboot","Machine Learning","Multi-Cast"],"picked":"Meteor Strike","floor":33},{"not_picked":["Sweeping Beam","Go for the Eyes+1","Rebound"],"picked":"BootSequence+1","floor":34},{"not_picked":["Discovery","Violence","Deep Breath"],"picked":"Transmutation","floor":37},{"not_picked":["Turbo","Go for the Eyes","Auto Shields+1"],"picked":"Redo","floor":40},{"not_picked":["Auto Shields","Aggregate+1","Multi-Cast"],"picked":"Redo+1","floor":42},{"not_picked":["Go for the Eyes","Static Discharge","Beam Cell"],"picked":"Ball Lightning+1","floor":45},{"not_picked":["Rebound","Cold Snap+1","Turbo+1","Hologram"],"picked":"SKIP","floor":46}],"player_experience":608718,"relics_obtained":[{"floor":6,"key":"Bird Faced Urn"},{"floor":9,"key":"Pear"},{"floor":10,"key":"Bag of Preparation"},{"floor":26,"key":"Question Card"},{"floor":27,"key":"Enchiridion"},{"floor":40,"key":"Bronze Scales"},{"floor":43,"key":"Mercury Hourglass"}],"event_choices":[{"damage_healed":0,"gold_gain":0,"player_choice":"Box","damage_taken":0,"relics_obtained":["Meat on the Bone"],"max_hp_gain":0,"max_hp_loss":0,"event_name":"Big Fish","floor":2,"gold_loss":0,"cards_obtained":["Regret"]},{"cards_removed":["Regret"],"damage_healed":0,"gold_gain":0,"player_choice":"Card Removal","damage_taken":7,"max_hp_gain":0,"max_hp_loss":0,"event_name":"Golden Wing","floor":3,"gold_loss":0},{"cards_removed":["Strike_B"],"damage_healed":0,"gold_gain":0,"player_choice":"Card Removal","damage_taken":0,"max_hp_gain":0,"max_hp_loss":0,"event_name":"The Cleric","floor":5,"gold_loss":50},{"damage_healed":0,"gold_gain":0,"cards_transformed":["Defend_B"],"player_choice":"Change","damage_taken":0,"max_hp_gain":0,"max_hp_loss":0,"event_name":"Living Wall","floor":11,"gold_loss":0,"cards_obtained":["Steam Power"]},{"damage_healed":0,"gold_gain":0,"player_choice":"Ignored","damage_taken":0,"max_hp_gain":0,"max_hp_loss":0,"event_name":"Shining Light","floor":14,"gold_loss":0},{"damage_healed":28,"gold_gain":0,"player_choice":"Heal","damage_taken":0,"max_hp_gain":0,"max_hp_loss":0,"event_name":"The Library","floor":19,"gold_loss":0},{"damage_healed":0,"gold_gain":0,"player_choice":"Paid Fearfully","damage_taken":0,"max_hp_gain":0,"max_hp_loss":0,"event_name":"Masked Bandits","floor":20,"gold_loss":129},{"cards_removed":["Defend_B"],"damage_healed":0,"gold_gain":0,"player_choice":"Elegance","damage_taken":0,"max_hp_gain":0,"max_hp_loss":0,"event_name":"Back to Basics","floor":21,"gold_loss":0},{"damage_healed":0,"gold_gain":0,"player_choice":"Obtained Book","damage_taken":16,"max_hp_gain":0,"max_hp_loss":0,"event_name":"Cursed Tome","floor":27,"gold_loss":0},{"damage_healed":0,"gold_gain":99,"player_choice":"Stole From Cult","damage_taken":0,"max_hp_gain":0,"max_hp_loss":0,"event_name":"Nest","floor":30,"gold_loss":0},{"damage_healed":0,"gold_gain":0,"player_choice":"Damaged","damage_taken":9,"max_hp_gain":0,"max_hp_loss":0,"event_name":"Wheel of Change","floor":36,"gold_loss":0},{"damage_healed":0,"gold_gain":0,"player_choice":"Memory 1","damage_taken":0,"max_hp_gain":0,"max_hp_loss":0,"event_name":"SensoryStone","floor":37,"gold_loss":0},{"damage_healed":0,"gold_gain":0,"player_choice":"Paid","damage_taken":0,"relics_obtained":["Red Mask"],"max_hp_gain":0,"max_hp_loss":0,"event_name":"Tomb of Lord Red Mask","floor":39,"gold_loss":46},{"damage_healed":0,"gold_gain":0,"player_choice":"Trade","damage_taken":0,"relics_obtained":["NlothsMask"],"max_hp_gain":0,"max_hp_loss":0,"event_name":"FaceTrader","floor":47,"gold_loss":0}],"is_beta":false,"boss_relics":[{"not_picked":["Ectoplasm","Philosopher\u0027s Stone"],"picked":"Lizard Tail"},{"not_picked":["Coffee Dripper","Runic Pyramid"],"picked":"Tiny House"}],"items_purged_floors":[],"is_endless":false,"potions_floor_spawned":[6,13,28,31,33,35,42],"killed_by":"Reptomancer","ascension_level":0}