{"gold_per_floor":[110,110,129,0,0,0,34,47,73,91,91,91,117,136,136,213,213,224,16,36,67,87,87,37,64,64,64],"floor_reached":27,"playtime":606,"items_purged":[],"score":532,"play_id":"73fee06e-f47a-4261-92fd-81a34642bc0b","local_time":"20190131001527","is_ascension_mode":true,"campfire_choices":[{"data":"Wild Strike","floor":6.0,"key":"SMITH"},{"data":"Perfected Strike","floor":11.0,"key":"SMITH"},{"data":"Wild Strike","floor":15.0,"key":"SMITH"},{"data":"Immolate","floor":23,"key":"SMITH"}],"neow_cost":"NONE","seed_source_timestamp":301965941886,"circlet_count":0,"master_deck":["AscendersBane","Strike_R","Strike_R","Strike_R","Strike_R","Strike_R","Defend_R","Defend_R","Defend_R","Defend_R","Bash+1","Wild Strike+1","Thunderclap","Metallicize","Shrug It Off","Perfected Strike+1","Wild Strike+1","Anger","Offering","Shrug It Off","Immolate+1","Feel No Pain+1","Disarm","Ghostly Armor","Feel No Pain","Battle Trance","Infernal Blade","Warcry","Seeing Red","Injury"],"special_seed":0,"relics":["Burning Blood","NeowsBlessing","Ancient Tea Set","Regal Pillow","Darkstone Periapt","Juzu Bracelet","Cursed Key","Red Mask","Vajra","Molten Egg 2"],"potions_floor_usage":[],"damage_taken":[{"damage":0.0,"enemies":"Small Slimes","floor":1.0,"turns":1.0},{"damage":0.0,"enemies":"Cultist","floor":3.0,"turns":1.0},{"damage":0.0,"enemies":"Lagavulin","floor":7.0,"turns":1.0},{"damage":0.0,"enemies":"2 Louse","floor":8.0,"turns":2.0},{"damage":27.0,"enemies":"Exordium Thugs","floor":10.0,"turns":4.0},{"damage":11.0,"enemies":"3 Sentries","floor":13.0,"turns":7.0},{"damage":6.0,"enemies":"3 Louse","floor":14.0,"turns":2.0},{"damage":15.0,"enemies":"Slime Boss","floor":16.0,"turns":6.0},{"damage":0.0,"enemies":"Chosen","floor":18.0,"turns":2.0},{"damage":26.0,"enemies":"3 Byrds","floor":20.0,"turns":6.0},{"damage":24.0,"enemies":"Masked Bandits","floor":21.0,"turns":3.0},{"damage":10,"enemies":"Snake Plant","floor":22,"turns":3},{"damage":29,"enemies":"Book of Stabbing","floor":25,"turns":5},{"damage":0,"enemies":"Slavers","floor":27,"turns":1}],"seed_played":"-5171634735223770672","potions_obtained":[{"floor":3.0,"key":"EssenceOfSteel"},{"floor":8.0,"key":"Energy Potion"},{"floor":16.0,"key":"Strength Potion"},{"floor":18.0,"key":"SkillPotion"},{"floor":20.0,"key":"Poison Potion"}],"is_trial":false,"path_per_floor":["M","?","M","$","?","R","E","M","T","M","R","T","E","M","R","B",null,"M","$","M","?","M","R","?","E","T","E"],"character_chosen":"IRONCLAD","items_purchased":["Metallicize","Shrug It Off","Disarm","Ghostly Armor","Feel No Pain"],"campfire_rested":0,"item_purchase_floors":[4,4,19,19,19],"current_hp_per_floor":[74,70,75,75,75,75,75,75,75,54,54,54,49,49,49,40,66,72,72,52,34,30,30,30,7,13,13],"gold":64,"neow_bonus":"THREE_ENEMY_KILL","is_prod":false,"is_daily":false,"chose_seed":false,"campfire_upgraded":4,"win_rate":0,"timestamp":1548922527,"path_taken":["M","?","?","?","?","R","E","M","T","?","R","?","E","M","R","BOSS","M","$","M","?","M","R","?","E","T","E"],"build_version":"2019-01-23","purchased_purges":0,"victory":false,"max_hp_per_floor":[75,75,75,75,75,75,75,75,75,75,75,75,75,75,75,75,75,75,75,75,75,75,75,75,75,81,81],"card_choices":[{"not_picked":["Clash","Hemokinesis"],"picked":"Wild Strike","floor":1.0},{"not_picked":["Clash","Warcry"],"picked":"Thunderclap","floor":3.0},{"not_picked":["Rampage","Body Slam"],"picked":"Perfected Strike","floor":7.0},{"not_picked":["Armaments","True Grit"],"picked":"Wild Strike","floor":8.0},{"not_picked":["Fire Breathing","Inflame"],"picked":"Anger","floor":10.0},{"not_picked":["Hemokinesis","Heavy Blade"],"picked":"Offering","floor":13.0},{"not_picked":["Cleave","Searing Blow"],"picked":"Shrug It Off","floor":14.0},{"not_picked":["Fiend Fire","Berserk"],"picked":"Immolate","floor":16.0},{"not_picked":["Blood for Blood","Headbutt"],"picked":"Feel No Pain+1","floor":18.0},{"not_picked":["Shrug It Off","Sentinel"],"picked":"Battle Trance","floor":20.0},{"not_picked":["Clash","Intimidate"],"picked":"Infernal Blade","floor":21.0},{"not_picked":["Entrench","Flex"],"picked":"Warcry","floor":22},{"not_picked":["Feel No Pain","Clothesline"],"picked":"Seeing Red","floor":25}],"player_experience":1069095,"relics_obtained":[{"floor":7.0,"key":"Ancient Tea Set"},{"floor":9.0,"key":"Regal Pillow"},{"floor":12.0,"key":"Darkstone Periapt"},{"floor":13.0,"key":"Juzu Bracelet"},{"floor":21.0,"key":"Red Mask"},{"floor":25,"key":"Vajra"},{"floor":26,"key":"Molten Egg 2"}],"event_choices":[{"damage_healed":0.0,"max_hp_gain":0.0,"max_hp_loss":0.0,"gold_gain":0.0,"event_name":"The Woman in Blue","player_choice":"Bought 0 Potions","floor":2.0,"gold_loss":0.0,"damage_taken":0.0},{"damage_healed":0.0,"max_hp_gain":0.0,"max_hp_loss":0.0,"gold_gain":0.0,"event_name":"Living Wall","player_choice":"Grow","floor":5.0,"gold_loss":0.0,"damage_taken":0.0,"cards_upgraded":["Bash"]},{"damage_healed":0.0,"max_hp_gain":0.0,"max_hp_loss":0.0,"gold_gain":0.0,"event_name":"Masked Bandits","player_choice":"Fought Bandits","floor":21.0,"gold_loss":0.0,"damage_taken":0.0},{"damage_healed":0,"gold_gain":0,"player_choice":"Bet on Murderer","damage_taken":0,"max_hp_gain":0,"max_hp_loss":0,"event_name":"The Joust","floor":24,"gold_loss":50}],"is_beta":true,"boss_relics":[{"not_picked":["Busted Crown","White Beast Statue"],"picked":"Cursed Key"}],"items_purged_floors":[],"is_endless":false,"potions_floor_spawned":[3,8,16,18,20],"killed_by":"Slavers","ascension_level":20}