{"gold_per_floor":[369,334,347,367,40,70,70,103,130,142,142,161,161,161,161,240,240,254,169,181,195,245,245,276,276,346,377,397,397,408,440,440,519,519,536,97,97,97,47,72,91,91,137,137,187,202,217,217,217,217],"floor_reached":51,"playtime":6169,"items_purged":["Strike_B","Darkness","Dualcast"],"score":1425,"play_id":"16aa4e04-e018-40e0-8225-4653052442f5","local_time":"20180911233333","is_ascension_mode":true,"campfire_choices":[{"data":"Defragment","floor":7.0,"key":"SMITH"},{"data":"Biased Cognition","floor":11.0,"key":"SMITH"},{"data":"Hologram","floor":13.0,"key":"SMITH"},{"floor":15.0,"key":"REST"},{"floor":23.0,"key":"REST"},{"floor":29.0,"key":"REST"},{"data":"Defragment","floor":32.0,"key":"SMITH"},{"floor":42,"key":"REST"},{"data":"Defragment","floor":44,"key":"SMITH"},{"floor":49,"key":"REST"}],"neow_cost":"PERCENT_DAMAGE","seed_source_timestamp":5445702380158,"circlet_count":0,"master_deck":["AscendersBane","Leap","Go for the Eyes","Defragment+1","Conserve Battery","Biased Cognition+1","Core Surge","Cold Snap","Hologram+1","Zap","Electrodynamics","Echo Form","Defragment+1","Sunder","Coolheaded","Go for the Eyes+1","Reboot","Defragment+1","Coolheaded+1","Machine Learning","Darkness","White Noise","Undo","Hologram","Leap","Chill","Go for the Eyes","Loop","Capacitor","Capacitor+1","Stack","Stack","Hologram+1","Buffer","Magnetism"],"special_seed":0,"relics":["Cracked Core","Toolbox","Regal Pillow","Smiling Mask","Anchor","Nuclear Battery","Happy Flower","Symbiotic Virus","Sundial","Dodecahedron","Pantograph","Pandora\u0027s Box","Mercury Hourglass","Mango","Darkstone Periapt","Bronze Scales"],"potions_floor_usage":[38],"damage_taken":[{"damage":2.0,"enemies":"Jaw Worm","floor":1.0,"turns":3.0},{"damage":4.0,"enemies":"Cultist","floor":3.0,"turns":5.0},{"damage":4.0,"enemies":"Small Slimes","floor":4.0,"turns":3.0},{"damage":27.0,"enemies":"3 Sentries","floor":6.0,"turns":12.0},{"damage":0.0,"enemies":"Gremlin Nob","floor":8.0,"turns":3.0},{"damage":0.0,"enemies":"Red Slaver","floor":10.0,"turns":3.0},{"damage":3.0,"enemies":"Large Slime","floor":12.0,"turns":5.0},{"damage":32.0,"enemies":"The Guardian","floor":16.0,"turns":9.0},{"damage":9.0,"enemies":"Chosen","floor":18.0,"turns":4.0},{"damage":22.0,"enemies":"Shell Parasite","floor":20.0,"turns":5.0},{"damage":8.0,"enemies":"Chosen and Byrds","floor":21.0,"turns":4.0},{"damage":20.0,"enemies":"Gremlin Leader","floor":24.0,"turns":5.0},{"damage":15.0,"enemies":"Book of Stabbing","floor":27.0,"turns":4.0},{"damage":0.0,"enemies":"3 Cultists","floor":28.0,"turns":3.0},{"damage":0.0,"enemies":"Snecko","floor":30.0,"turns":3.0},{"damage":4.0,"enemies":"Gremlin Leader","floor":31.0,"turns":6.0},{"damage":13,"enemies":"Champ","floor":33,"turns":11},{"damage":3,"enemies":"Orb Walker","floor":35,"turns":3},{"damage":0,"enemies":"Mind Bloom Boss Battle","floor":38,"turns":4},{"damage":39,"enemies":"2 Orb Walkers","floor":40,"turns":8},{"damage":13,"enemies":"3 Darklings","floor":41,"turns":4},{"damage":15,"enemies":"Transient","floor":46,"turns":6},{"damage":38,"enemies":"Reptomancer","floor":47,"turns":4},{"damage":17,"enemies":"Donu and Deca","floor":50,"turns":10}],"seed_played":"-5581766616572978207","potions_obtained":[{"floor":1.0,"key":"Fire Potion"},{"floor":4.0,"key":"SkillPotion"},{"floor":12.0,"key":"FocusPotion"},{"floor":18.0,"key":"Strength Potion"},{"floor":21.0,"key":"FocusPotion"},{"floor":28.0,"key":"SkillPotion"},{"floor":35,"key":"Block Potion"},{"floor":38,"key":"SteroidPotion"}],"is_trial":false,"path_per_floor":["M","?","M","M","$","E","R","E","T","M","R","M","R","?","R","B",null,"M","?","M","M","?","R","E","?","T","E","M","R","M","E","R","B",null,"M","$","?","?","$","E","M","R","T","R","?","M","M","?","R","B"],"character_chosen":"DEFECT","items_purchased":["Toolbox","Conserve Battery","Capacitor","Mercury Hourglass"],"campfire_rested":5,"item_purchase_floors":[5,5,36,36],"current_hp_per_floor":[44,61,57,53,53,26,26,26,26,26,26,23,23,23,59,27,60,51,51,29,21,21,57,37,37,37,22,22,58,58,54,54,58,68,65,65,65,85,85,46,33,73,73,73,73,58,20,20,60,68],"gold":217,"neow_bonus":"TWO_FIFTY_GOLD","is_prod":false,"is_daily":false,"chose_seed":false,"campfire_upgraded":5,"win_rate":0,"timestamp":1536701613,"path_taken":["M","?","M","M","$","E","R","E","T","M","R","M","R","?","R","BOSS","M","?","?","M","?","R","E","?","T","E","M","R","?","E","R","BOSS","M","$","?","?","?","E","?","R","T","R","?","M","M","?","R","BOSS"],"build_version":"2018-09-06","purchased_purges":3,"victory":true,"max_hp_per_floor":[71,71,71,71,71,71,71,71,71,71,71,71,71,71,71,71,71,71,71,71,71,71,71,71,71,71,71,71,71,71,71,71,71,71,71,71,71,85,85,85,85,85,85,85,85,85,85,85,85,85],"card_choices":[{"not_picked":["Darkness","Double Energy"],"picked":"Leap","floor":1.0},{"not_picked":["Barrage","Beam Cell"],"picked":"Go for the Eyes","floor":3.0},{"not_picked":["Aggregate","Hologram"],"picked":"Defragment","floor":4.0},{"not_picked":["Turbo","Steam"],"picked":"Biased Cognition","floor":6.0},{"not_picked":["White Noise","Redo"],"picked":"Core Surge","floor":8.0},{"not_picked":["Barrage","Darkness"],"picked":"Cold Snap","floor":10.0},{"not_picked":["Stack","BootSequence"],"picked":"Hologram","floor":12.0},{"not_picked":["Meteor Strike","Core Surge"],"picked":"Echo Form","floor":16.0},{"not_picked":["Heatsinks","Fusion"],"picked":"Defragment","floor":18.0},{"not_picked":["Lockon","Beam Cell"],"picked":"Sunder","floor":20.0},{"not_picked":["Sunder","Turbo"],"picked":"Coolheaded","floor":21.0},{"not_picked":["Barrage","All For One"],"picked":"Go for the Eyes+1","floor":24.0},{"not_picked":["Go for the Eyes","Sweeping Beam"],"picked":"Reboot","floor":27.0},{"not_picked":["Recycle","Doom and Gloom"],"picked":"Defragment","floor":28.0},{"not_picked":["Beam Cell","Barrage"],"picked":"Coolheaded+1","floor":30.0},{"not_picked":["Tempest","Reprogram"],"picked":"Darkness","floor":31.0},{"not_picked":["Multi-Cast","Meteor Strike"],"picked":"Machine Learning","floor":33},{"not_picked":["Self Repair","Undo"],"picked":"Loop","floor":35},{"not_picked":["Go for the Eyes","Ball Lightning+1"],"picked":"Capacitor+1","floor":38},{"not_picked":["Steam","Compile Driver"],"picked":"Stack","floor":40},{"not_picked":["Streamline+1","Consume"],"picked":"Stack","floor":41},{"not_picked":["BootSequence","Beam Cell"],"picked":"Hologram+1","floor":46},{"not_picked":["Conserve Battery","Sweeping Beam+1"],"picked":"Buffer","floor":47},{"not_picked":["Swift Strike","Dark Shackles"],"picked":"Magnetism","floor":48}],"player_experience":947968,"relics_obtained":[{"floor":6.0,"key":"Regal Pillow"},{"floor":8.0,"key":"Smiling Mask"},{"floor":9.0,"key":"Anchor"},{"floor":24.0,"key":"Symbiotic Virus"},{"floor":26.0,"key":"Sundial"},{"floor":27.0,"key":"Dodecahedron"},{"floor":31.0,"key":"Pantograph"},{"floor":38,"key":"Mango"},{"floor":40,"key":"Darkstone Periapt"},{"floor":43,"key":"Bronze Scales"}],"event_choices":[{"event_name":"The Cleric","player_choice":"Healed","floor":2.0,"damage_taken":0.0},{"event_name":"Match and Keep!","player_choice":"2 cards matched","floor":14.0,"damage_taken":0.0},{"event_name":"Addict","player_choice":"Obtained Relic","floor":19.0,"damage_taken":0.0},{"event_name":"Nest","player_choice":"Stole From Cult","floor":22.0,"damage_taken":0.0},{"event_name":"Vampires","player_choice":"Ignored","floor":25.0,"damage_taken":0.0},{"event_name":"Purifier","player_choice":"One Purge","floor":37,"damage_taken":0},{"event_name":"MindBloom","player_choice":"Fight","floor":38,"damage_taken":0},{"event_name":"Golden Shrine","player_choice":"Pray","floor":45,"damage_taken":0},{"event_name":"SensoryStone","player_choice":"Memory 1","floor":48,"damage_taken":0}],"is_beta":false,"boss_relics":[{"not_picked":["Velvet Choker","Tiny House"],"picked":"Nuclear Battery"},{"not_picked":["Philosopher\u0027s Stone","Calling Bell"],"picked":"Pandora\u0027s Box"}],"items_purged_floors":[5,36,39],"is_endless":false,"potions_floor_spawned":[1,4,6,12,18,21,27,28,35,38],"ascension_level":17}