{"path_per_floor":["M","M","M","M","?","E","?","E","T","E","M","E","M","?","R","B",null,"M","?","M","?","$","R","E","R","T","E","R","$","M","E","R","B",null,"M","?","M","$","M","R","M","E","T","E","R","?","E","?","R","B"],"character_chosen":"THE_SILENT","items_purchased":["Toolbox","Backstab","Infinite Blades"],"gold_per_floor":[114,129,144,159,159,189,189,219,219,249,264,294,309,384,384,484,484,499,499,514,514,74,74,104,104,104,134,134,34,49,79,79,179,179,194,194,209,84,99,99,114,144,144,174,174,503,533,533,533,533],"floor_reached":51,"campfire_rested":0,"playtime":3707,"current_hp_per_floor":[70,70,70,68,68,62,48,29,35,37,37,37,37,26,26,31,82,77,77,77,61,61,61,61,61,67,55,55,55,55,59,59,48,126,128,112,112,112,108,108,105,103,109,106,113,118,110,110,110,30],"items_purged":["Regret","Parasite","Normality"],"gold":533,"score":1121,"play_id":"acdff805-2019-4c49-8f61-fc730a9858a7","local_time":"20180325203620","daily_mods":["Heirloom","Cursed Run","Elite Swarm"],"is_prod":false,"is_daily":true,"is_ascension_mode":false,"campfire_upgraded":0,"timestamp":1522002980,"path_taken":["M","M","M","M","?","E","?","E","T","E","M","E","M","?","R","BOSS","M","?","M","?","$","R","E","R","T","E","R","$","?","E","R","BOSS","M","?","M","$","M","R","M","E","T","E","R","?","E","?","R","BOSS"],"build_version":"2018-03-22v2","purchased_purges":3,"victory":true,"master_deck":["Defend_G+1","Defend_G+1","Defend_G+1","Defend_G+1","Defend_G+1","Strike_G+1","Strike_G+1","Strike_G+1","Strike_G+1","Survivor","Neutralize","Blur","Dagger Throw+1","Heel Hook","Predator+1","Adrenaline","Die Die Die","Adrenaline","Sucker Punch","Die Die Die","Dash","Clumsy","Envenom","Skewer+1","Prepared+1","Backstab+1","Infinite Blades","Storm of Steel","Envenom","Flying Knee","Die Die Die","Pain","Decay","Clumsy","Madness+1","Madness+1","Choke+1","Doubt","A Thousand Cuts","Decay"],"max_hp_per_floor":[70,70,70,70,70,70,70,70,76,76,76,76,76,76,76,82,82,82,82,82,87,87,87,87,87,93,93,93,90,90,90,90,98,126,128,128,128,128,130,130,132,134,140,140,147,149,151,151,151,157],"relics":["Cursed Key","Darkstone Periapt","Du-Vu Doll","Girya","Dead Branch","Shovel","Bronze Scales","Orichalcum","Vajra","Lizard Tail","Toolbox","Dodecahedron","Bird Faced Urn","Oddly Smooth Stone","Whetstone","Toxic Egg 2","Singing Bowl","Calling Bell","Ancient Tea Set","Pear","Bag of Preparation","The Courier","Dream Catcher","Ginger","Blood Vial","Strawberry","Old Coin","Kunai","Art of War","Lantern"],"card_choices":[{"not_picked":["Deflect","Eviscerate"],"picked":"Blur","floor":1},{"not_picked":["Concentrate","Malaise"],"picked":"Dagger Throw","floor":2},{"not_picked":["Choke","Wraith Form"],"picked":"Heel Hook","floor":3},{"not_picked":["Prepared","Endless Agony"],"picked":"Predator","floor":4},{"not_picked":["Venomology","Bullet Time"],"picked":"Adrenaline","floor":6},{"not_picked":["Corpse Explosion","Phantasmal Killer"],"picked":"Die Die Die","floor":8},{"not_picked":["Night Terror","After Image"],"picked":"Adrenaline","floor":10},{"not_picked":["Deadly Poison","Dodge and Roll"],"picked":"Sucker Punch","floor":11},{"not_picked":["Storm of Steel","Bullet Time"],"picked":"Die Die Die","floor":12},{"not_picked":["Dagger Spray","Quick Slash"],"picked":"Dash","floor":13},{"not_picked":["Tools of the Trade","Bullet Time"],"picked":"Envenom","floor":16},{"not_picked":["Bane","Accuracy"],"picked":"Skewer","floor":18},{"not_picked":["Leg Sweep","Deadly Poison"],"picked":"Prepared","floor":20},{"not_picked":["Corpse Explosion","Tools of the Trade"],"picked":"Storm of Steel","floor":24},{"not_picked":["Storm of Steel","Unload"],"picked":"Envenom","floor":27},{"not_picked":["Noxious Fumes","Deflect"],"picked":"Flying Knee","floor":30},{"not_picked":["Wraith Form","Envenom"],"picked":"Die Die Die","floor":31},{"not_picked":["PiercingWail","Bane"],"picked":"Choke","floor":37},{"not_picked":["Bullet Time","Doppelganger"],"picked":"A Thousand Cuts","floor":44}],"player_experience":348786,"potions_floor_usage":[10,12,12,13,20,24,24,39,50,50,50],"damage_taken":[{"damage":0,"enemies":"Jaw Worm","floor":1,"turns":4},{"damage":0,"enemies":"Cultist","floor":2,"turns":4},{"damage":0,"enemies":"2 Louse","floor":3,"turns":3},{"damage":2,"enemies":"Blue Slaver","floor":4,"turns":5},{"damage":6,"enemies":"3 Sentries","floor":6,"turns":8},{"damage":19,"enemies":"Gremlin Nob","floor":8,"turns":4},{"damage":4,"enemies":"3 Sentries","floor":10,"turns":3},{"damage":0,"enemies":"3 Louse","floor":11,"turns":1},{"damage":0,"enemies":"Lagavulin","floor":12,"turns":3},{"damage":0,"enemies":"Exordium Thugs","floor":13,"turns":1},{"damage":1,"enemies":"Slime Boss","floor":16,"turns":3},{"damage":5,"enemies":"Spheric Guardian","floor":18,"turns":3},{"damage":0,"enemies":"3 Byrds","floor":20,"turns":2},{"damage":0,"enemies":"Book of Stabbing","floor":24,"turns":3},{"damage":12,"enemies":"Slavers","floor":27,"turns":3},{"damage":0,"enemies":"Snake Plant","floor":30,"turns":1},{"damage":0,"enemies":"Gremlin Leader","floor":31,"turns":4},{"damage":23,"enemies":"Collector","floor":33,"turns":6},{"damage":0,"enemies":"Orb Walker","floor":35,"turns":1},{"damage":0,"enemies":"3 Darklings","floor":37,"turns":1},{"damage":10,"enemies":"4 Shapes","floor":39,"turns":2},{"damage":9,"enemies":"Maw","floor":41,"turns":3},{"damage":10,"enemies":"2 Orb Walkers","floor":42,"turns":3},{"damage":5,"enemies":"Giant Head","floor":44,"turns":3},{"damage":5,"enemies":"Mysterious Sphere","floor":46,"turns":2},{"damage":14,"enemies":"2 Orb Walkers","floor":47,"turns":1},{"damage":96,"enemies":"Awakened One","floor":50,"turns":7}],"event_choices":[{"event_name":"Purifier","player_choice":"One Purge","floor":5,"damage_taken":0},{"event_name":"Shining Light","player_choice":"Entered Light","floor":7,"damage_taken":0},{"event_name":"World of Goop","player_choice":"Gather Gold","floor":14,"damage_taken":0},{"event_name":"Back to Basics","player_choice":"Simplicity","floor":19,"damage_taken":0},{"event_name":"Forgotten Altar","player_choice":"Shed Blood","floor":21,"damage_taken":0},{"event_name":"Winding Halls","player_choice":"Embrace Madness","floor":36,"damage_taken":0},{"event_name":"Mysterious Sphere","player_choice":"Fight","floor":46,"damage_taken":0},{"event_name":"Wheel of Change","player_choice":"Relic","floor":48,"damage_taken":0}],"boss_relics":[{"not_picked":["Eternal Feather","White Beast Statue"],"picked":"Lizard Tail"},{"not_picked":["Pandora\u0027s Box","Runic Dome"],"picked":"Calling Bell"}],"potions_floor_spawned":[1,4,8,11,12,16,18,27,30,41,42,44,47],"seed_played":"-458385073084776932","ascension_level":0,"is_trial":false}