{"gold_per_floor":[109,109,109,123,173,200,200,51,76,7,25,44,44,169,169,246,246,260,310,107,190,163,163,213,213],"floor_reached":25,"playtime":662,"items_purged":["Regret"],"score":385,"play_id":"a24b6958-c9ef-4cf8-a238-ba2215426dd7","local_time":"20180716145233","is_ascension_mode":true,"campfire_choices":[{"data":"Chill","floor":7,"key":"SMITH"},{"data":"Defragment","floor":13,"key":"SMITH"},{"data":"Zap","floor":15,"key":"SMITH"},{"floor":23,"key":"REST"}],"neow_cost":"NONE","seed_source_timestamp":0,"circlet_count":0,"master_deck":["Strike_B","Strike_B","Strike_B","Strike_B","Defend_B","Defend_B","Defend_B","Defend_B","Zap+1","Dualcast","AscendersBane","Glacier","Chill+1","Cold Snap","Defragment+1","Rebound","Seek","Machine Learning","Coolheaded","Defragment","Defragment","Ball Lightning","Coolheaded","J.A.X."],"special_seed":17728,"relics":["Cracked Core","NeowsBlessing","Dodecahedron","SsserpentHead","Potion Belt","Boot","Juzu Bracelet","Orichalcum","Snecko Eye","Red Mask"],"potions_floor_usage":[16,16,21,25],"damage_taken":[{"damage":0,"enemies":"Jaw Worm","floor":1,"turns":1},{"damage":0,"enemies":"2 Louse","floor":4,"turns":1},{"damage":0,"enemies":"Lagavulin","floor":6,"turns":1},{"damage":1,"enemies":"Cultist","floor":11,"turns":4},{"damage":4,"enemies":"Blue Slaver","floor":12,"turns":4},{"damage":26,"enemies":"Hexaghost","floor":16,"turns":16},{"damage":9,"enemies":"Shell Parasite","floor":18,"turns":6},{"damage":30,"floor":21,"turns":8},{"damage":38,"enemies":"Slavers","floor":25,"turns":5}],"seed_played":"-2205032152784244808","potions_obtained":[{"floor":4,"key":"Block Potion"},{"floor":12,"key":"PowerPotion"},{"floor":16,"key":"Swift Potion"},{"floor":18,"key":"GamblersBrew"}],"is_trial":false,"path_per_floor":["M","?","?","M","?","E","R","$","T","$","M","M","R","?","R","B",null,"M","?","$","?","?","R","?"],"character_chosen":"DEFECT","items_purchased":["Cold Snap","Juzu Bracelet","Defragment","Defragment","Ball Lightning"],"campfire_rested":1,"item_purchase_floors":[8,8,10,20,20],"current_hp_per_floor":[64,59,59,59,59,59,59,59,59,59,58,54,54,43,43,17,58,49,49,49,19,19,40,40,2],"gold":213,"neow_bonus":"THREE_ENEMY_KILL","is_prod":false,"is_daily":false,"chose_seed":false,"campfire_upgraded":3,"win_rate":0,"timestamp":1531777953,"path_taken":["M","?","?","M","?","E","R","?","T","$","M","M","R","?","R","BOSS","M","?","$","?","?","R","?","E"],"build_version":"2018-07-13","purchased_purges":1,"victory":false,"max_hp_per_floor":[71,71,71,71,71,71,71,71,71,71,71,71,71,71,71,71,71,71,71,71,71,71,71,71,71],"card_choices":[{"not_picked":["Coolheaded","Sunder"],"picked":"Glacier","floor":4},{"not_picked":["Double Energy","BootSequence"],"picked":"Chill","floor":6},{"not_picked":["Fusion","Auto Shields"],"picked":"Rebound","floor":11},{"not_picked":["Storm","Turbo"],"picked":"Seek","floor":12},{"not_picked":["Hyperbeam","Multi-Cast"],"picked":"Machine Learning","floor":16},{"not_picked":["Static Discharge","Steam Power"],"picked":"Coolheaded","floor":18},{"not_picked":["Consume","Lockon"],"picked":"Coolheaded","floor":21}],"player_experience":669536,"relics_obtained":[{"floor":6,"key":"Boot"},{"floor":9,"key":"Orichalcum"},{"floor":21,"key":"Red Mask"}],"event_choices":[{"event_name":"Scrap Ooze","player_choice":"success","floor":2,"damage_taken":5},{"event_name":"FaceTrader","player_choice":"Trade","floor":3,"damage_taken":0},{"event_name":"Big Fish","player_choice":"Box","floor":5,"damage_taken":0},{"event_name":"World of Goop","player_choice":"Gather Gold","floor":14,"damage_taken":0},{"event_name":"The Library","player_choice":"Read","floor":19,"damage_taken":0},{"event_name":"Masked Bandits","player_choice":"Fought over 157 gold","floor":21,"damage_taken":0},{"event_name":"Drug Dealer","player_choice":"Got JAXXED","floor":22,"damage_taken":0},{"event_name":"The Mausoleum","player_choice":"No","floor":24,"damage_taken":0}],"boss_relics":[{"not_picked":["Tiny House","Black Star"],"picked":"Snecko Eye"}],"items_purged_floors":[20],"is_endless":false,"potions_floor_spawned":[4,12,16,18],"killed_by":"Slavers","ascension_level":15}