{"gold_per_floor":[111,111,111,131,206,232,98,114,114,131,143,178,178,194,194,291,291,302,28,127,141,66,66,82,82,105,105,119,119,138,169,169,169],"floor_reached":33,"playtime":2159,"items_purged":["Strike_B"],"score":327,"play_id":"67299fa1-65a2-4396-89fb-e36912d3e3bc","local_time":"20190127235623","is_ascension_mode":false,"campfire_choices":[{"data":"Defragment","floor":13,"key":"SMITH"},{"data":"Sunder","floor":15,"key":"SMITH"},{"floor":23,"key":"RECALL"},{"floor":27,"key":"REST"},{"floor":29,"key":"REST"},{"floor":32,"key":"REST"}],"neow_cost":"NONE","seed_source_timestamp":628525711932558,"circlet_count":0,"master_deck":["Strike_B","Strike_B","Strike_B","Defend_B","Defend_B","Defend_B","Zap","Dualcast","Go for the Eyes","Defragment+1","Loop","Hello World","Panacea","Loop","Self Repair","Cold Snap","Steam","Sunder+1","Electrodynamics","Sweeping Beam","Steam","Amplify","BootSequence","Static Discharge","Ball Lightning"],"relics":["Cracked Core","NeowsBlessing","Mango","Vajra","Lizard Tail","ClockworkSouvenir","Art of War","Singing Bowl"],"potions_floor_usage":[6,14,14,31,33],"damage_taken":[{"damage":0,"enemies":"Jaw Worm","floor":1,"turns":1},{"damage":0,"enemies":"2 Louse","floor":4,"turns":1},{"damage":0,"enemies":"Gremlin Nob","floor":6,"turns":1},{"damage":0,"enemies":"Cultist","floor":8,"turns":3},{"damage":0,"enemies":"Large Slime","floor":10,"turns":5},{"damage":10,"enemies":"3 Louse","floor":11,"turns":4},{"damage":16,"enemies":"Lagavulin","floor":12,"turns":7},{"damage":12,"enemies":"2 Fungi Beasts","floor":14,"turns":3},{"damage":19,"enemies":"The Guardian","floor":16,"turns":11},{"damage":36,"enemies":"Shell Parasite","floor":18,"turns":6},{"damage":5,"enemies":"3 Byrds","floor":21,"turns":3},{"damage":35,"enemies":"Snake Plant","floor":24,"turns":5},{"damage":33,"enemies":"Shelled Parasite and Fungi","floor":28,"turns":9},{"damage":38,"enemies":"Sentry and Sphere","floor":30,"turns":5},{"damage":27,"enemies":"Gremlin Leader","floor":31,"turns":7},{"damage":27,"enemies":"Collector","floor":33,"turns":3}],"seed_played":"-8002819272849422485","potions_obtained":[{"floor":6,"key":"Fruit Juice"},{"floor":10,"key":"LiquidBronze"},{"floor":12,"key":"Energy Potion"},{"floor":16,"key":"Strength Potion"},{"floor":21,"key":"Ancient Potion"},{"floor":30,"key":"Explosive Potion"},{"floor":31,"key":"PowerPotion"}],"is_trial":false,"path_per_floor":["M","?","?","M","?","E","$","M","T","M","M","E","R","M","R","B",null,"M","$","?","M","?","R","M","?","T","R","M","R","M","E","R","B"],"character_chosen":"DEFECT","items_purchased":["Hello World","Panacea","ClockworkSouvenir"],"campfire_rested":3,"item_purchase_floors":[7,7,19],"current_hp_per_floor":[75,68,68,68,61,80,80,80,80,80,77,68,68,63,63,44,94,65,65,65,60,60,60,32,32,32,60,34,62,31,11,39,12],"gold":169,"neow_bonus":"THREE_ENEMY_KILL","is_prod":false,"is_daily":false,"chose_seed":false,"campfire_upgraded":2,"win_rate":0,"timestamp":1548586583,"path_taken":["M","?","?","M","?","E","$","M","T","?","M","E","R","M","R","BOSS","M","$","?","M","?","R","M","?","T","R","M","R","M","E","R","BOSS"],"build_version":"2019-01-23","purchased_purges":1,"victory":false,"max_hp_per_floor":[75,75,75,75,75,94,94,94,94,94,94,94,94,94,94,94,94,94,94,94,94,94,94,94,94,94,94,94,94,94,94,94,94],"card_choices":[{"not_picked":["Rebound","Beam Cell"],"picked":"Go for the Eyes","floor":1},{"not_picked":["Ball Lightning","Chill"],"picked":"Defragment","floor":4},{"not_picked":["Rebound","Compile Driver"],"picked":"Loop","floor":6},{"not_picked":["Compile Driver","Beam Cell"],"picked":"Loop","floor":8},{"not_picked":["BootSequence","Force Field"],"picked":"Self Repair","floor":10},{"not_picked":["Double Energy","Leap"],"picked":"Cold Snap","floor":11},{"not_picked":["Double Energy","Streamline"],"picked":"Steam","floor":12},{"not_picked":["Scrape","Coolheaded"],"picked":"Sunder","floor":14},{"not_picked":["Meteor Strike","Buffer"],"picked":"Electrodynamics","floor":16},{"not_picked":["Reprogram","Leap+1"],"picked":"Sweeping Beam","floor":18},{"not_picked":["Double Energy","Steam Power"],"picked":"Steam","floor":21},{"not_picked":["Stack","Coolheaded"],"picked":"Amplify","floor":24},{"not_picked":["Gash","Rip and Tear"],"picked":"BootSequence","floor":28},{"not_picked":["Leap+1","Chill"],"picked":"Static Discharge","floor":30},{"not_picked":["Redo","Static Discharge"],"picked":"Ball Lightning","floor":31}],"player_experience":592056,"relics_obtained":[{"floor":6,"key":"Mango"},{"floor":12,"key":"Vajra"},{"floor":26,"key":"Art of War"},{"floor":31,"key":"Singing Bowl"}],"event_choices":[{"damage_healed":0,"gold_gain":0,"player_choice":"Fled","damage_taken":7,"max_hp_gain":0,"max_hp_loss":0,"event_name":"Scrap Ooze","floor":2,"gold_loss":0},{"damage_healed":0,"gold_gain":0,"player_choice":"Ignored","damage_taken":0,"max_hp_gain":0,"max_hp_loss":0,"event_name":"Shining Light","floor":3,"gold_loss":0},{"damage_healed":0,"gold_gain":75,"player_choice":"Touch","damage_taken":7,"max_hp_gain":0,"max_hp_loss":0,"event_name":"FaceTrader","floor":5,"gold_loss":0},{"damage_healed":0,"gold_gain":99,"player_choice":"Stole From Cult","damage_taken":0,"max_hp_gain":0,"max_hp_loss":0,"event_name":"Nest","floor":20,"gold_loss":0},{"cards_removed":["Defend_B"],"damage_healed":0,"gold_gain":0,"player_choice":"Gave Gold","damage_taken":0,"max_hp_gain":0,"max_hp_loss":0,"event_name":"Beggar","floor":22,"gold_loss":75},{"damage_healed":0,"gold_gain":0,"player_choice":"Ignored","damage_taken":0,"max_hp_gain":0,"max_hp_loss":0,"event_name":"Vampires","floor":25,"gold_loss":0}],"is_beta":false,"boss_relics":[{"not_picked":["Cursed Key","Snecko Eye"],"picked":"Lizard Tail"}],"items_purged_floors":[19],"is_endless":false,"potions_floor_spawned":[6,10,12,16,21,30,31],"killed_by":"Collector","ascension_level":0}