{"gold_per_floor":[115,115,115,128,148,148,165,176,176,176,196,211,61,77,77,175,225,240,59,59,72,89,89,15,15,15,15,15,15,31,50,50,145,145,162,38,48,48,65,65,78,96,96,96],"floor_reached":44,"playtime":3129,"items_purged":["Strike_B"],"score":408,"play_id":"06ede959-bfed-45ea-b3c6-aa2ca4e13331","local_time":"20181122173421","is_ascension_mode":false,"campfire_choices":[{"data":"Redo","floor":6.0,"key":"SMITH"},{"floor":10.0,"key":"REST"},{"data":"Echo Form","floor":15.0,"key":"SMITH"},{"data":"Zap","floor":23.0,"key":"SMITH"},{"floor":32,"key":"REST"},{"floor":40,"key":"REST"}],"neow_cost":"TEN_PERCENT_HP_LOSS","seed_source_timestamp":0,"circlet_count":0,"master_deck":["Strike_B","Defend_B","Zap+1","Dualcast","Echo Form+1","BootSequence","Redo","Recycle+1","Cold Snap","Redo+1","Sweeping Beam","Sunder","Melter","Beam Cell","Tempest","Sweeping Beam","Electrodynamics","Hello World","Melter","Skim","Turbo","Stack","Conserve Battery","Ball Lightning","Fusion","Loop","Redo+1","Machine Learning","Coolheaded","Sunder+1","Buffer","Lockon","Glacier+1"],"special_seed":0,"relics":["Cracked Core","Bag of Preparation","Boot","Tiny House","Art of War","Bronze Scales","Lizard Tail","Pantograph","Mercury Hourglass"],"potions_floor_usage":[33,42,44],"damage_taken":[{"damage":1.0,"enemies":"Cultist","floor":1.0,"turns":3.0},{"damage":0.0,"enemies":"2 Louse","floor":4.0,"turns":2.0},{"damage":1.0,"enemies":"Jaw Worm","floor":5.0,"turns":3.0},{"damage":9.0,"enemies":"2 Fungi Beasts","floor":7.0,"turns":4.0},{"damage":0.0,"enemies":"Gremlin Gang","floor":8.0,"turns":2.0},{"damage":0.0,"enemies":"Blue Slaver","floor":11.0,"turns":2.0},{"damage":0.0,"enemies":"3 Louse","floor":12.0,"turns":2.0},{"damage":0.0,"enemies":"2 Fungi Beasts","floor":14.0,"turns":3.0},{"damage":37.0,"enemies":"Hexaghost","floor":16.0,"turns":8.0},{"damage":0.0,"enemies":"Spheric Guardian","floor":18.0,"turns":2.0},{"damage":13.0,"enemies":"Shell Parasite","floor":21.0,"turns":3.0},{"damage":5.0,"enemies":"Chosen and Byrds","floor":22.0,"turns":4.0},{"damage":0.0,"enemies":"Centurion and Healer","floor":25.0,"turns":1.0},{"damage":10,"enemies":"Snecko","floor":30,"turns":3},{"damage":18,"enemies":"3 Cultists","floor":31,"turns":3},{"damage":42,"enemies":"Collector","floor":33,"turns":7},{"damage":0,"enemies":"3 Shapes","floor":35,"turns":4},{"damage":11,"enemies":"3 Darklings","floor":37,"turns":3},{"damage":68,"enemies":"Maw","floor":39,"turns":9},{"damage":13,"enemies":"Transient","floor":41,"turns":5},{"damage":18,"enemies":"Jaw Worm Horde","floor":42,"turns":3},{"damage":29,"enemies":"3 Darklings","floor":44,"turns":2}],"seed_played":"3381174968779311348","potions_obtained":[{"floor":7.0,"key":"Fire Potion"},{"floor":8.0,"key":"SmokeBomb"},{"floor":12.0,"key":"Weak Potion"},{"floor":16.0,"key":"SpeedPotion"},{"floor":17.0,"key":"GamblersBrew"},{"floor":18.0,"key":"Weak Potion"},{"floor":21.0,"key":"PowerPotion"},{"floor":31,"key":"SkillPotion"},{"floor":37,"key":"SteroidPotion"},{"floor":41,"key":"GamblersBrew"},{"floor":42,"key":"Dexterity Potion"}],"is_trial":false,"path_per_floor":["M","?","?","M","M","R","M","M","T","R","M","M","$","M","R","B",null,"M","$","?","M","M","R","$","M","M","T","?","?","?","M","M","R","B",null,"M","?","M","$","M","R","M","M","T","M"],"character_chosen":"DEFECT","items_purchased":["Tempest","Art of War","Skim","Fusion"],"campfire_rested":3,"item_purchase_floors":[13,19,19,24],"current_hp_per_floor":[67,49,49,49,48,48,39,39,39,59,59,59,59,59,59,22,73,73,73,73,60,55,55,55,55,55,55,55,55,45,27,48,6,73,73,73,62,62,36,57,44,26,26,0],"gold":96,"neow_bonus":"TRANSFORM_TWO_CARDS","is_prod":false,"is_daily":false,"chose_seed":false,"campfire_upgraded":3,"win_rate":0,"timestamp":1542861261,"path_taken":["M","?","?","M","M","R","M","M","T","R","M","M","$","M","R","BOSS","M","$","?","M","M","R","$","M","T","?","?","?","M","M","R","BOSS","M","?","M","$","M","R","M","M","T","M"],"build_version":"2018-11-15","purchased_purges":1,"victory":false,"max_hp_per_floor":[68,68,68,68,68,68,68,68,68,68,68,68,68,68,68,68,73,73,73,73,73,73,73,73,73,73,73,73,73,73,73,73,73,73,73,73,73,73,73,73,73,73,73,73],"card_choices":[{"not_picked":["Steam","Reinforced Body"],"picked":"Redo","floor":1.0},{"not_picked":["Aggregate","Leap"],"picked":"Cold Snap","floor":4.0},{"not_picked":["Compile Driver","Darkness"],"picked":"Redo","floor":5.0},{"not_picked":["Coolheaded","Chaos"],"picked":"Sweeping Beam","floor":7.0},{"not_picked":["Darkness","Scrape"],"picked":"Sunder","floor":8.0},{"not_picked":["Recycle","Sweeping Beam"],"picked":"Melter","floor":11.0},{"not_picked":["Barrage","Rebound"],"picked":"Beam Cell","floor":12.0},{"not_picked":["White Noise","Hello World"],"picked":"Sweeping Beam","floor":14.0},{"not_picked":["Echo Form","Multi-Cast"],"picked":"Electrodynamics","floor":16.0},{"not_picked":["Cold Snap","Force Field"],"picked":"Hello World","floor":17.0},{"not_picked":["Rip and Tear","Hologram"],"picked":"Melter","floor":18.0},{"not_picked":["Streamline","Beam Cell"],"picked":"Conserve Battery","floor":21.0},{"not_picked":["Gash+1","Go for the Eyes"],"picked":"Ball Lightning","floor":22.0},{"not_picked":["Hologram","Gash"],"picked":"Loop","floor":30},{"not_picked":["Compile Driver","Sweeping Beam"],"picked":"Redo+1","floor":31},{"not_picked":["Seek","Hyperbeam"],"picked":"Machine Learning","floor":33},{"not_picked":["Lockon","Compile Driver"],"picked":"Coolheaded","floor":35},{"not_picked":["Melter+1","Redo+1"],"picked":"Sunder+1","floor":37},{"not_picked":["Redo","Skim+1"],"picked":"Buffer","floor":39},{"not_picked":["Go for the Eyes","Aggregate+1"],"picked":"Lockon","floor":41},{"not_picked":["Sunder+1","Compile Driver+1"],"picked":"Glacier+1","floor":42}],"player_experience":328679,"relics_obtained":[{"floor":9.0,"key":"Boot"},{"floor":26,"key":"Bronze Scales"},{"floor":43,"key":"Mercury Hourglass"}],"event_choices":[{"damage_healed":0.0,"max_hp_gain":0.0,"max_hp_loss":0.0,"gold_gain":0.0,"event_name":"Scrap Ooze","player_choice":"Success","floor":2.0,"gold_loss":0.0,"damage_taken":18.0,"relics_obtained":["Bag of Preparation"]},{"damage_healed":0.0,"max_hp_gain":0.0,"max_hp_loss":0.0,"gold_gain":0.0,"event_name":"Match and Keep!","player_choice":"1 cards matched","floor":3.0,"gold_loss":0.0,"damage_taken":0.0,"cards_obtained":["Recycle"]},{"damage_healed":0.0,"max_hp_gain":0.0,"max_hp_loss":0.0,"gold_gain":0.0,"cards_transformed":["Defend_B","Strike_B"],"event_name":"Drug Dealer","player_choice":"Became Test Subject","floor":20.0,"gold_loss":0.0,"damage_taken":0.0,"cards_obtained":["Turbo","Stack"]},{"cards_removed":["Defend_B"],"damage_healed":0,"gold_gain":0,"player_choice":"Elegance","damage_taken":0,"max_hp_gain":0,"max_hp_loss":0,"event_name":"Back to Basics","floor":27,"gold_loss":0},{"damage_healed":0,"gold_gain":0,"player_choice":"Ignored","damage_taken":0,"max_hp_gain":0,"max_hp_loss":0,"event_name":"Ghosts","floor":28,"gold_loss":0},{"damage_healed":0,"gold_gain":0,"player_choice":"Ignored","damage_taken":0,"max_hp_gain":0,"max_hp_loss":0,"event_name":"Vampires","floor":29,"gold_loss":0},{"damage_healed":0,"gold_gain":0,"player_choice":"Paid Gold","damage_taken":0,"relics_obtained":["Pantograph"],"max_hp_gain":0,"max_hp_loss":0,"event_name":"WeMeetAgain","floor":36,"gold_loss":124}],"is_beta":false,"boss_relics":[{"not_picked":["Runic Pyramid","Fusion Hammer"],"picked":"Tiny House"},{"not_picked":["Astrolabe","Sozu"],"picked":"Lizard Tail"}],"items_purged_floors":[13],"is_endless":false,"potions_floor_spawned":[7,8,12,16,18,21,31,37,41,42],"killed_by":"3 Darklings","ascension_level":0}