{"gold_per_floor":[11,27,37,37,13,40,40,68,144,160,175,209,209,241,241,241],"floor_reached":16,"playtime":858,"items_purged":[],"score":260,"play_id":"c8e8d5bd-c512-4827-836f-c276ea98976e","local_time":"20181117140517","is_ascension_mode":true,"campfire_choices":[{"floor":7.0,"key":"REST"},{"data":"Calculated Gamble","floor":13,"key":"SMITH"},{"data":"Sucker Punch","floor":15,"key":"SMITH"}],"neow_cost":"NO_GOLD","seed_source_timestamp":19277001179447,"circlet_count":0,"master_deck":["AscendersBane","Defend_G","Defend_G","Defend_G","Defend_G","Defend_G","Strike_G","Strike_G","Strike_G","Strike_G","Strike_G","Survivor","Neutralize","Sucker Punch+1","Flying Knee","Dagger Throw","Dagger Spray","Backstab","Adrenaline","Calculated Gamble+1","Dodge and Roll","Tactician","Backstab"],"special_seed":0,"relics":["Ring of the Snake","Tough Bandages","Incense Burner","Dream Catcher","Anchor","Meat on the Bone","Ginger","Lantern"],"potions_floor_usage":[12],"damage_taken":[{"damage":6.0,"enemies":"Cultist","floor":1.0,"turns":5.0},{"damage":1.0,"enemies":"2 Louse","floor":2.0,"turns":3.0},{"damage":1.0,"enemies":"Small Slimes","floor":3.0,"turns":4.0},{"damage":24.0,"enemies":"Gremlin Nob","floor":6.0,"turns":5.0},{"damage":6.0,"enemies":"3 Sentries","floor":8.0,"turns":8.0},{"damage":0.0,"enemies":"Gremlin Gang","floor":10.0,"turns":4.0},{"damage":2.0,"enemies":"Large Slime","floor":11.0,"turns":5.0},{"damage":7,"enemies":"Lagavulin","floor":12,"turns":6},{"damage":5,"enemies":"3 Sentries","floor":14,"turns":10},{"damage":49,"enemies":"Hexaghost","floor":16,"turns":14}],"seed_played":"2374375244048747464","potions_obtained":[{"floor":1.0,"key":"Block Potion"},{"floor":11.0,"key":"AttackPotion"},{"floor":14,"key":"SmokeBomb"}],"is_trial":false,"path_per_floor":["M","M","M","?","$","E","R","E","T","M","M","E","R","E","R","B"],"character_chosen":"THE_SILENT","items_purchased":["Dagger Spray"],"campfire_rested":1,"item_purchase_floors":[5],"current_hp_per_floor":[53,52,51,33,33,9,28,22,22,34,44,37,37,44,44,0],"gold":241,"neow_bonus":"ONE_RARE_RELIC","is_prod":false,"is_daily":false,"chose_seed":false,"campfire_upgraded":2,"win_rate":0,"timestamp":1542459917,"path_taken":["M","?","M","?","$","E","R","E","T","M","M","E","R","E","R","BOSS"],"build_version":"2018-11-15","purchased_purges":0,"victory":false,"max_hp_per_floor":[66,66,66,66,66,66,66,66,66,66,66,66,66,66,66,66],"card_choices":[{"not_picked":["Prepared","Blade Dance"],"picked":"Sucker Punch","floor":1.0},{"not_picked":["Reflex","Bane"],"picked":"Flying Knee","floor":2.0},{"not_picked":["Sucker Punch","Flying Knee"],"picked":"Dagger Throw","floor":3.0},{"not_picked":["Bane","Tools of the Trade"],"picked":"Backstab","floor":6.0},{"not_picked":["Dodge and Roll","Sucker Punch"],"picked":"Adrenaline","floor":8.0},{"not_picked":["Backflip","Accuracy"],"picked":"Calculated Gamble","floor":10.0},{"not_picked":["Blade Dance","Quick Slash"],"picked":"Dodge and Roll","floor":11.0},{"not_picked":["Acrobatics","Reflex"],"picked":"Tactician","floor":12},{"not_picked":["Endless Agony","Dagger Throw"],"picked":"Backstab","floor":14}],"player_experience":1790160,"relics_obtained":[{"floor":6.0,"key":"Dream Catcher"},{"floor":8.0,"key":"Anchor"},{"floor":9.0,"key":"Meat on the Bone"},{"floor":12,"key":"Ginger"},{"floor":14,"key":"Lantern"}],"event_choices":[{"damage_healed":0.0,"max_hp_gain":0.0,"max_hp_loss":0.0,"gold_gain":0.0,"event_name":"Scrap Ooze","player_choice":"Success","floor":4.0,"gold_loss":0.0,"damage_taken":18.0,"relics_obtained":["Incense Burner"]}],"is_beta":false,"boss_relics":[],"items_purged_floors":[],"is_endless":false,"potions_floor_spawned":[1,11,14],"killed_by":"Hexaghost","ascension_level":20}