{"gold_per_floor":[114,124,137,151,169,169,139,139,139,64,80,80,93,113,113,113],"floor_reached":16,"playtime":1083,"items_purged":["Defend_G"],"score":96,"play_id":"f27c1fa8-7fe4-4309-a22e-15d819079f03","local_time":"20181224050022","is_ascension_mode":false,"campfire_choices":[{"data":"Backflip","floor":6,"key":"SMITH"},{"data":"Well Laid Plans","floor":8,"key":"SMITH"},{"data":"Prepared","floor":15,"key":"SMITH"}],"neow_cost":"NONE","seed_source_timestamp":131314330623079,"circlet_count":0,"master_deck":["Defend_G","Defend_G","Defend_G","Defend_G","Strike_G","Strike_G","Strike_G","Strike_G","Strike_G","Survivor","Neutralize","Underhanded Strike","Backflip+1","Well Laid Plans+1","Prepared+1","Pain"],"relics":["Ring of the Snake","Frozen Egg 2","WarpedTongs"],"potions_floor_usage":[5,16],"damage_taken":[{"damage":0,"enemies":"Cultist","floor":1,"turns":5},{"damage":0,"enemies":"2 Louse","floor":2,"turns":5},{"damage":0,"enemies":"Small Slimes","floor":3,"turns":6},{"damage":0,"enemies":"Looter","floor":4,"turns":5},{"damage":16,"enemies":"Gremlin Gang","floor":5,"turns":12},{"damage":0,"enemies":"Lots of Slimes","floor":11,"turns":6},{"damage":0,"enemies":"Blue Slaver","floor":13,"turns":5},{"damage":5,"enemies":"Looter","floor":14,"turns":3},{"damage":65,"enemies":"Hexaghost","floor":16,"turns":16}],"seed_played":"6667478922086425849","potions_obtained":[{"floor":4,"key":"GhostInAJar"},{"floor":5,"key":"GhostInAJar"},{"floor":7,"key":"FairyPotion"},{"floor":7,"key":"SteroidPotion"},{"floor":14,"key":"Explosive Potion"}],"is_trial":false,"path_per_floor":["M","M","M","M","M","R","?","R","T","$","M","?","M","M","R","B"],"character_chosen":"THE_SILENT","items_purchased":[],"campfire_rested":0,"item_purchase_floors":[],"current_hp_per_floor":[77,77,77,77,61,61,61,61,61,61,61,61,61,56,56,0],"gold":113,"neow_bonus":"TEN_PERCENT_HP_BONUS","is_prod":false,"is_daily":false,"chose_seed":false,"campfire_upgraded":3,"win_rate":0,"timestamp":1545624022,"path_taken":["M","M","M","M","M","R","?","R","T","?","M","?","?","M","R","BOSS"],"build_version":"2018-12-20","purchased_purges":1,"victory":false,"max_hp_per_floor":[77,77,77,77,77,77,77,77,77,77,77,77,77,77,77,77],"card_choices":[{"not_picked":["Cloak And Dagger","Dodge and Roll"],"picked":"Underhanded Strike","floor":1},{"not_picked":["Deadly Poison","PiercingWail"],"picked":"Backflip","floor":2},{"not_picked":["Bane","Skewer","Noxious Fumes"],"picked":"SKIP","floor":3},{"not_picked":["Flechettes","Bouncing Flask","Dagger Spray"],"picked":"SKIP","floor":4},{"not_picked":["Caltrops","Terror"],"picked":"Well Laid Plans","floor":5},{"not_picked":["Tactician","Outmaneuver"],"picked":"Prepared","floor":11},{"not_picked":["Flechettes","Doppelganger","Dodge and Roll"],"picked":"SKIP","floor":13},{"not_picked":["Dash","Crippling Poison","Poisoned Stab"],"picked":"SKIP","floor":14}],"player_experience":100141,"relics_obtained":[{"floor":9,"key":"Frozen Egg 2"}],"event_choices":[{"damage_healed":0,"gold_gain":0,"player_choice":"Bought 2 Potions","damage_taken":0,"max_hp_gain":0,"max_hp_loss":0,"event_name":"The Woman in Blue","floor":7,"gold_loss":0},{"damage_healed":0,"gold_gain":0,"player_choice":"Rummage","damage_taken":0,"relics_obtained":["WarpedTongs"],"max_hp_gain":0,"max_hp_loss":0,"event_name":"Accursed Blacksmith","floor":12,"gold_loss":0,"cards_obtained":["Pain"]}],"is_beta":false,"boss_relics":[],"items_purged_floors":[10],"is_endless":false,"potions_floor_spawned":[4,5,14],"killed_by":"Hexaghost","ascension_level":0}