{"path_per_floor":["M","M","?","M","$","M","M","R","T","M","R","$","E","M","R","B",null,"M","M","$","?","M","R","$","R","T","R","M","?","$","M","R","B",null,"M","M","?","$","M","R","M","R","T","?","M","$","M","M","R"],"character_chosen":"THE_SILENT","items_purchased":["Sucker Punch","Cloak And Dagger","Infinite Blades","Pen Nib","Footwork","Accuracy"],"gold_per_floor":[112,123,123,137,14,34,50,50,50,66,66,13,42,55,55,155,155,174,194,94,94,108,108,32,32,56,56,69,69,69,83,83,188,218,231,246,246,27,40,40,52,52,100,100,119,49,68,81,81,81],"floor_reached":50,"campfire_rested":2,"playtime":1832,"current_hp_per_floor":[70,70,70,70,70,67,64,64,64,64,64,64,60,60,60,28,70,70,68,68,68,55,55,55,55,55,55,55,55,55,55,70,55,75,75,60,60,60,59,59,59,59,59,59,49,49,27,16,38,0],"items_purged":["Strike_G","Venomology"],"gold":81,"score":448,"play_id":"2d917943-c0ff-4ada-b9f4-f446e5222375","local_time":"20180422102034","is_prod":false,"is_daily":false,"chose_seed":false,"is_ascension_mode":false,"campfire_upgraded":8,"timestamp":1524385234,"path_taken":["M","M","?","M","$","M","M","R","T","M","R","$","E","M","R","BOSS","M","M","$","?","?","R","$","R","T","R","M","?","?","M","R","BOSS","M","M","?","$","M","R","M","R","T","?","M","?","?","M","R","BOSS"],"build_version":"2018-04-19","seed_source_timestamp":23005253126209,"purchased_purges":2,"victory":false,"master_deck":["Defend_G","Defend_G","Defend_G","Defend_G","Defend_G","Survivor","Neutralize+1","Dagger Spray+1","Finisher","Cloak And Dagger+1","Sucker Punch+1","PiercingWail","Predator+1","Deflect","Cloak And Dagger+1","Caltrops+1","Backstab","Die Die Die","Doppelganger+1","Escape Plan+1","Well Laid Plans+1","Flying Knee+1","A Thousand Cuts+1","Backflip","Infinite Blades","Terror+1","Storm of Steel+1","Deflect+1","Good Instincts","Footwork","Dash","Backflip+1","Heel Hook","Accuracy"],"max_hp_per_floor":[70,70,70,70,70,70,70,70,70,70,70,70,70,70,70,70,70,70,70,70,70,70,70,70,70,70,70,70,70,70,70,70,70,75,75,75,75,75,75,75,75,75,75,75,75,75,75,75,75,75],"relics":["Sozu","Bronze Scales","Dream Catcher","Astrolabe","Nloth\u0027s Gift","Tiny House","Pen Nib","Oddly Smooth Stone"],"card_choices":[{"not_picked":["Blur","Quick Slash"],"picked":"Dagger Spray","floor":1},{"not_picked":["Quick Slash","Well Laid Plans"],"picked":"Finisher","floor":2},{"not_picked":["Slice","Choke"],"picked":"Cloak And Dagger","floor":4},{"not_picked":["Poisoned Stab","Dagger Spray"],"picked":"PiercingWail","floor":6},{"not_picked":["Acrobatics","Unload"],"picked":"Predator","floor":7},{"not_picked":["Dagger Throw","Heel Hook"],"picked":"Deflect","floor":10},{"not_picked":["Acrobatics","Terror"],"picked":"Caltrops","floor":13},{"not_picked":["Heel Hook","Dagger Spray"],"picked":"Backstab","floor":14},{"not_picked":["Night Terror","Bullet Time"],"picked":"Die Die Die","floor":16},{"not_picked":["Underhanded Strike","Masterful Stab"],"picked":"Well Laid Plans","floor":18},{"not_picked":["PiercingWail","Dodge and Roll"],"picked":"Flying Knee","floor":19},{"not_picked":["Dagger Throw","Deflect"],"picked":"Backflip","floor":22},{"not_picked":["Eviscerate","Die Die Die"],"picked":"Terror","floor":31},{"not_picked":["Doppelganger","Burst"],"picked":"Storm of Steel","floor":33},{"not_picked":["PiercingWail","Sucker Punch"],"picked":"Deflect","floor":34},{"not_picked":["Thinking Ahead","Madness"],"picked":"Good Instincts","floor":37},{"not_picked":["Backstab","Catalyst"],"picked":"Dash","floor":39},{"not_picked":["Caltrops","Flying Knee"],"picked":"Backflip","floor":41}],"player_experience":506714,"potions_floor_usage":[],"damage_taken":[{"damage":0,"enemies":"Jaw Worm","floor":1,"turns":4},{"damage":0,"enemies":"Cultist","floor":2,"turns":3},{"damage":0,"enemies":"2 Louse","floor":4,"turns":2},{"damage":3,"enemies":"Exordium Wildlife","floor":6,"turns":3},{"damage":3,"enemies":"Lots of Slimes","floor":7,"turns":2},{"damage":0,"enemies":"2 Fungi Beasts","floor":10,"turns":2},{"damage":4,"enemies":"Gremlin Nob","floor":13,"turns":4},{"damage":0,"enemies":"Gremlin Gang","floor":14,"turns":3},{"damage":32,"enemies":"The Guardian","floor":16,"turns":11},{"damage":0,"enemies":"2 Thieves","floor":18,"turns":3},{"damage":2,"enemies":"Shell Parasite","floor":19,"turns":4},{"damage":13,"enemies":"Chosen and Byrds","floor":22,"turns":4},{"damage":0,"enemies":"Snake Plant","floor":28,"turns":3},{"damage":0,"enemies":"Snecko","floor":31,"turns":3},{"damage":15,"enemies":"Champ","floor":33,"turns":10},{"damage":0,"enemies":"3 Shapes","floor":35,"turns":6},{"damage":15,"enemies":"3 Darklings","floor":36,"turns":4},{"damage":1,"enemies":"Sphere and 2 Shapes","floor":39,"turns":3},{"damage":0,"enemies":"4 Shapes","floor":41,"turns":3},{"damage":10,"enemies":"Maw","floor":45,"turns":8},{"damage":22,"enemies":"3 Darklings","floor":47,"turns":5},{"damage":11,"enemies":"Sphere and 2 Shapes","floor":48,"turns":7},{"damage":38,"enemies":"Time Eater","floor":50,"turns":4}],"event_choices":[{"event_name":"The Lab","player_choice":"Got Potions","floor":3,"damage_taken":0},{"event_name":"The Library","player_choice":"Read","floor":21,"damage_taken":0},{"event_name":"N\u0027loth","player_choice":"Traded a Prayer Wheel","floor":29,"damage_taken":0},{"event_name":"SensoryStone","player_choice":"Memory 1","floor":37,"damage_taken":0},{"event_name":"Transmorgrifier","player_choice":"Transform","floor":44,"damage_taken":0}],"boss_relics":[{"not_picked":["Runic Dome","Pandora\u0027s Box"],"picked":"Astrolabe"},{"not_picked":["Black Star","Runic Pyramid"],"picked":"Tiny House"}],"potions_floor_spawned":[4,6,10,14,22,33,36,41,47],"seed_played":"2961432363555802890","killed_by":"Time Eater","ascension_level":0,"is_trial":false}