{"gold_per_floor":[412,362,362,33,45,45,75,41,66,78,91,105,121,296,296,397,397,410,509,509,222,322,322,338,338,338,338,23,36,36,49,49,148,148,167,167,1166,1176,1191,1191,1207,927,973,195,209,238,238,293,293,293],"floor_reached":51,"playtime":1337,"items_purged":["Strike_B","Strike_B","Normality","Defend_B"],"score":750,"play_id":"df9adfa3-7d8b-4ab6-a3fc-2ad19623c138","local_time":"20190131213255","is_ascension_mode":false,"campfire_choices":[{"data":"Zap","floor":6.0,"key":"SMITH"},{"data":"Doubt","floor":15.0,"key":"PURGE"},{"data":"Strike_B","floor":23.0,"key":"PURGE"},{"data":"Defend_B","floor":25.0,"key":"PURGE"},{"data":"Defend_B","floor":32.0,"key":"PURGE"},{"data":"Normality","floor":40.0,"key":"PURGE"},{"floor":49,"key":"REST"}],"neow_cost":"PERCENT_DAMAGE","seed_source_timestamp":373965841560,"circlet_count":0,"master_deck":["Defend_B","Zap+1","Dualcast","Coolheaded","Cold Snap","Compile Driver","FTL","Capacitor","Storm","Capacitor","Electrodynamics","Self Repair","Electrodynamics","Compile Driver","Apotheosis","Coolheaded","Storm+1","Defragment","Defragment","Force Field","Self Repair","Conserve Battery","Echo Form","Reinforced Body+1","Storm","Heatsinks","Reinforced Body","Defragment","Glacier","White Noise","Panache"],"special_seed":0,"relics":["Cracked Core","Old Coin","Centennial Puzzle","Bronze Scales","Peace Pipe","Oddly Smooth Stone","Sozu","Pocketwatch","Blue Candle","Happy Flower","DollysMirror","Busted Crown","PreservedInsect","Toy Ornithopter","Ornamental Fan","Mango","Du-Vu Doll"],"potions_floor_usage":[50,50],"damage_taken":[{"damage":2.0,"enemies":"Small Slimes","floor":1.0,"turns":5.0},{"damage":0.0,"enemies":"2 Louse","floor":5.0,"turns":2.0},{"damage":13.0,"enemies":"3 Sentries","floor":7.0,"turns":7.0},{"damage":0.0,"enemies":"Jaw Worm","floor":10.0,"turns":4.0},{"damage":6.0,"enemies":"Looter","floor":11.0,"turns":3.0},{"damage":0.0,"enemies":"2 Fungi Beasts","floor":12.0,"turns":2.0},{"damage":0.0,"enemies":"3 Louse","floor":13.0,"turns":3.0},{"damage":12.0,"enemies":"The Guardian","floor":16.0,"turns":8.0},{"damage":14.0,"enemies":"2 Thieves","floor":18.0,"turns":2.0},{"damage":14.0,"enemies":"Colosseum Slavers","floor":22.0,"turns":2.0},{"damage":11.0,"enemies":"Colosseum Nobs","floor":22.0,"turns":3.0},{"damage":3.0,"enemies":"Chosen","floor":24.0,"turns":4.0},{"damage":9.0,"enemies":"Centurion and Healer","floor":29.0,"turns":3.0},{"damage":2.0,"enemies":"Chosen and Byrds","floor":31.0,"turns":3.0},{"damage":31.0,"enemies":"Champ","floor":33.0,"turns":7.0},{"damage":7.0,"enemies":"Orb Walker","floor":35.0,"turns":3.0},{"damage":1.0,"enemies":"3 Shapes","floor":38.0,"turns":3.0},{"damage":35.0,"enemies":"Writhing Mass","floor":39.0,"turns":5.0},{"damage":17.0,"enemies":"3 Darklings","floor":41.0,"turns":2.0},{"damage":0,"enemies":"Maw","floor":45,"turns":4},{"damage":34,"enemies":"Reptomancer","floor":46,"turns":3},{"damage":11,"enemies":"2 Orb Walkers","floor":48,"turns":3},{"damage":16,"enemies":"Donu and Deca","floor":50,"turns":4}],"seed_played":"-9014565131308508797","potions_obtained":[{"floor":5.0,"key":"Ancient Potion"},{"floor":7.0,"key":"GamblersBrew"},{"floor":11.0,"key":"FocusPotion"},{"floor":16.0,"key":"LiquidBronze"}],"is_trial":false,"path_per_floor":["M","?","?","$","M","R","E","$","T","M","M","M","M","?","R","B",null,"M","?","?","$","?","R","M","R","T","?","$","M","?","M","R","B",null,"M","?","?","M","M","R","M","$","T","$","M","E","?","?","R","B",null],"character_chosen":"DEFECT","items_purchased":["Cold Snap","Bronze Scales","Compile Driver","Storm","Apotheosis","Defragment","DollysMirror","Force Field","Heatsinks","Reinforced Body","Defragment","Glacier","White Noise","Toy Ornithopter","Ornamental Fan"],"campfire_rested":1,"item_purchase_floors":[4,4,4,8,21,28,28,28,42,42,44,44,44,44,44],"current_hp_per_floor":[52,52,45,45,45,45,32,32,32,32,26,26,33,33,33,28,75,68,68,68,68,57,57,64,64,64,50,50,41,41,53,53,29,80,80,76,76,75,70,70,63,63,63,63,73,53,53,42,69,73],"gold":293,"neow_bonus":"ONE_RARE_RELIC","is_prod":false,"is_daily":false,"chose_seed":false,"campfire_upgraded":1,"win_rate":0,"timestamp":1548991975,"path_taken":["M","?","?","$","M","R","E","$","T","M","M","M","M","?","R","BOSS","M","?","?","$","?","R","M","R","T","?","$","M","?","M","R","BOSS","M","?","?","M","M","R","M","$","T","$","M","E","?","?","R","BOSS"],"build_version":"2019-01-23","purchased_purges":4,"victory":true,"max_hp_per_floor":[75,75,75,75,75,75,75,75,75,75,75,75,75,75,75,75,75,75,75,75,75,75,75,75,75,75,80,80,80,80,80,80,80,80,80,76,76,76,76,76,76,76,76,76,76,90,90,90,90,90],"card_choices":[{"not_picked":["Beam Cell","Doom and Gloom"],"picked":"Coolheaded","floor":1.0},{"not_picked":["Blizzard","Leap"],"picked":"FTL","floor":5.0},{"not_picked":["Conserve Battery","Scrape"],"picked":"Capacitor","floor":7.0},{"not_picked":["Beam Cell","Go for the Eyes"],"picked":"Capacitor","floor":10.0},{"not_picked":["Steam","Melter"],"picked":"Electrodynamics","floor":11.0},{"not_picked":["Scrape","Lockon"],"picked":"Self Repair","floor":12.0},{"not_picked":["Melter","Gash","Stack"],"picked":"SKIP","floor":13.0},{"not_picked":["Thunder Strike","All For One"],"picked":"Electrodynamics","floor":16.0},{"not_picked":["Compile Driver","Gash","Chaos"],"picked":"SKIP","floor":18.0},{"not_picked":["Gash","Chaos"],"picked":"Compile Driver","floor":18.0},{"not_picked":["Leap","Rebound+1"],"picked":"Coolheaded","floor":22.0},{"not_picked":["Barrage","Meteor Strike"],"picked":"Storm+1","floor":24.0},{"not_picked":["Hologram","Steam"],"picked":"Self Repair","floor":29.0},{"not_picked":["Recycle+1","Turbo"],"picked":"Conserve Battery","floor":31.0},{"not_picked":["Meteor Strike","Reboot"],"picked":"Echo Form","floor":33.0},{"not_picked":["Sweeping Beam"],"picked":"SKIP","floor":35.0},{"not_picked":["Gash+1"],"picked":"SKIP","floor":38.0},{"not_picked":[],"picked":"Reinforced Body+1","floor":39.0},{"not_picked":[],"picked":"Storm","floor":41.0},{"not_picked":["Melter"],"picked":"SKIP","floor":45},{"not_picked":["Melter"],"picked":"SKIP","floor":45},{"not_picked":["Stack"],"picked":"SKIP","floor":46},{"not_picked":[],"picked":"Panache","floor":47}],"player_experience":680974,"relics_obtained":[{"floor":7.0,"key":"Peace Pipe"},{"floor":9.0,"key":"Oddly Smooth Stone"},{"floor":22.0,"key":"Pocketwatch"},{"floor":22.0,"key":"Blue Candle"},{"floor":26.0,"key":"Happy Flower"},{"floor":43.0,"key":"PreservedInsect"},{"floor":46,"key":"Mango"},{"floor":48,"key":"Du-Vu Doll"}],"event_choices":[{"cards_removed":["Strike_B"],"damage_healed":0.0,"max_hp_gain":0.0,"max_hp_loss":0.0,"gold_gain":0.0,"event_name":"The Cleric","player_choice":"Card Removal","floor":2.0,"gold_loss":50.0,"damage_taken":0.0},{"damage_healed":0.0,"max_hp_gain":0.0,"max_hp_loss":0.0,"gold_gain":0.0,"event_name":"Scrap Ooze","player_choice":"Success","floor":3.0,"gold_loss":0.0,"damage_taken":7.0,"relics_obtained":["Centennial Puzzle"]},{"damage_healed":0.0,"max_hp_gain":0.0,"max_hp_loss":0.0,"gold_gain":175.0,"event_name":"Liars Game","player_choice":"AGREE","floor":14.0,"gold_loss":0.0,"damage_taken":0.0,"cards_obtained":["Doubt"]},{"damage_healed":0.0,"max_hp_gain":0.0,"max_hp_loss":0.0,"gold_gain":99.0,"event_name":"Nest","player_choice":"Stole From Cult","floor":19.0,"gold_loss":0.0,"damage_taken":0.0},{"damage_healed":0.0,"max_hp_gain":0.0,"max_hp_loss":0.0,"gold_gain":0.0,"event_name":"Vampires","player_choice":"Ignored","floor":20.0,"gold_loss":0.0,"damage_taken":0.0},{"damage_healed":0.0,"max_hp_gain":0.0,"max_hp_loss":0.0,"gold_gain":0.0,"event_name":"Colosseum","player_choice":"Fight","floor":22.0,"gold_loss":0.0,"damage_taken":0.0},{"damage_healed":0.0,"max_hp_gain":0.0,"max_hp_loss":0.0,"gold_gain":0.0,"event_name":"Colosseum","player_choice":"Fought Nobs","floor":22.0,"gold_loss":0.0,"damage_taken":0.0},{"damage_healed":0.0,"max_hp_gain":5.0,"max_hp_loss":0.0,"gold_gain":0.0,"event_name":"Forgotten Altar","player_choice":"Shed Blood","floor":27.0,"gold_loss":0.0,"damage_taken":19.0},{"damage_healed":0.0,"max_hp_gain":0.0,"max_hp_loss":0.0,"gold_gain":0.0,"event_name":"Beggar","player_choice":"Ignored","floor":30.0,"gold_loss":0.0,"damage_taken":0.0},{"damage_healed":0.0,"max_hp_gain":0.0,"max_hp_loss":4.0,"gold_gain":0.0,"event_name":"Winding Halls","player_choice":"Max HP","floor":36.0,"gold_loss":0.0,"damage_taken":0.0},{"damage_healed":0.0,"max_hp_gain":0.0,"max_hp_loss":0.0,"gold_gain":999.0,"event_name":"MindBloom","player_choice":"Gold","floor":37.0,"gold_loss":0.0,"damage_taken":0.0,"cards_obtained":["Normality","Normality"]},{"damage_healed":0,"gold_gain":0,"player_choice":"Memory 1","damage_taken":0,"max_hp_gain":0,"max_hp_loss":0,"event_name":"SensoryStone","floor":47,"gold_loss":0},{"damage_healed":0,"gold_gain":0,"player_choice":"Fight","damage_taken":0,"max_hp_gain":0,"max_hp_loss":0,"event_name":"Mysterious Sphere","floor":48,"gold_loss":0}],"is_beta":false,"boss_relics":[{"not_picked":["Philosopher\u0027s Stone","Snecko Eye"],"picked":"Sozu"},{"not_picked":["Calling Bell","Cursed Key"],"picked":"Busted Crown"}],"items_purged_floors":[4,21,42,44],"is_endless":false,"potions_floor_spawned":[5,7,11,16,18,22,24,29,33,39,41,48],"ascension_level":0}