{"path_per_floor":["M","?","M","M","M","R","M","?","T","M","$","?","R","M","R","B",null,"M","M","M","?","$","E","$","?","T","E","T","$","T","?","R","B",null,"M","?","M","?","?","R","?","R","T","E","R","T","M","M","R","B"],"character_chosen":"IRONCLAD","items_purchased":["Pen Nib","Bottled Flame","Explosive Potion","Happy Flower"],"gold_per_floor":[114,114,133,152,171,171,190,365,440,459,234,234,234,253,253,378,378,397,416,435,435,35,103,103,103,103,141,166,16,41,41,41,166,166,185,518,533,533,566,566,566,566,566,596,596,596,611,626,626,626],"floor_reached":51,"campfire_rested":0,"playtime":1452,"current_hp_per_floor":[77,57,57,57,46,46,46,52,58,56,56,56,56,56,56,30,98,98,88,86,98,98,94,94,94,100,107,113,113,119,119,119,112,129,111,111,107,113,90,90,130,130,136,136,136,142,142,136,136,131],"items_purged":["Disarm","Strike_R"],"gold":626,"score":1054,"play_id":"0bd9be18-b9c2-4e7d-a779-78c86a375e64","local_time":"20180324202651","daily_mods":["Allstar","Cursed Run","Insanity"],"is_prod":false,"is_daily":true,"is_ascension_mode":false,"campfire_upgraded":8,"timestamp":1521919611,"path_taken":["M","?","M","M","M","R","?","?","T","?","$","?","R","M","R","BOSS","M","M","M","?","$","E","?","?","T","E","?","$","?","?","R","BOSS","M","?","M","?","?","R","?","R","T","E","R","?","M","M","R","BOSS"],"build_version":"2018-03-22v2","purchased_purges":2,"victory":true,"master_deck":["Impervious","Power Through","Warcry","Warcry+1","Flame Barrier","Sever Soul","Headbutt","Shrug It Off","Flame Barrier+1","Impervious","Entrench","Pommel Strike","Clash","Sentinel","Rampage","Corruption","Infernal Blade","Clothesline","Seeing Red","Twin Strike","Second Wind","Iron Wave","Brutality","Bash+1","Flame Barrier","Sever Soul","Uppercut+1","Bloodletting","Searing Blow","Shockwave","Headbutt","Double Tap+1","Wild Strike","Headbutt","Rage","Armaments","Shockwave+1","Anger","Sever Soul","Flex","Power Through","Corruption","Rampage","Bludgeon+1","Headbutt","Uppercut","True Grit","Blind","Transmutation+1","Whirlwind+1","Flex","Doubt","Decay","Pain","Offering","Fiend Fire+1","Pain","Parasite","Writhe","Doubt","Normality","Writhe","Clumsy","Regret","Injury"],"max_hp_per_floor":[80,80,80,80,80,80,80,86,92,92,92,92,92,92,92,98,98,98,98,98,98,98,98,98,98,104,111,117,117,123,123,123,129,129,129,129,129,135,135,135,141,141,147,147,147,153,153,153,153,159],"relics":["Cursed Key","Darkstone Periapt","Du-Vu Doll","Letter Opener","Pen Nib","Snecko Eye","Bottled Flame","Tiny Chest","War Paint","Strawberry","Orichalcum","Happy Flower","Juzu Bracelet","Sozu","Oddly Smooth Stone","Gambling Chip","Thread and Needle","Ornamental Fan","Calipers"],"card_choices":[{"not_picked":["Rupture","Sever Soul"],"picked":"Whirlwind","floor":1},{"not_picked":["Second Wind","Headbutt"],"picked":"Flex","floor":4},{"not_picked":["Berserk","Barricade"],"picked":"Offering","floor":16},{"not_picked":["Battle Trance","Wild Strike"],"picked":"Fiend Fire","floor":23}],"player_experience":163906,"potions_floor_usage":[16,16,27,33,33,50],"damage_taken":[{"damage":3,"enemies":"Jaw Worm","floor":1,"turns":2},{"damage":0,"enemies":"2 Louse","floor":3,"turns":1},{"damage":0,"enemies":"Small Slimes","floor":4,"turns":4},{"damage":11,"enemies":"Gremlin Gang","floor":5,"turns":4},{"damage":0,"enemies":"3 Louse","floor":7,"turns":1},{"damage":2,"enemies":"Exordium Wildlife","floor":10,"turns":3},{"damage":0,"enemies":"Lots of Slimes","floor":14,"turns":2},{"damage":41,"enemies":"The Guardian","floor":16,"turns":7},{"damage":0,"enemies":"2 Thieves","floor":18,"turns":1},{"damage":10,"enemies":"Spheric Guardian","floor":19,"turns":5},{"damage":2,"enemies":"Slaver and Parasite","floor":20,"turns":4},{"damage":4,"enemies":"Book of Stabbing","floor":23,"turns":4},{"damage":0,"enemies":"Slavers","floor":27,"turns":1},{"damage":13,"enemies":"Champ","floor":33,"turns":5},{"damage":18,"enemies":"3 Shapes","floor":35,"turns":1},{"damage":4,"enemies":"3 Darklings","floor":37,"turns":1},{"damage":23,"enemies":"Mysterious Sphere","floor":39,"turns":1},{"damage":0,"enemies":"2 Orb Walkers","floor":44,"turns":1},{"damage":0,"enemies":"Maw","floor":47,"turns":2},{"damage":6,"enemies":"Sphere and 2 Shapes","floor":48,"turns":1},{"damage":11,"enemies":"Time Eater","floor":50,"turns":3}],"event_choices":[{"event_name":"Golden Idol","player_choice":"Take Damage","floor":2,"damage_taken":0},{"event_name":"Liars Game","player_choice":"agreed","floor":8,"damage_taken":0},{"event_name":"Purifier","player_choice":"One Purge","floor":12,"damage_taken":0},{"event_name":"The Library","player_choice":"Heal","floor":21,"damage_taken":0},{"event_name":"The Lab","player_choice":"Got Potions","floor":25,"damage_taken":0},{"event_name":"Vampires","player_choice":"Ignored","floor":31,"damage_taken":0},{"event_name":"The Moai Head","player_choice":"Gave Idol","floor":36,"damage_taken":0},{"event_name":"Accursed Blacksmith","player_choice":"Rummage","floor":38,"damage_taken":0},{"event_name":"Mysterious Sphere","player_choice":"Fight","floor":39,"damage_taken":0},{"event_name":"Winding Halls","player_choice":"Writhe","floor":41,"damage_taken":0}],"boss_relics":[{"not_picked":["Runic Cube","Philosopher\u0027s Stone"],"picked":"Snecko Eye"},{"not_picked":["Runic Pyramid","Black Star"],"picked":"Sozu"}],"potions_floor_spawned":[3,5,7,14,20,23,33,35],"seed_played":"-8935585720801490496","ascension_level":0,"is_trial":false}