{"gold_per_floor":[118,118,118,130,130,130,149,162,162,179,190,210,210,229,229,329,329,341,341,354,10,26,26,41,41,41,141,173,191,22,22,22,124,124,144,144,69,136,136,136,161,176,176,176,208,223,223,236,236,236],"floor_reached":51,"playtime":3103,"items_purged":[],"score":985,"play_id":"6b40fd3a-b3c8-49a7-a9e9-097ceb84dbf4","local_time":"20190127214930","is_ascension_mode":true,"campfire_choices":[{"data":"Flame Barrier","floor":6.0,"key":"SMITH"},{"data":"Feel No Pain","floor":15.0,"key":"SMITH"},{"data":"1","floor":23,"key":"LIFT"},{"data":"2","floor":25,"key":"LIFT"},{"data":"3","floor":32,"key":"LIFT"},{"floor":40,"key":"REST"},{"floor":44,"key":"RECALL"},{"floor":49,"key":"REST"}],"neow_cost":"NONE","seed_source_timestamp":349660274077631,"circlet_count":0,"master_deck":["Strike_R","Strike_R","Strike_R","Strike_R","Strike_R","Defend_R","Defend_R","Defend_R","Bash","Dramatic Entrance","Flame Barrier+1","Shockwave","True Grit","True Grit+1","Power Through+1","Feed","Feel No Pain+1","Reaper","Flex+1","Iron Wave","Shrug It Off+1","Battle Trance+1","Offering+1","HandOfGreed","Limit Break+1","Corruption","Dark Shackles+1","Bandage Up+1","Feel No Pain+1","Corruption+1"],"special_seed":0,"relics":["Burning Blood","Toxic Egg 2","Dead Branch","Fusion Hammer","Enchiridion","Girya","Dodecahedron","Turnip","Singing Bowl","Philosopher\u0027s Stone","Charon\u0027s Ashes","Centennial Puzzle","Meat on the Bone","Du-Vu Doll"],"potions_floor_usage":[33,33,50,50],"damage_taken":[{"damage":1.0,"enemies":"2 Louse","floor":1.0,"turns":2.0},{"damage":0.0,"enemies":"Cultist","floor":4.0,"turns":3.0},{"damage":2.0,"enemies":"Small Slimes","floor":7.0,"turns":3.0},{"damage":6.0,"enemies":"2 Fungi Beasts","floor":8.0,"turns":3.0},{"damage":0.0,"enemies":"3 Louse","floor":10.0,"turns":3.0},{"damage":9.0,"enemies":"Exordium Thugs","floor":11.0,"turns":5.0},{"damage":26.0,"enemies":"Large Slime","floor":12.0,"turns":13.0},{"damage":6.0,"enemies":"2 Fungi Beasts","floor":14.0,"turns":2.0},{"damage":23.0,"enemies":"Hexaghost","floor":16.0,"turns":11.0},{"damage":0.0,"enemies":"3 Byrds","floor":18.0,"turns":3.0},{"damage":4.0,"enemies":"Chosen","floor":20.0,"turns":5.0},{"damage":36,"enemies":"Sentry and Sphere","floor":22,"turns":12},{"damage":3,"enemies":"Snake Plant","floor":24,"turns":3},{"damage":27,"enemies":"Slavers","floor":28,"turns":4},{"damage":5,"enemies":"3 Cultists","floor":29,"turns":6},{"damage":80,"enemies":"Collector","floor":33,"turns":11},{"damage":0,"enemies":"3 Darklings","floor":35,"turns":1},{"damage":22,"enemies":"2 Orb Walkers","floor":38,"turns":3},{"damage":6,"enemies":"Reptomancer","floor":41,"turns":3},{"damage":0,"enemies":"Orb Walker","floor":42,"turns":2},{"damage":21,"enemies":"Nemesis","floor":45,"turns":3},{"damage":0,"enemies":"Writhing Mass","floor":46,"turns":3},{"damage":0,"enemies":"3 Darklings","floor":48,"turns":2},{"damage":13,"enemies":"Donu and Deca","floor":50,"turns":4}],"seed_played":"-1766662304508158796","potions_obtained":[{"floor":3.0,"key":"Strength Potion"},{"floor":3.0,"key":"Fire Potion"},{"floor":3.0,"key":"Swift Potion"},{"floor":16.0,"key":"Energy Potion"},{"floor":18.0,"key":"Poison Potion"},{"floor":28,"key":"Strength Potion"},{"floor":35,"key":"Energy Potion"},{"floor":48,"key":"Block Potion"}],"is_trial":false,"path_per_floor":["M","$","?","M","$","R","M","M","T","M","M","M","?","M","R","B",null,"M","?","M","$","M","R","M","R","T","?","E","M","$","T","R","B",null,"M","?","$","?","?","R","E","M","T","R","E","M","?","M","R","B",null],"character_chosen":"IRONCLAD","items_purchased":["Girya","Shrug It Off+1","HandOfGreed","Corruption"],"campfire_rested":2,"item_purchase_floors":[21,21,30,37],"current_hp_per_floor":[77,77,77,80,80,80,80,80,80,80,77,57,57,60,60,43,73,86,70,80,80,50,50,63,63,63,63,64,65,65,65,65,12,68,76,76,76,74,66,92,94,94,94,94,79,93,93,98,98,98],"gold":236,"neow_bonus":"RANDOM_COLORLESS","is_prod":false,"is_daily":false,"chose_seed":false,"campfire_upgraded":2,"win_rate":0,"timestamp":1548607770,"path_taken":["M","$","?","M","?","R","?","M","T","M","M","M","?","?","R","BOSS","M","?","M","$","M","R","M","R","T","?","E","M","$","?","R","BOSS","M","?","$","?","?","R","E","M","T","R","E","M","?","M","R","BOSS"],"build_version":"2019-01-23","purchased_purges":0,"victory":true,"max_hp_per_floor":[80,80,80,80,80,80,80,80,80,80,80,80,80,83,83,83,83,86,86,86,86,86,86,86,86,86,86,86,86,86,86,86,86,86,88,88,88,90,92,92,94,94,94,94,94,96,96,98,98,98],"card_choices":[{"not_picked":["Thunderclap","Flex"],"picked":"Flame Barrier","floor":1.0},{"not_picked":["Havoc","Headbutt"],"picked":"Shockwave","floor":4.0},{"not_picked":["Burning Pact","Rampage","Sever Soul"],"picked":"SKIP","floor":7.0},{"not_picked":["Seeing Red","Flex"],"picked":"True Grit","floor":8.0},{"not_picked":["Seeing Red+1","Pommel Strike"],"picked":"True Grit+1","floor":10.0},{"not_picked":["Clash","Clothesline"],"picked":"Power Through+1","floor":11.0},{"not_picked":["Rampage","Burning Pact+1"],"picked":"Feed","floor":12.0},{"not_picked":["Armaments+1","Iron Wave"],"picked":"Feel No Pain","floor":14.0},{"not_picked":["Impervious+1","Bludgeon"],"picked":"Reaper","floor":16.0},{"not_picked":["Wild Strike+1","Body Slam"],"picked":"Flex+1","floor":18.0},{"not_picked":["Anger","Rupture"],"picked":"Iron Wave","floor":20},{"not_picked":["Anger+1","Havoc+1"],"picked":"Battle Trance+1","floor":22},{"not_picked":["Sever Soul","Uppercut","Evolve+1"],"picked":"SKIP","floor":24},{"not_picked":["Cleave","Rampage","Perfected Strike"],"picked":"SKIP","floor":28},{"not_picked":["Rage+1","Headbutt+1"],"picked":"Offering+1","floor":29},{"not_picked":["Impervious+1","Double Tap+1"],"picked":"Limit Break+1","floor":33},{"not_picked":["Hemokinesis","Dropkick+1","Pommel Strike"],"picked":"Singing Bowl","floor":35},{"not_picked":["Evolve+1","Shrug It Off+1","Intimidate+1"],"picked":"Singing Bowl","floor":38},{"not_picked":["HandOfGreed","Secret Weapon+1","Deep Breath+1"],"picked":"Singing Bowl","floor":39},{"not_picked":["Mind Blast","Swift Strike"],"picked":"Dark Shackles+1","floor":39},{"not_picked":["Trip+1","Mind Blast"],"picked":"Bandage Up+1","floor":39},{"not_picked":["Shrug It Off+1","Corruption","Twin Strike"],"picked":"Singing Bowl","floor":41},{"not_picked":["Clothesline+1","Heavy Blade+1"],"picked":"Feel No Pain+1","floor":42},{"not_picked":["Iron Wave+1","Armaments+1"],"picked":"Corruption+1","floor":45},{"not_picked":["Dropkick+1","Blood for Blood+1","Combust+1"],"picked":"Singing Bowl","floor":46},{"not_picked":["Immolate","Perfected Strike","Havoc+1"],"picked":"Singing Bowl","floor":48}],"player_experience":277602,"relics_obtained":[{"floor":9.0,"key":"Toxic Egg 2"},{"floor":19.0,"key":"Enchiridion"},{"floor":26,"key":"Dodecahedron"},{"floor":28,"key":"Turnip"},{"floor":31,"key":"Singing Bowl"},{"floor":38,"key":"Charon\u0027s Ashes"},{"floor":41,"key":"Centennial Puzzle"},{"floor":43,"key":"Meat on the Bone"},{"floor":45,"key":"Du-Vu Doll"}],"event_choices":[{"damage_healed":0.0,"max_hp_gain":0.0,"max_hp_loss":0.0,"gold_gain":0.0,"event_name":"Lab","player_choice":"Got Potions","floor":3.0,"gold_loss":0.0,"damage_taken":0.0},{"damage_healed":0.0,"max_hp_gain":0.0,"max_hp_loss":0.0,"gold_gain":0.0,"event_name":"WeMeetAgain","player_choice":"Gave Potion","floor":13.0,"gold_loss":0.0,"damage_taken":0.0,"relics_obtained":["Dead Branch"]},{"damage_healed":0.0,"max_hp_gain":0.0,"max_hp_loss":0.0,"gold_gain":0.0,"event_name":"Cursed Tome","player_choice":"Obtained Book","floor":19.0,"gold_loss":0.0,"damage_taken":16.0},{"damage_healed":0,"gold_gain":100,"player_choice":"Pray","damage_taken":0,"max_hp_gain":0,"max_hp_loss":0,"event_name":"Golden Shrine","floor":27,"gold_loss":0},{"damage_healed":0,"gold_gain":0,"player_choice":"Ignored","damage_taken":0,"max_hp_gain":0,"max_hp_loss":0,"event_name":"Tomb of Lord Red Mask","floor":36,"gold_loss":0},{"damage_healed":0,"gold_gain":0,"player_choice":"Fight","damage_taken":0,"max_hp_gain":0,"max_hp_loss":0,"event_name":"Mysterious Sphere","floor":38,"gold_loss":0},{"damage_healed":0,"gold_gain":0,"player_choice":"Memory 3","damage_taken":10,"max_hp_gain":0,"max_hp_loss":0,"event_name":"SensoryStone","floor":39,"gold_loss":0},{"cards_removed":["Defend_R"],"damage_healed":0,"gold_gain":0,"player_choice":"Removed Skill","damage_taken":0,"max_hp_gain":0,"max_hp_loss":0,"event_name":"Falling","floor":47,"gold_loss":0}],"is_beta":false,"boss_relics":[{"not_picked":["White Beast Statue","Eternal Feather"],"picked":"Fusion Hammer"},{"not_picked":["Lizard Tail","Velvet Choker"],"picked":"Philosopher\u0027s Stone"}],"items_purged_floors":[],"is_endless":false,"potions_floor_spawned":[7,10,16,18,28,29,35,48],"ascension_level":6}