{"path_per_floor":["M","M","$","?","?","E","R","E","T","$","?","E","M","?","R","B",null,"M","?","?","T","?","E","M","R","T","?","E","R","E","$","R","B",null,"M","M","M","?","?","E","R","E","T","M","?","?","R","E","R","B"],"character_chosen":"DEFECT","items_purchased":["Conserve Battery","Bronze Scales","Mind Blast","Cables","All For One"],"gold_per_floor":[117,136,37,212,212,238,238,263,263,18,40,70,89,89,89,192,192,202,202,202,226,226,251,262,262,311,311,311,311,340,22,22,124,124,137,155,169,0,0,32,32,59,59,79,131,131,131,161,161,161],"floor_reached":51,"campfire_rested":3,"playtime":6900,"item_purchase_floors":[3,10,10,31,31],"current_hp_per_floor":[68,66,66,66,66,50,50,34,34,34,33,26,26,26,26,17,61,61,47,47,47,31,24,24,48,48,48,48,48,48,48,72,1,60,60,60,60,60,80,69,69,61,61,61,60,50,50,48,80,27],"items_purged":["Injury"],"gold":161,"score":1214,"play_id":"d8842c57-6512-4813-9fc3-8469b67a3e65","local_time":"20180618230114","is_prod":false,"is_daily":false,"chose_seed":false,"is_ascension_mode":true,"campfire_upgraded":5,"win_rate":0,"timestamp":1529355674,"campfire_choices":[{"data":"Zap","floor":7,"key":"SMITH"},{"data":"Mind Blast","floor":15,"key":"SMITH"},{"floor":25,"key":"REST"},{"data":"Rip and Tear","floor":29,"key":"SMITH"},{"floor":32,"key":"REST"},{"data":"Rainbow","floor":41,"key":"SMITH"},{"data":"Defragment","floor":47,"key":"SMITH"},{"floor":49,"key":"REST"}],"path_taken":["M","M","$","?","?","E","R","E","T","$","?","E","M","?","R","BOSS","M","?","?","?","?","E","M","R","T","?","E","R","E","$","R","BOSS","M","M","M","?","?","E","R","E","T","M","?","?","R","E","R","BOSS"],"build_version":"2018-06-14v2","seed_source_timestamp":12425492180278,"purchased_purges":1,"victory":true,"master_deck":["Strike_B","Strike_B","Strike_B","Strike_B","Defend_B","Defend_B","Defend_B","Defend_B","Zap+1","Dualcast","Leap","Rip and Tear+1","Conserve Battery","BootSequence","Electrodynamics","Mind Blast+1","Steam","Hologram","Sweeping Beam","Creative AI+1","Cold Snap+1","Rip and Tear+1","Conserve Battery+1","Conserve Battery+1","All For One","Rainbow+1","Hologram+1","Go for the Eyes+1","Storm+1","Writhe","Hologram+1","Hologram+1","Defragment+1","Steam+1","Dramatic Entrance","Dramatic Entrance","Thinking Ahead","Scrape+1"],"max_hp_per_floor":[75,75,75,75,75,75,75,75,75,75,75,75,75,75,75,75,75,75,80,80,80,80,80,80,80,80,80,80,80,80,80,80,80,80,80,80,80,80,80,80,80,80,80,80,80,80,80,80,80,80],"relics":["Cracked Core","Torii","Centennial Puzzle","Pen Nib","Juzu Bracelet","Bronze Scales","Odd Mushroom","Mercury Hourglass","White Beast Statue","Oddly Smooth Stone","Nilry\u0027s Codex","Anchor","Bag of Marbles","Orichalcum","Cables","Sozu","Red Mask","Regal Pillow","Art of War","Singing Bowl","Girya","Potion Belt"],"card_choices":[{"not_picked":["Compile Driver","Capacitor"],"picked":"Leap","floor":1},{"not_picked":["Recycle","Force Field"],"picked":"Rip and Tear","floor":2},{"not_picked":["Go for the Eyes","Aggregate"],"picked":"BootSequence","floor":6},{"not_picked":["Beam Cell","Capacitor"],"picked":"Electrodynamics","floor":8},{"not_picked":["Self Repair","BootSequence"],"picked":"Steam","floor":11},{"not_picked":["Lockon","Streamline"],"picked":"Hologram","floor":12},{"not_picked":["Gash","Rebound"],"picked":"Sweeping Beam","floor":13},{"not_picked":["Seek","Hyperbeam"],"picked":"Creative AI","floor":16},{"not_picked":["Chill+1","Skim+1"],"picked":"Cold Snap+1","floor":18},{"not_picked":["Reinforced Body+1","Steam"],"picked":"Rip and Tear+1","floor":23},{"not_picked":["Redo","Self Repair"],"picked":"Conserve Battery+1","floor":24},{"not_picked":["Leap","Cold Snap"],"picked":"Conserve Battery+1","floor":30},{"not_picked":["Meteor Strike","Multi-Cast"],"picked":"Rainbow","floor":33},{"not_picked":["Coolheaded","Cold Snap"],"picked":"Hologram+1","floor":35},{"not_picked":["Sunder","Barrage"],"picked":"Go for the Eyes+1","floor":36},{"not_picked":["Redo","Ball Lightning"],"picked":"Storm+1","floor":37},{"not_picked":["Coolheaded+1","Compile Driver"],"picked":"Hologram+1","floor":40},{"not_picked":["Double Energy","Heatsinks+1"],"picked":"Hologram+1","floor":42},{"not_picked":["Genetic Algorithm+1","Cold Snap+1"],"picked":"Defragment","floor":44},{"not_picked":["Hyperbeam","Consume+1"],"picked":"Steam+1","floor":45},{"not_picked":["Transmutation","Finesse"],"picked":"Dramatic Entrance","floor":46},{"not_picked":["Trip","Bandage Up"],"picked":"Dramatic Entrance","floor":46},{"not_picked":["Dramatic Entrance","Flash of Steel"],"picked":"Thinking Ahead","floor":46},{"not_picked":["Gash+1","Beam Cell"],"picked":"Scrape+1","floor":48}],"player_experience":769079,"potions_floor_usage":[6,6,8,23,23,28,30,50,50],"damage_taken":[{"damage":0,"enemies":"Small Slimes","floor":1,"turns":2},{"damage":2,"enemies":"Jaw Worm","floor":2,"turns":4},{"damage":16,"enemies":"Gremlin Nob","floor":6,"turns":4},{"damage":16,"enemies":"Lagavulin","floor":8,"turns":8},{"damage":1,"floor":11,"turns":2},{"damage":7,"enemies":"3 Sentries","floor":12,"turns":3},{"damage":0,"enemies":"Cultist","floor":13,"turns":3},{"damage":9,"enemies":"Hexaghost","floor":16,"turns":8},{"damage":0,"enemies":"3 Byrds","floor":18,"turns":2},{"damage":7,"enemies":"Slavers","floor":23,"turns":3},{"damage":0,"enemies":"Chosen","floor":24,"turns":5},{"damage":0,"enemies":"Gremlin Leader","floor":28,"turns":4},{"damage":0,"enemies":"Slavers","floor":30,"turns":4},{"damage":71,"enemies":"Automaton","floor":33,"turns":11},{"damage":0,"enemies":"3 Darklings","floor":35,"turns":3},{"damage":0,"enemies":"3 Shapes","floor":36,"turns":4},{"damage":0,"enemies":"Sphere and 2 Shapes","floor":37,"turns":3},{"damage":11,"enemies":"2 Orb Walkers","floor":40,"turns":4},{"damage":8,"enemies":"Giant Head","floor":42,"turns":7},{"damage":0,"enemies":"4 Shapes","floor":44,"turns":3},{"damage":1,"floor":45,"turns":3},{"damage":2,"enemies":"Nemesis","floor":48,"turns":5},{"damage":53,"enemies":"Awakened One","floor":50,"turns":12}],"relics_obtained":[{"floor":6,"key":"Centennial Puzzle"},{"floor":8,"key":"Pen Nib"},{"floor":9,"key":"Juzu Bracelet"},{"floor":11,"key":"Odd Mushroom"},{"floor":12,"key":"Mercury Hourglass"},{"floor":21,"key":"Oddly Smooth Stone"},{"floor":22,"key":"Nilry\u0027s Codex"},{"floor":23,"key":"Anchor"},{"floor":26,"key":"Bag of Marbles"},{"floor":30,"key":"Orichalcum"},{"floor":40,"key":"Regal Pillow"},{"floor":42,"key":"Art of War"},{"floor":43,"key":"Singing Bowl"},{"floor":45,"key":"Girya"},{"floor":48,"key":"Potion Belt"}],"event_choices":[{"event_name":"Liars Game","player_choice":"agreed","floor":4,"damage_taken":0},{"event_name":"The Lab","player_choice":"Got Potions","floor":5,"damage_taken":0},{"event_name":"Mushrooms","player_choice":"Fought Mushrooms","floor":11,"damage_taken":0},{"event_name":"Fountain of Cleansing","player_choice":"Removed Curse","floor":14,"damage_taken":0},{"event_name":"Forgotten Altar","player_choice":"Shed Blood","floor":19,"damage_taken":0},{"event_name":"Drug Dealer","player_choice":"Ignored","floor":20,"damage_taken":0},{"event_name":"Cursed Tome","player_choice":"Obtained Book","floor":22,"damage_taken":0},{"event_name":"Upgrade Shrine","player_choice":"Upgraded","floor":27,"damage_taken":0},{"event_name":"Tomb of Lord Red Mask","player_choice":"Paid","floor":38,"damage_taken":0},{"event_name":"Winding Halls","player_choice":"Writhe","floor":39,"damage_taken":0},{"event_name":"Mysterious Sphere","player_choice":"Fight","floor":45,"damage_taken":0},{"event_name":"SensoryStone","player_choice":"Memory 3","floor":46,"damage_taken":0}],"boss_relics":[{"not_picked":["Snecko Eye","Runic Pyramid"],"picked":"White Beast Statue"},{"not_picked":["Inserter","Black Star"],"picked":"Sozu"}],"items_purged_floors":[3],"is_endless":false,"potions_floor_spawned":[1,8,16,18,23,24,28,30,33,35,36,37,40,42,44,45,48],"seed_played":"-4100607206140493729","ascension_level":9,"potions_obtained":[{"floor":1,"key":"Dexterity Potion"},{"floor":5,"key":"FocusPotion"},{"floor":5,"key":"Dexterity Potion"},{"floor":8,"key":"Ancient Potion"},{"floor":16,"key":"SpeedPotion"},{"floor":18,"key":"Explosive Potion"},{"floor":23,"key":"Fire Potion"},{"floor":24,"key":"SmokeBomb"},{"floor":30,"key":"EssenceOfSteel"},{"floor":33,"key":"FearPotion"}],"is_trial":false}