{"path_per_floor":["M","?","M","M","M","E","R","?","T","T","R","M","M","M","R","B",null,"M","M","M","T","M","R","$","?","T","M","R","M","M","M","R","B",null,"M","?","$","$","T","R","M","M","T","?","M","R","M","M","R","B"],"character_chosen":"THE_SILENT","items_purchased":["Thread and Needle","Caltrops","Bag of Marbles","War Paint","Terror"],"gold_per_floor":[119,119,143,156,175,208,208,308,333,358,358,372,392,410,410,529,529,552,568,584,584,598,598,145,145,171,195,195,213,226,240,240,364,364,377,377,36,36,61,61,80,93,117,178,199,199,218,241,241,241],"floor_reached":51,"campfire_rested":1,"playtime":2114,"current_hp_per_floor":[70,53,53,53,53,32,32,27,27,27,27,27,27,27,63,51,70,70,70,68,68,68,68,68,68,68,68,68,68,68,64,64,50,70,67,67,67,67,67,67,67,67,67,67,66,66,66,66,66,30],"items_purged":["Strike_G"],"gold":241,"score":682,"play_id":"78db6d10-ca3a-4653-b6d9-65c134d42f8a","local_time":"20180423073115","is_prod":false,"is_daily":false,"chose_seed":false,"is_ascension_mode":false,"campfire_upgraded":8,"timestamp":1524461475,"path_taken":["M","?","M","M","M","E","R","?","T","?","R","?","M","?","R","BOSS","M","M","M","?","M","R","$","?","T","?","R","M","M","M","R","BOSS","M","?","?","$","?","R","M","M","T","?","M","R","M","M","R","BOSS"],"build_version":"2018-04-19","seed_source_timestamp":1020923505249,"purchased_purges":1,"victory":true,"master_deck":["Defend_G+1","Defend_G","Defend_G","Defend_G","Defend_G+1","Strike_G+1","Strike_G","Strike_G+1","Strike_G","Survivor+1","Neutralize+1","Dagger Throw","PiercingWail","Cloak And Dagger+1","Poisoned Stab","Dagger Spray+1","Glass Knife+1","Deflect","Unload","Tools of the Trade","Flying Knee","Riddle With Holes+1","Cloak And Dagger+1","Backstab","Caltrops+1","Dash+1","Deflect+1","Envenom+1","Glass Knife+1","Cloak And Dagger+1","Terror","Deflect","Caltrops","Malaise+1","Deadly Poison+1"],"max_hp_per_floor":[70,70,70,70,70,70,70,70,70,70,70,70,70,70,70,70,70,70,70,70,70,70,70,70,70,70,70,70,70,70,70,70,70,70,70,70,70,70,70,70,70,70,70,70,70,70,70,70,70,70],"relics":["Ring of the Snake","Golden Idol","Bronze Scales","Tiny Chest","Bag of Preparation","Regal Pillow","Sozu","Kunai","Thread and Needle","Snake Skull","Lizard Tail","Bag of Marbles","War Paint","Whetstone","Oddly Smooth Stone","Gambling Chip"],"card_choices":[{"not_picked":["Prepared","Acrobatics"],"picked":"Dagger Throw","floor":1},{"not_picked":["Underhanded Strike","Dagger Throw"],"picked":"PiercingWail","floor":3},{"not_picked":["Setup","Dagger Throw"],"picked":"Cloak And Dagger","floor":4},{"not_picked":["Finisher","Blur"],"picked":"Poisoned Stab","floor":5},{"not_picked":["Riddle With Holes","Dagger Throw"],"picked":"Dagger Spray","floor":6},{"not_picked":["Prepared","Terror"],"picked":"Glass Knife","floor":8},{"not_picked":["Deadly Poison","Bane"],"picked":"Deflect","floor":13},{"not_picked":["Dagger Throw","Acrobatics"],"picked":"Unload","floor":14},{"not_picked":["Wraith Form v2","Doppelganger"],"picked":"Tools of the Trade","floor":16},{"not_picked":["Bouncing Flask","Dagger Spray"],"picked":"Flying Knee","floor":18},{"not_picked":["Acrobatics","Deflect"],"picked":"Riddle With Holes","floor":19},{"not_picked":["Sucker Punch","Underhanded Strike"],"picked":"Cloak And Dagger","floor":20},{"not_picked":["Sucker Punch","Acrobatics"],"picked":"Backstab","floor":22},{"not_picked":["Choke","Heel Hook"],"picked":"Dash","floor":27},{"not_picked":["Dash","Eviscerate"],"picked":"Deflect","floor":29},{"not_picked":["Crippling Poison","Dagger Throw"],"picked":"Deadly Poison","floor":30},{"not_picked":["Flying Knee","Distraction"],"picked":"Envenom","floor":31},{"not_picked":["Tools of the Trade","Wraith Form v2"],"picked":"Glass Knife","floor":33},{"not_picked":["Prepared","Outmaneuver"],"picked":"Cloak And Dagger","floor":35},{"not_picked":["Heel Hook","Prepared"],"picked":"Deflect","floor":41},{"not_picked":["Envenom","Deadly Poison"],"picked":"Caltrops","floor":42},{"not_picked":["Sucker Punch","Dagger Throw"],"picked":"Malaise","floor":44},{"not_picked":["Dagger Throw","Dodge and Roll"],"picked":"Deadly Poison","floor":48}],"player_experience":514792,"potions_floor_usage":[20,33],"damage_taken":[{"damage":0,"enemies":"2 Louse","floor":1,"turns":3},{"damage":0,"enemies":"Jaw Worm","floor":3,"turns":4},{"damage":0,"enemies":"Small Slimes","floor":4,"turns":3},{"damage":0,"enemies":"3 Louse","floor":5,"turns":3},{"damage":21,"enemies":"Gremlin Nob","floor":6,"turns":5},{"damage":5,"enemies":"3 Sentries","floor":8,"turns":5},{"damage":0,"enemies":"Blue Slaver","floor":12,"turns":2},{"damage":0,"enemies":"Lots of Slimes","floor":13,"turns":1},{"damage":0,"enemies":"Looter","floor":14,"turns":2},{"damage":12,"enemies":"Hexaghost","floor":16,"turns":9},{"damage":0,"enemies":"3 Byrds","floor":18,"turns":3},{"damage":0,"enemies":"Shell Parasite","floor":19,"turns":3},{"damage":2,"enemies":"Chosen and Byrds","floor":20,"turns":4},{"damage":0,"enemies":"Snecko","floor":22,"turns":4},{"damage":0,"enemies":"Sentry and Sphere","floor":27,"turns":4},{"damage":0,"enemies":"Cultist and Chosen","floor":29,"turns":5},{"damage":0,"enemies":"Snake Plant","floor":30,"turns":2},{"damage":4,"enemies":"Snecko","floor":31,"turns":4},{"damage":14,"enemies":"Champ","floor":33,"turns":9},{"damage":3,"enemies":"Orb Walker","floor":35,"turns":3},{"damage":0,"enemies":"3 Shapes","floor":41,"turns":2},{"damage":0,"enemies":"3 Darklings","floor":42,"turns":4},{"damage":0,"enemies":"Sphère mystérieuse","floor":44,"turns":6},{"damage":1,"enemies":"Sphere and 2 Shapes","floor":45,"turns":6},{"damage":0,"enemies":"4 Shapes","floor":47,"turns":3},{"damage":0,"enemies":"Maw","floor":48,"turns":6},{"damage":36,"enemies":"Time Eater","floor":50,"turns":10}],"event_choices":[{"event_name":"Golden Idol","player_choice":"Take Damage","floor":2,"damage_taken":0},{"event_name":"Dead Adventurer","player_choice":"Searched \u00272\u0027 times","floor":8,"damage_taken":0},{"event_name":"Upgrade Shrine","player_choice":"Upgraded","floor":25,"damage_taken":0},{"event_name":"Mysterious Sphere","player_choice":"Fight","floor":44,"damage_taken":0}],"boss_relics":[{"not_picked":["Ectoplasm","Eternal Feather"],"picked":"Sozu"},{"not_picked":["White Beast Statue","Tiny House"],"picked":"Lizard Tail"}],"potions_floor_spawned":[3,6,8,16,20,22,27,31,33,41,44,48],"seed_played":"4640063805156866595","ascension_level":0,"is_trial":false}