{"gold_per_floor":[111,36,36,36,52,82,97,116,142,154,185,204,204,217,217,294,294,307,318,333,214,226,257,257,267,294,294,294,294,77,110,110,184,184,200,150,168,118,118,118,132,142,142,156,156,106,56,81,81,81,81,81,81,2,36,36],"floor_reached":56,"playtime":3362,"items_purged":["Anger","Combust","Rupture","Clothesline","Immolate","Clash"],"score":2078,"play_id":"4394bb50-1c94-4b19-b685-201f81e48b26","local_time":"20181228230056","is_ascension_mode":true,"campfire_choices":[{"data":"Disarm","floor":13.0,"key":"SMITH"},{"data":"Rampage","floor":15.0,"key":"SMITH"},{"floor":24.0,"key":"REST"},{"data":"Armaments","floor":28.0,"key":"SMITH"},{"data":"Offering","floor":32.0,"key":"SMITH"},{"data":"True Grit","floor":40.0,"key":"SMITH"},{"floor":45.0,"key":"RECALL"},{"floor":49.0,"key":"REST"},{"data":"Exhume","floor":53.0,"key":"SMITH"}],"neow_cost":"NONE","seed_source_timestamp":41798165713947,"circlet_count":0,"master_deck":["AscendersBane","Bash+1","Disarm+1","Rampage+1","Flame Barrier","Offering+1","Intimidate","True Grit+1","True Grit","Disarm","Armaments+1","Second Wind","Power Through","Impervious","Exhume+1","Reaper","Feel No Pain+1"],"special_seed":0,"relics":["Burning Blood","NeowsBlessing","Anchor","Art of War","Oddly Smooth Stone","Pandora\u0027s Box","Pocketwatch","Smiling Mask","Lantern","Red Mask","Orrery","Dodecahedron","StoneCalendar"],"potions_floor_usage":[56],"damage_taken":[{"damage":0.0,"enemies":"2 Louse","floor":1.0,"turns":1.0},{"damage":0.0,"enemies":"Jaw Worm","floor":5.0,"turns":1.0},{"damage":0.0,"enemies":"Gremlin Nob","floor":6.0,"turns":1.0},{"damage":10.0,"enemies":"Small Slimes","floor":7.0,"turns":4.0},{"damage":28.0,"enemies":"Exordium Thugs","floor":8.0,"turns":4.0},{"damage":10.0,"enemies":"Large Slime","floor":10.0,"turns":7.0},{"damage":17.0,"enemies":"Lagavulin","floor":11.0,"turns":7.0},{"damage":1.0,"enemies":"Blue Slaver","floor":12.0,"turns":5.0},{"damage":0.0,"enemies":"Exordium Wildlife","floor":14.0,"turns":3.0},{"damage":28.0,"enemies":"The Guardian","floor":16.0,"turns":12.0},{"damage":17.0,"enemies":"Spheric Guardian","floor":18.0,"turns":4.0},{"damage":13.0,"enemies":"2 Thieves","floor":19.0,"turns":4.0},{"damage":19.0,"enemies":"Centurion and Healer","floor":20.0,"turns":8.0},{"damage":14.0,"enemies":"3 Cultists","floor":22.0,"turns":4.0},{"damage":6.0,"enemies":"Gremlin Leader","floor":23.0,"turns":7.0},{"damage":1.0,"enemies":"Snake Plant","floor":25.0,"turns":5.0},{"damage":9.0,"enemies":"Colosseum Slavers","floor":27.0,"turns":5.0},{"damage":6.0,"enemies":"Masked Bandits","floor":31.0,"turns":3.0},{"damage":6.0,"enemies":"Champ","floor":33.0,"turns":11.0},{"damage":8.0,"enemies":"Orb Walker","floor":35.0,"turns":3.0},{"damage":9.0,"enemies":"3 Shapes","floor":37.0,"turns":4.0},{"damage":16.0,"enemies":"Spire Growth","floor":41.0,"turns":10.0},{"damage":45.0,"enemies":"4 Shapes","floor":42.0,"turns":7.0},{"damage":12.0,"enemies":"Jaw Worm Horde","floor":44.0,"turns":6.0},{"damage":20.0,"enemies":"Giant Head","floor":48.0,"turns":10.0},{"damage":17.0,"enemies":"Time Eater","floor":50.0,"turns":15.0},{"damage":28.0,"enemies":"Awakened One","floor":51.0,"turns":17.0},{"damage":31.0,"enemies":"Shield and Spear","floor":55.0,"turns":11.0},{"damage":66,"enemies":"The Heart","floor":56,"turns":9}],"seed_played":"-4383647505414186487","potions_obtained":[{"floor":5.0,"key":"Poison Potion"},{"floor":7.0,"key":"Dexterity Potion"},{"floor":11.0,"key":"Strength Potion"},{"floor":16.0,"key":"EssenceOfSteel"},{"floor":19.0,"key":"SpeedPotion"},{"floor":20.0,"key":"SkillPotion"},{"floor":25.0,"key":"FearPotion"},{"floor":37.0,"key":"LiquidBronze"},{"floor":44.0,"key":"Weak Potion"}],"is_trial":false,"path_per_floor":["M","?","?","?","M","E","M","M","T","M","E","M","R","M","R","B",null,"M","M","M","$","M","E","R","M","T","?","R","?","$","?","R","B",null,"M","$","M","$","?","R","M","M","T","M","R","$","$","E","R","B","B",null,"R","$","E","B"],"character_chosen":"IRONCLAD","items_purchased":["Second Wind","Lantern","Regen Potion"],"campfire_rested":2,"item_purchase_floors":[21,30,54],"current_hp_per_floor":[74,74,74,51,57,63,59,37,37,33,22,27,27,33,33,11,59,48,41,28,28,20,20,42,47,47,44,44,44,44,44,44,44,67,65,65,62,62,62,62,57,50,50,44,44,44,44,41,63,56,46,68,68,68,63,0],"gold":36,"neow_bonus":"THREE_ENEMY_KILL","is_prod":false,"is_daily":false,"chose_seed":false,"campfire_upgraded":6,"win_rate":0,"timestamp":1546005656,"path_taken":["M","?","?","?","M","E","M","?","T","M","E","M","R","M","R","BOSS","M","M","M","$","M","E","R","M","T","?","R","?","?","?","R","BOSS","M","$","M","$","?","R","M","M","T","M","R","?","$","E","R","BOSS","BOSS","R","$","E","BOSS"],"build_version":"2018-12-20","purchased_purges":6,"victory":false,"max_hp_per_floor":[75,75,75,75,75,75,75,75,75,75,75,75,75,75,75,75,75,75,75,75,75,75,75,75,75,75,75,75,75,75,75,75,75,75,75,75,75,75,75,75,75,75,75,75,75,75,75,75,75,75,75,75,75,75,75,75],"card_choices":[{"not_picked":["Flex","Anger"],"picked":"Clothesline","floor":1.0},{"not_picked":["Headbutt","Havoc","Perfected Strike"],"picked":"SKIP","floor":5.0},{"not_picked":["Headbutt","Havoc","Perfected Strike"],"picked":"SKIP","floor":5.0},{"not_picked":["Barricade","Headbutt"],"picked":"Disarm","floor":6.0},{"not_picked":["Heavy Blade","Pommel Strike","Thunderclap"],"picked":"SKIP","floor":7.0},{"not_picked":["Pommel Strike","Perfected Strike","Twin Strike"],"picked":"SKIP","floor":8.0},{"not_picked":["Pommel Strike","Perfected Strike","Twin Strike"],"picked":"SKIP","floor":8.0},{"not_picked":["Twin Strike","Flex"],"picked":"Clash","floor":10.0},{"not_picked":["Warcry","Heavy Blade","Perfected Strike"],"picked":"SKIP","floor":11.0},{"not_picked":["Body Slam","Hemokinesis"],"picked":"Rampage","floor":12.0},{"not_picked":["Whirlwind","Iron Wave"],"picked":"Flame Barrier","floor":14.0},{"not_picked":["Bludgeon","Juggernaut"],"picked":"Offering","floor":16.0},{"not_picked":["Clash","Wild Strike"],"picked":"Armaments","floor":18.0},{"not_picked":["Warcry","Pommel Strike+1","Anger"],"picked":"SKIP","floor":19.0},{"not_picked":["Perfected Strike","Rupture","Thunderclap"],"picked":"SKIP","floor":20.0},{"not_picked":["Combust","Clothesline","Inflame"],"picked":"SKIP","floor":22.0},{"not_picked":["Dual Wield","Body Slam","Immolate"],"picked":"SKIP","floor":23.0},{"not_picked":["Cleave","True Grit"],"picked":"Power Through","floor":25.0},{"not_picked":["Exhume","Immolate"],"picked":"Impervious","floor":33.0},{"not_picked":["Armaments","Sever Soul"],"picked":"Exhume","floor":34.0},{"not_picked":["Warcry","Havoc","Flame Barrier+1"],"picked":"SKIP","floor":35.0},{"not_picked":["Warcry","Heavy Blade+1","Wild Strike"],"picked":"SKIP","floor":37.0},{"not_picked":["Twin Strike","Heavy Blade","Clash"],"picked":"SKIP","floor":41.0},{"not_picked":["Inflame","Searing Blow","Clash"],"picked":"SKIP","floor":42.0},{"not_picked":["Shockwave","Perfected Strike"],"picked":"Feel No Pain+1","floor":44.0},{"not_picked":["Flame Barrier","Sever Soul","Berserk"],"picked":"SKIP","floor":48.0},{"not_picked":["Carnage+1","Dual Wield","Twin Strike+1"],"picked":"SKIP","floor":55.0}],"player_experience":882027,"relics_obtained":[{"floor":6.0,"key":"Anchor"},{"floor":9.0,"key":"Art of War"},{"floor":11.0,"key":"Oddly Smooth Stone"},{"floor":23.0,"key":"Pocketwatch"},{"floor":26.0,"key":"Smiling Mask"},{"floor":31.0,"key":"Red Mask"},{"floor":48.0,"key":"Dodecahedron"},{"floor":55.0,"key":"StoneCalendar"}],"event_choices":[{"cards_removed":["Strike_R"],"damage_healed":0.0,"max_hp_gain":0.0,"max_hp_loss":0.0,"gold_gain":0.0,"event_name":"The Cleric","player_choice":"Card Removal","floor":2.0,"gold_loss":75.0,"damage_taken":0.0},{"damage_healed":0.0,"max_hp_gain":0.0,"max_hp_loss":0.0,"gold_gain":0.0,"event_name":"Liars Game","player_choice":"Ignored","floor":3.0,"gold_loss":0.0,"damage_taken":0.0},{"damage_healed":0.0,"max_hp_gain":0.0,"max_hp_loss":0.0,"gold_gain":0.0,"event_name":"Shining Light","player_choice":"Entered Light","floor":4.0,"gold_loss":0.0,"damage_taken":23.0,"cards_upgraded":["Defend_R","Bash"]},{"damage_healed":0.0,"max_hp_gain":0.0,"max_hp_loss":0.0,"gold_gain":0.0,"event_name":"Colosseum","player_choice":"Fight","floor":27.0,"gold_loss":0.0,"damage_taken":0.0},{"damage_healed":0.0,"max_hp_gain":0.0,"max_hp_loss":0.0,"gold_gain":0.0,"event_name":"Colosseum","player_choice":"Fled From Nobs","floor":27.0,"gold_loss":0.0,"damage_taken":0.0},{"damage_healed":0.0,"max_hp_gain":0.0,"max_hp_loss":0.0,"gold_gain":0.0,"event_name":"Cursed Tome","player_choice":"Ignored","floor":29.0,"gold_loss":0.0,"damage_taken":0.0},{"damage_healed":0.0,"max_hp_gain":0.0,"max_hp_loss":0.0,"gold_gain":0.0,"event_name":"Masked Bandits","player_choice":"Fought Bandits","floor":31.0,"gold_loss":0.0,"damage_taken":0.0},{"damage_healed":0.0,"max_hp_gain":0.0,"max_hp_loss":0.0,"gold_gain":0.0,"event_name":"Match and Keep!","player_choice":"1 cards matched","floor":39.0,"gold_loss":0.0,"damage_taken":0.0,"cards_obtained":["Reaper"]}],"is_beta":false,"boss_relics":[{"not_picked":["Mark of Pain","Velvet Choker"],"picked":"Pandora\u0027s Box"},{"not_picked":["Snecko Eye","Fusion Hammer"],"picked":"Orrery"}],"items_purged_floors":[21,30,36,38,46,47],"is_endless":false,"potions_floor_spawned":[5,7,11,16,19,20,25,37,44],"killed_by":"The Heart","ascension_level":20}