{"gold_per_floor":[114,114,189,41,56,56,10,10,34,59,71,118,130,142,154,264,276,304,334,346,375,398,86,105,105,105,105,105,120,130,146,146,244,244,264,111,111,111,111,111,126,145,145,165,22,34,49,65,65,65,65,65,14,43,43],"floor_reached":56,"playtime":4355,"items_purged":["Strike_B","Strike_B"],"score":1126,"play_id":"01d053a5-ed84-44b6-9196-90e6450a125f","local_time":"20190105142150","is_ascension_mode":false,"campfire_choices":[{"data":"Zap","floor":6.0,"key":"SMITH"},{"data":"Conserve Battery","floor":8.0,"key":"SMITH"},{"data":"Go for the Eyes","floor":11.0,"key":"SMITH"},{"data":"Sunder","floor":13.0,"key":"SMITH"},{"data":"Dualcast","floor":15.0,"key":"SMITH"},{"data":"Defragment","floor":25.0,"key":"SMITH"},{"data":"Chill","floor":27.0,"key":"SMITH"},{"floor":32.0,"key":"RECALL"},{"data":"Echo Form","floor":40.0,"key":"SMITH"},{"floor":49.0,"key":"REST"},{"data":"Defragment","floor":52.0,"key":"SMITH"}],"neow_cost":"NONE","seed_source_timestamp":4245879822018,"circlet_count":0,"master_deck":["Defend_B","Zap+1","Dualcast+1","Cold Snap","Conserve Battery+1","Sunder+1","Go for the Eyes+1","Cold Snap","Coolheaded+1","Chill+1","Glacier","Defragment+1","Conserve Battery+1","Go for the Eyes+1","Leap+1","Echo Form+1","Amplify+1","Creative AI+1","Leap+1","Defragment+1","Biased Cognition"],"special_seed":0,"relics":["Cracked Core","Happy Flower","MawBank","Letter Opener","Blue Candle","Empty Cage","Lantern","Astrolabe","DataDisk","Pantograph","Bag of Preparation","Boot"],"potions_floor_usage":[55,55,55],"damage_taken":[{"damage":1.0,"enemies":"2 Louse","floor":1.0,"turns":3.0},{"damage":0.0,"enemies":"Cultist","floor":5.0,"turns":3.0},{"damage":1.0,"enemies":"Jaw Worm","floor":10.0,"turns":3.0},{"damage":17.0,"enemies":"3 Sentries","floor":12.0,"turns":8.0},{"damage":12.0,"enemies":"Hexaghost","floor":16.0,"turns":10.0},{"damage":1.0,"enemies":"Chosen","floor":18.0,"turns":3.0},{"damage":1.0,"enemies":"Spheric Guardian","floor":19.0,"turns":4.0},{"damage":11.0,"enemies":"Chosen and Byrds","floor":21.0,"turns":7.0},{"damage":13.0,"enemies":"Centurion and Healer","floor":22.0,"turns":6.0},{"damage":0.0,"enemies":"Snake Plant","floor":24.0,"turns":5.0},{"damage":0.0,"enemies":"Chosen and Byrds","floor":29.0,"turns":5.0},{"damage":0.0,"enemies":"Cultist and Chosen","floor":30.0,"turns":8.0},{"damage":1.0,"enemies":"Centurion and Healer","floor":31.0,"turns":15.0},{"damage":31.0,"enemies":"Automaton","floor":33.0,"turns":19.0},{"damage":0.0,"enemies":"3 Shapes","floor":35.0,"turns":7.0},{"damage":0.0,"enemies":"Orb Walker","floor":41.0,"turns":4.0},{"damage":4.0,"enemies":"Transient","floor":42.0,"turns":5.0},{"damage":15.0,"enemies":"Maw","floor":44.0,"turns":8.0},{"damage":0.0,"enemies":"Sphere and 2 Shapes","floor":46.0,"turns":6.0},{"damage":1.0,"enemies":"Spire Growth","floor":47.0,"turns":8.0},{"damage":0.0,"enemies":"3 Darklings","floor":48.0,"turns":7.0},{"damage":0.0,"enemies":"Time Eater","floor":50.0,"turns":11.0},{"damage":34.0,"enemies":"Shield and Spear","floor":54.0,"turns":6.0},{"damage":48,"enemies":"The Heart","floor":55,"turns":14}],"seed_played":"-1868907857396771209","potions_obtained":[{"floor":10.0,"key":"Weak Potion"},{"floor":16.0,"key":"FocusPotion"},{"floor":21.0,"key":"FocusPotion"},{"floor":30.0,"key":"FocusPotion"},{"floor":33.0,"key":"LiquidBronze"},{"floor":54.0,"key":"PowerPotion"}],"is_trial":false,"path_per_floor":["M","?","?","$","M","R","$","R","T","M","R","E","R","?","R","B",null,"M","M","$","M","M","$","M","R","T","R","$","M","M","M","R","B",null,"M","$","?","?","$","R","M","M","T","M","$","M","M","M","R","B",null,"R","$","E","B",null],"character_chosen":"DEFECT","items_purchased":["Cold Snap","Conserve Battery","Go for the Eyes","Defragment","Lantern","DataDisk","Bag of Preparation","Fire Potion"],"campfire_rested":1,"item_purchase_floors":[4,4,7,23,23,36,45,53],"current_hp_per_floor":[74,79,68,68,68,68,68,68,68,67,67,50,50,50,50,38,80,79,78,78,67,54,54,54,54,54,54,54,54,54,53,53,22,80,80,80,80,80,80,80,80,76,76,61,61,61,60,60,80,80,80,80,80,46,23],"gold":43,"neow_bonus":"RANDOM_COMMON_RELIC","is_prod":false,"is_daily":false,"chose_seed":false,"campfire_upgraded":9,"win_rate":0,"timestamp":1546694510,"path_taken":["M","?","?","$","M","R","$","R","T","M","R","E","R","?","R","BOSS","M","M","$","M","M","$","M","R","T","R","?","M","M","M","R","BOSS","M","$","?","?","?","R","M","M","T","M","$","M","M","M","R","BOSS","R","$","E","BOSS"],"build_version":"2019-01-03v4","purchased_purges":2,"victory":true,"max_hp_per_floor":[75,80,80,80,80,80,80,80,80,80,80,80,80,80,80,80,80,80,80,80,80,80,80,80,80,80,80,80,80,80,80,80,80,80,80,80,80,80,80,80,80,80,80,80,80,80,80,80,80,80,80,80,80,80,80],"card_choices":[{"not_picked":["Steam","Skim","Stack"],"picked":"SKIP","floor":1.0},{"not_picked":["Sweeping Beam","FTL"],"picked":"Sunder","floor":5.0},{"not_picked":["Beam Cell","Heatsinks","Static Discharge"],"picked":"SKIP","floor":10.0},{"not_picked":["BootSequence","Barrage"],"picked":"Cold Snap","floor":12.0},{"not_picked":["Steam","Aggregate"],"picked":"Coolheaded+1","floor":18.0},{"not_picked":["Ball Lightning","Leap+1"],"picked":"Chill","floor":19.0},{"not_picked":["Redo","Static Discharge","Cold Snap"],"picked":"SKIP","floor":21.0},{"not_picked":["Hologram","Melter"],"picked":"Glacier","floor":22.0},{"not_picked":["White Noise+1","Go for the Eyes"],"picked":"Conserve Battery+1","floor":24.0},{"not_picked":["Steam+1","Redo"],"picked":"Go for the Eyes+1","floor":29.0},{"not_picked":["Rip and Tear","Melter"],"picked":"Leap+1","floor":30.0},{"not_picked":["Rebound+1","Stack","Reprogram"],"picked":"SKIP","floor":31.0},{"not_picked":["Meteor Strike","Amplify"],"picked":"Echo Form","floor":33.0},{"not_picked":["Redo","Go for the Eyes+1","Gash"],"picked":"SKIP","floor":35.0},{"not_picked":["Cold Snap","Beam Cell","Chill+1"],"picked":"SKIP","floor":41.0},{"not_picked":["Streamline","White Noise","Redo"],"picked":"SKIP","floor":42.0},{"not_picked":["Melter","Gash+1","Steam"],"picked":"SKIP","floor":44.0},{"not_picked":["Rebound","Conserve Battery+1"],"picked":"Defragment","floor":46.0},{"not_picked":["Cold Snap","Beam Cell+1"],"picked":"Biased Cognition","floor":47.0},{"not_picked":["Steam","Rebound+1","Leap"],"picked":"SKIP","floor":48.0},{"not_picked":["Steam+1","Coolheaded","Genetic Algorithm+1"],"picked":"SKIP","floor":54.0}],"player_experience":358900,"relics_obtained":[{"floor":9.0,"key":"MawBank"},{"floor":12.0,"key":"Letter Opener"},{"floor":43.0,"key":"Pantograph"},{"floor":54.0,"key":"Boot"}],"event_choices":[{"damage_healed":0.0,"max_hp_gain":5.0,"max_hp_loss":0.0,"gold_gain":0.0,"event_name":"Big Fish","player_choice":"Donut","floor":2.0,"gold_loss":0.0,"damage_taken":0.0},{"damage_healed":0.0,"max_hp_gain":0.0,"max_hp_loss":0.0,"gold_gain":75.0,"event_name":"World of Goop","player_choice":"Gather Gold","floor":3.0,"gold_loss":0.0,"damage_taken":11.0},{"damage_healed":0.0,"max_hp_gain":0.0,"max_hp_loss":0.0,"gold_gain":0.0,"event_name":"WeMeetAgain","player_choice":"Gave Potion","floor":14.0,"gold_loss":0.0,"damage_taken":0.0,"relics_obtained":["Blue Candle"]},{"damage_healed":0.0,"max_hp_gain":0.0,"max_hp_loss":0.0,"gold_gain":0.0,"event_name":"SensoryStone","player_choice":"Memory 1","floor":37.0,"gold_loss":0.0,"damage_taken":0.0},{"damage_healed":0.0,"max_hp_gain":0.0,"max_hp_loss":0.0,"gold_gain":0.0,"event_name":"Tomb of Lord Red Mask","player_choice":"Ignored","floor":38.0,"gold_loss":0.0,"damage_taken":0.0}],"is_beta":false,"boss_relics":[{"not_picked":["Runic Pyramid","Orrery"],"picked":"Empty Cage"},{"not_picked":["Runic Dome","Fusion Hammer"],"picked":"Astrolabe"}],"items_purged_floors":[4,23],"is_endless":false,"potions_floor_spawned":[10,16,21,30,31,33,42,47,54],"ascension_level":0}