{"path_per_floor":["M","?","?","?","M","E","$","M","T","E","M","?","R","M","R","B",null,"M","$","?","?","?","?","R","E","T","$","R","M","?","M","R"],"character_chosen":"THE_SILENT","items_purchased":["Infinite Blades","Orichalcum","Accuracy","PiercingWail"],"gold_per_floor":[12,12,12,187,205,234,111,124,154,189,202,202,202,213,213,313,313,326,75,75,75,75,75,75,105,105,55,55,73,73,84,84,84],"floor_reached":33,"campfire_rested":3,"playtime":2949,"current_hp_per_floor":[82,75,75,75,75,52,52,52,52,30,26,26,51,50,50,45,84,82,82,82,82,66,66,66,40,40,40,65,59,59,34,59,0],"items_purged":["Doubt","Writhe"],"gold":84,"score":285,"play_id":"b93ab632-99e2-4fa2-8a1b-34b65b21b5c0","local_time":"20180323141344","is_prod":false,"is_daily":false,"is_ascension_mode":true,"campfire_upgraded":2,"timestamp":1521810824,"path_taken":["M","?","?","?","?","E","?","?","T","E","M","?","R","M","R","BOSS","M","$","?","?","?","?","R","E","T","?","R","M","?","M","R","BOSS"],"build_version":"2018-03-22","purchased_purges":3,"victory":false,"master_deck":["Defend_G","Defend_G","Defend_G","Defend_G","Defend_G","Strike_G","Strike_G","Strike_G","Strike_G","Strike_G","Survivor","Neutralize","Poisoned Stab","Noxious Fumes+1","Cloak And Dagger","Infinite Blades","Cloak And Dagger","Poisoned Stab","Escape Plan","Quick Slash","Die Die Die","Catalyst","Accuracy+1","PiercingWail","Noxious Fumes+1","Dagger Spray","Slice+1","Injury","Finisher"],"max_hp_per_floor":[84,84,84,84,84,84,84,84,84,84,84,84,84,84,84,84,84,84,84,84,84,84,84,84,84,84,84,84,84,84,84,84,84],"relics":["Ring of the Snake","Smiling Mask","Lantern","Tiny Chest","Juzu Bracelet","Cursed Key","Orichalcum","Art of War","Enchiridion","Ornamental Fan","Gambling Chip"],"card_choices":[{"not_picked":["Acrobatics","Reflex"],"picked":"Poisoned Stab","floor":1},{"not_picked":["Backflip","Bullet Time"],"picked":"Noxious Fumes","floor":5},{"not_picked":["Concentrate","Calculated Gamble"],"picked":"Cloak And Dagger","floor":6},{"not_picked":["Expertise","Sucker Punch"],"picked":"Cloak And Dagger","floor":8},{"not_picked":["Predator","Heel Hook"],"picked":"Poisoned Stab","floor":10},{"not_picked":["Prepared","Bane"],"picked":"Escape Plan","floor":11},{"not_picked":["Predator","Riddle With Holes"],"picked":"Quick Slash","floor":14},{"not_picked":["Venomology","Wraith Form"],"picked":"Die Die Die","floor":16},{"not_picked":["Outmaneuver","Skewer"],"picked":"Catalyst","floor":18},{"not_picked":["Calculated Gamble","Skewer"],"picked":"Slice","floor":25},{"not_picked":["Terror","Masterful Stab"],"picked":"Finisher","floor":31}],"player_experience":265639,"potions_floor_usage":[10,16,25,25,33],"damage_taken":[{"damage":2,"enemies":"Jaw Worm","floor":1,"turns":7},{"damage":0,"enemies":"Small Slimes","floor":5,"turns":4},{"damage":23,"enemies":"3 Sentries","floor":6,"turns":8},{"damage":0,"enemies":"2 Louse","floor":8,"turns":2},{"damage":22,"enemies":"Gremlin Nob","floor":10,"turns":5},{"damage":4,"enemies":"Blue Slaver","floor":11,"turns":3},{"damage":1,"enemies":"Large Slime","floor":14,"turns":6},{"damage":20,"enemies":"Slime Boss","floor":16,"turns":10},{"damage":2,"enemies":"Chosen","floor":18,"turns":4},{"damage":26,"enemies":"Book of Stabbing","floor":25,"turns":6},{"damage":6,"enemies":"Shell Parasite","floor":29,"turns":5},{"damage":25,"enemies":"Snake Plant","floor":31,"turns":5},{"damage":61,"enemies":"Automaton","floor":33,"turns":8}],"event_choices":[{"event_name":"Scrap Ooze","player_choice":"success","floor":2,"damage_taken":7},{"event_name":"Shining Light","player_choice":"Ignored","floor":3,"damage_taken":0},{"event_name":"Liars Game","player_choice":"agreed","floor":4,"damage_taken":0},{"event_name":"Golden Idol","player_choice":"Ignored","floor":12,"damage_taken":0},{"event_name":"Duplicator","player_choice":"One dupe","floor":20,"damage_taken":0},{"event_name":"The Mausoleum","player_choice":"Yes","floor":21,"damage_taken":0},{"event_name":"Cursed Tome","player_choice":"Obtained Book","floor":22,"damage_taken":0},{"event_name":"The Library","player_choice":"Read","floor":23,"damage_taken":0},{"event_name":"Vampires","player_choice":"Ignored","floor":30,"damage_taken":0}],"boss_relics":[{"not_picked":["Runic Pyramid","Runic Dome"],"picked":"Cursed Key"}],"potions_floor_spawned":[6,8,11,14,18,31],"seed_played":"2824400066818789007","killed_by":"Automaton","ascension_level":1,"is_trial":false}