{"gold_per_floor":[110,121,139,149,149,149,177,177,202,232,255,9,22,49,49,123,123,143,143,162,173,173,173,198,198,198,217,228,24,43,43,43,43],"floor_reached":33,"playtime":1120,"items_purged":["Decay"],"score":503,"play_id":"e493a8ed-b44d-4118-b137-7cd7151311bd","local_time":"20181003235816","is_ascension_mode":true,"campfire_choices":[{"data":"Wild Strike","floor":6,"key":"SMITH"},{"data":"Inflame","floor":8,"key":"SMITH"},{"data":"Twin Strike","floor":15,"key":"SMITH"},{"floor":23,"key":"REST"},{"floor":25,"key":"REST"},{"floor":32,"key":"REST"}],"neow_cost":"CURSE","seed_source_timestamp":5791306253689,"circlet_count":0,"master_deck":["Defend_R","Defend_R","Defend_R","Defend_R","Bash","AscendersBane","Headbutt","Twin Strike+1","Ghostly Armor","Wild Strike+1","Inflame+1","Inflame","Shrug It Off","Immolate","Shrug It Off","Burning Pact","Offering","Whirlwind","Uppercut","Seeing Red","Seeing Red+1","Ghostly Armor","True Grit","Limit Break","Bite","Bite","Bite","Bite","Bite"],"relics":["Burning Blood","Unceasing Top","Anchor","MawBank","Red Skull","Empty Cage","MutagenicStrength","Regal Pillow","Mummified Hand","Bag of Marbles"],"potions_floor_usage":[7,11,14,24,24,27,30,33],"damage_taken":[{"damage":19,"enemies":"Cultist","floor":1,"turns":5},{"damage":9,"enemies":"Small Slimes","floor":2,"turns":4},{"damage":8,"enemies":"2 Louse","floor":3,"turns":3},{"damage":12,"enemies":"2 Fungi Beasts","floor":4,"turns":4},{"damage":12,"enemies":"Gremlin Nob","floor":7,"turns":4},{"damage":2,"enemies":"Exordium Wildlife","floor":10,"turns":5},{"damage":0,"enemies":"Blue Slaver","floor":11,"turns":3},{"damage":1,"enemies":"Looter","floor":13,"turns":3},{"damage":5,"enemies":"3 Sentries","floor":14,"turns":5},{"damage":36,"enemies":"Slime Boss","floor":16,"turns":10},{"damage":53,"enemies":"3 Byrds","floor":18,"turns":5},{"damage":15,"enemies":"2 Thieves","floor":20,"turns":4},{"damage":6,"enemies":"Snecko","floor":21,"turns":3},{"damage":23,"enemies":"Slavers","floor":24,"turns":3},{"damage":28,"enemies":"Chosen and Byrds","floor":27,"turns":5},{"damage":31,"enemies":"Centurion and Healer","floor":28,"turns":3},{"damage":0,"enemies":"3 Cultists","floor":30,"turns":4},{"damage":60,"enemies":"Collector","floor":33,"turns":7}],"seed_played":"2280243759991652619","potions_obtained":[{"floor":1,"key":"EssenceOfSteel"},{"floor":3,"key":"Block Potion"},{"floor":10,"key":"GamblersBrew"},{"floor":13,"key":"Energy Potion"},{"floor":21,"key":"FearPotion"},{"floor":24,"key":"Fire Potion"},{"floor":28,"key":"Regen Potion"},{"floor":30,"key":"Strength Potion"}],"is_trial":false,"path_per_floor":["M","M","M","M","?","R","E","R","T","M","M","$","M","E","R","B",null,"M","?","M","M","?","R","E","R","T","M","M","$","M","?","R"],"character_chosen":"IRONCLAD","items_purchased":["Immolate","Shrug It Off","True Grit","Bag of Marbles"],"campfire_rested":3,"item_purchase_floors":[12,12,29,29],"current_hp_per_floor":[55,52,50,44,69,69,63,63,63,67,73,73,75,75,75,45,68,21,21,12,12,12,34,17,54,54,32,7,7,25,25,52,0],"gold":43,"neow_bonus":"ONE_RARE_RELIC","is_prod":false,"is_daily":false,"chose_seed":false,"campfire_upgraded":3,"win_rate":0,"timestamp":1538603896,"path_taken":["M","?","M","M","?","R","E","R","T","M","M","$","M","E","R","BOSS","M","?","M","M","?","R","E","R","T","M","M","$","M","?","R","BOSS"],"build_version":"2018-09-27","purchased_purges":1,"victory":false,"max_hp_per_floor":[75,75,75,75,75,75,75,75,75,75,75,75,75,75,75,75,75,75,75,75,75,75,75,75,75,75,75,75,75,75,52,52,52],"card_choices":[{"not_picked":["Pommel Strike","Sentinel"],"picked":"Headbutt","floor":1},{"not_picked":["Thunderclap","Pummel"],"picked":"Twin Strike","floor":2},{"not_picked":["Battle Trance","Heavy Blade"],"picked":"Ghostly Armor","floor":3},{"not_picked":["Heavy Blade","Power Through"],"picked":"Wild Strike","floor":4},{"not_picked":["Anger","True Grit"],"picked":"Inflame","floor":7},{"not_picked":["Body Slam","Perfected Strike"],"picked":"Inflame","floor":10},{"not_picked":["Clothesline","Pommel Strike"],"picked":"Shrug It Off","floor":11},{"not_picked":["Exhume","Pommel Strike","Havoc"],"picked":"SKIP","floor":13},{"not_picked":["Pommel Strike","Havoc"],"picked":"Burning Pact","floor":14},{"not_picked":["Dark Embrace","Feed"],"picked":"Offering","floor":16},{"not_picked":["Twin Strike","Wild Strike"],"picked":"Whirlwind","floor":18},{"not_picked":["Shrug It Off","Intimidate"],"picked":"Uppercut","floor":20},{"not_picked":["Clothesline","Rampage"],"picked":"Seeing Red","floor":21},{"not_picked":["Hemokinesis","Armaments"],"picked":"Seeing Red+1","floor":24},{"not_picked":["Pommel Strike","Headbutt","Clash"],"picked":"SKIP","floor":27},{"not_picked":["Anger+1","Flex"],"picked":"Ghostly Armor","floor":28},{"not_picked":["Entrench","Battle Trance"],"picked":"Limit Break","floor":30}],"player_experience":809774,"relics_obtained":[{"floor":7,"key":"Anchor"},{"floor":9,"key":"MawBank"},{"floor":14,"key":"Red Skull"},{"floor":24,"key":"Regal Pillow"},{"floor":26,"key":"Mummified Hand"}],"event_choices":[{"event_name":"Big Fish","player_choice":"Banana","floor":5,"damage_taken":0},{"event_name":"Ghosts","player_choice":"Ignored","floor":19,"damage_taken":0},{"event_name":"Drug Dealer","player_choice":"Inject Mutagens","floor":22,"damage_taken":0},{"event_name":"Vampires","player_choice":"Became a vampire","floor":31,"damage_taken":0}],"is_beta":false,"boss_relics":[{"not_picked":["Lizard Tail","White Beast Statue"],"picked":"Empty Cage"}],"items_purged_floors":[12],"is_endless":false,"potions_floor_spawned":[1,3,10,13,21,24,28,30],"killed_by":"Collector","ascension_level":14}