{"gold_per_floor":[118,68,85,17,35,63,63,338,393,409,260,274,274,293,293,398,398,416,430,130,149,159,190,190],"floor_reached":24,"playtime":2196,"items_purged":["Regret","Defend_Br"],"score":220,"play_id":"dc4773d3-82e6-43ea-ab7d-b342ef554fc5","local_time":"20190104111845","is_ascension_mode":false,"campfire_choices":[{"data":"BiteCommand","floor":7.0,"key":"SMITH"},{"data":"Moderato","floor":15.0,"key":"SMITH"}],"neow_cost":"NONE","seed_source_timestamp":3252515086704,"circlet_count":0,"master_deck":["Strike_Br","Strike_Br","Strike_Br","Defend_Br","Defend_Br","Defend_Br","SecondHand","PatternShift","Break","LockedAnchor","BiteCommand+1","Allegro","BackFourSeconds","ReapSow","Parity","Echoward","Moderato+1","Chronoelasticity","Accruing","OldTimer","Engulf+1","Keepsakes+1","DaylightSavings","HandsUp+1","LockedBlood"],"special_seed":0,"relics":["Chronograph","NeowsBlessing","BlueBox","Tiny Chest","Art of War","Lee\u0027s Waffle","FossilizedHelix"],"potions_floor_usage":[],"damage_taken":[{"damage":0.0,"enemies":"Jaw Worm","floor":1.0,"turns":1.0},{"damage":0.0,"enemies":"2 Louse","floor":3.0,"turns":1.0},{"damage":0.0,"enemies":"Cultist","floor":5.0,"turns":1.0},{"damage":27.0,"enemies":"Gremlin Nob","floor":6.0,"turns":5.0},{"damage":4.0,"enemies":"Blue Slaver","floor":10.0,"turns":4.0},{"damage":18.0,"enemies":"Gremlin Gang","floor":12.0,"turns":4.0},{"damage":1.0,"enemies":"Large Slime","floor":14.0,"turns":6.0},{"damage":40.0,"enemies":"Slime Boss","floor":16.0,"turns":12.0},{"damage":22.0,"enemies":"2 Thieves","floor":18.0,"turns":5.0},{"damage":21.0,"enemies":"Chosen","floor":19.0,"turns":4.0},{"damage":4.0,"enemies":"Snecko","floor":21.0,"turns":5.0},{"damage":2.0,"enemies":"Snake Plant","floor":22.0,"turns":5.0},{"damage":41.0,"enemies":"Slavers","floor":23.0,"turns":9.0},{"damage":0,"enemies":"Colosseum Slavers","floor":24,"turns":1}],"seed_played":"4926219851702626854","potions_obtained":[{"floor":5.0,"key":"Explosive Potion"},{"floor":10.0,"key":"FearPotion"},{"floor":12.0,"key":"EssenceOfSteel"},{"floor":16.0,"key":"FearPotion"},{"floor":19.0,"key":"SkillPotion"},{"floor":22.0,"key":"Regen Potion"},{"floor":23.0,"key":"HastePotion"}],"is_trial":false,"path_per_floor":["M","?","M","$","M","E","R","?","T","M","$","M","T","M","R","B",null,"M","M","$","M","M","E","?"],"character_chosen":"CHRONO_CLASS","items_purchased":["LockedAnchor","BiteCommand","Parity","Echoward","Lee\u0027s Waffle"],"campfire_rested":0,"item_purchase_floors":[4,4,11,11,20],"current_hp_per_floor":[65,65,65,65,65,38,38,38,38,34,34,34,34,33,33,5,65,43,43,72,71,69,30,30],"gold":190,"neow_bonus":"THREE_ENEMY_KILL","is_prod":false,"is_daily":false,"chose_seed":false,"campfire_upgraded":2,"win_rate":0.0,"timestamp":1546597125,"path_taken":["M","?","M","$","M","E","R","?","T","M","$","?","?","M","R","BOSS","M","M","$","?","M","E","?"],"build_version":"2019-01-03v3","purchased_purges":2,"victory":false,"max_hp_per_floor":[65,65,65,65,65,65,65,65,65,65,65,65,65,65,65,65,65,65,65,72,72,72,72,72],"card_choices":[{"not_picked":["BiteCommand","BackFourSeconds"],"picked":"Tempo","floor":1.0},{"not_picked":["SlimeSpray","CrunchTime"],"picked":"Break","floor":3.0},{"not_picked":["LockedPlans","LockedWhetstone","Tempo"],"picked":"SKIP","floor":5.0},{"not_picked":["LockedOrichalcum","LockedMercury","Keepsakes"],"picked":"SKIP","floor":6.0},{"not_picked":["BlueShift","LockedScales"],"picked":"ReapSow","floor":10.0},{"not_picked":["LockedMawBank","FormalWear"],"picked":"Chronoelasticity","floor":12.0},{"not_picked":["LockedMedicine","WindUp"],"picked":"Accruing","floor":14.0},{"not_picked":["Echonomics","BeatsPerMinute"],"picked":"OldTimer","floor":16.0},{"not_picked":["Parity","ExoVibe"],"picked":"Engulf+1","floor":18.0},{"not_picked":["LockedOrichalcum","Stagnate"],"picked":"Keepsakes+1","floor":19.0},{"not_picked":["ShortSighted","Cuckoo"],"picked":"DaylightSavings","floor":21.0},{"not_picked":["AlternateTimeline","LockedAnchor+1"],"picked":"HandsUp+1","floor":22.0},{"not_picked":["LockedMedicine","LockedPlans+1"],"picked":"LockedBlood","floor":23.0}],"player_experience":353813,"relics_obtained":[{"floor":6.0,"key":"BlueBox"},{"floor":9.0,"key":"Tiny Chest"},{"floor":13.0,"key":"Art of War"},{"floor":23.0,"key":"FossilizedHelix"}],"event_choices":[{"cards_removed":["Strike_Br"],"damage_healed":0.0,"max_hp_gain":0.0,"max_hp_loss":0.0,"gold_gain":0.0,"event_name":"The Cleric","player_choice":"Card Removal","floor":2.0,"gold_loss":50.0,"damage_taken":0.0},{"damage_healed":0.0,"max_hp_gain":0.0,"max_hp_loss":0.0,"gold_gain":275.0,"event_name":"Golden Shrine","player_choice":"Desecrate","floor":8.0,"gold_loss":0.0,"damage_taken":0.0,"cards_obtained":["Regret"]},{"damage_healed":0,"gold_gain":0,"player_choice":"Fight","damage_taken":0,"max_hp_gain":0,"max_hp_loss":0,"event_name":"Colosseum","floor":24,"gold_loss":0}],"is_beta":false,"boss_relics":[{"not_picked":["Calling Bell","Runic Dome"],"picked":"Chronograph"}],"items_purged_floors":[11,20],"is_endless":false,"potions_floor_spawned":[5,10,12,16,19,22,23],"killed_by":"Colosseum Slavers","ascension_level":0}