{"gold_per_floor":[117,192,192,192,217,217,69,19,19,19,35,55,79,113,113,237,237,257,257,80,80,80,80,64,103,103,103,127,127,162,0,0,119,119,137,470,1469,1486,1486,1486,1541,1541,1595,374,374,392,420,420,420,420],"floor_reached":51,"playtime":1662,"items_purged":["Strike_B","Strike_B","Defend_B","Normality"],"score":957,"play_id":"8d5dbc18-f1d2-4287-8524-5bf914a04b01","local_time":"20190131023010","is_ascension_mode":false,"campfire_choices":[{"data":"Zap","floor":6.0,"key":"SMITH"},{"data":"Creative AI","floor":10.0,"key":"SMITH"},{"data":"Dualcast","floor":15.0,"key":"SMITH"},{"data":"Storm","floor":23.0,"key":"SMITH"},{"data":"Coolheaded","floor":27.0,"key":"SMITH"},{"floor":32.0,"key":"REST"},{"data":"Creative AI","floor":40.0,"key":"SMITH"},{"data":"Storm","floor":42.0,"key":"SMITH"},{"data":"Hologram","floor":45.0,"key":"SMITH"},{"data":"Transmutation","floor":49.0,"key":"SMITH"}],"neow_cost":"CURSE","seed_source_timestamp":3223246970226,"circlet_count":0,"master_deck":["Strike_B","Defend_B","Zap+1","Dualcast+1","Conserve Battery","Reinforced Body","Creative AI+1","Turbo","Skim","Cold Snap","Skim","Echo Form","Coolheaded+1","Storm+1","Biased Cognition","Conserve Battery","Ghostly","Ghostly","Ghostly","Ghostly","Ghostly","Electrodynamics","Conserve Battery","Storm+1","Creative AI+1","Tempest+1","Normality","Loop+1","Transmutation+1","Hologram+1","Seek","Deep Breath","Secret Weapon","Go for the Eyes+1"],"special_seed":0,"relics":["Cracked Core","Turnip","Juzu Bracelet","Sundial","Sozu","Molten Egg 2","Pear","Thread and Needle","Coffee Dripper","Ice Cream","Oddly Smooth Stone","Kunai","Happy Flower","Sling","Ornamental Fan"],"potions_floor_usage":[],"damage_taken":[{"damage":1.0,"enemies":"Cultist","floor":1.0,"turns":4.0},{"damage":0.0,"enemies":"2 Louse","floor":5.0,"turns":2.0},{"damage":6.0,"enemies":"Jaw Worm","floor":11.0,"turns":4.0},{"damage":3.0,"enemies":"Exordium Thugs","floor":12.0,"turns":4.0},{"damage":0.0,"enemies":"Large Slime","floor":13.0,"turns":6.0},{"damage":0.0,"enemies":"3 Sentries","floor":14.0,"turns":5.0},{"damage":19.0,"enemies":"The Guardian","floor":16.0,"turns":11.0},{"damage":5.0,"enemies":"Shell Parasite","floor":18.0,"turns":6.0},{"damage":0.0,"enemies":"2 Thieves","floor":24.0,"turns":4.0},{"damage":3.0,"enemies":"Slavers","floor":25.0,"turns":5.0},{"damage":0.0,"enemies":"Cultist and Chosen","floor":28.0,"turns":6.0},{"damage":14.0,"enemies":"Gremlin Leader","floor":30.0,"turns":5.0},{"damage":0.0,"enemies":"Automaton","floor":33.0,"turns":8.0},{"damage":0.0,"enemies":"3 Shapes","floor":35.0,"turns":3.0},{"damage":4.0,"enemies":"Orb Walker","floor":38.0,"turns":5.0},{"damage":1.0,"enemies":"2 Orb Walkers","floor":41.0,"turns":4.0},{"damage":0.0,"enemies":"3 Darklings","floor":46.0,"turns":4.0},{"damage":0.0,"enemies":"Giant Head","floor":47.0,"turns":6.0},{"damage":0,"enemies":"Time Eater","floor":50,"turns":8}],"seed_played":"4455301586808520800","potions_obtained":[{"floor":1.0,"key":"AttackPotion"},{"floor":12.0,"key":"SpeedPotion"},{"floor":16.0,"key":"SpeedPotion"}],"is_trial":false,"path_per_floor":["M","?","?","?","M","R","$","?","T","R","M","M","M","E","R","B",null,"M","?","$","?","?","R","M","E","T","R","M","?","E","$","R","B",null,"M","?","?","M","?","R","?","R","T","$","R","M","E","?","R","B",null],"character_chosen":"DEFECT","items_purchased":["Creative AI","Storm","Storm","Kunai","Happy Flower","Sling","Seek","Deep Breath","FTL+1","Secret Weapon"],"campfire_rested":1,"item_purchase_floors":[7,20,31,44,44,44,44,44,44,44],"current_hp_per_floor":[74,63,63,63,63,63,63,63,63,63,57,54,54,54,54,35,69,64,64,64,64,34,34,34,31,41,41,41,41,27,27,40,40,44,44,44,44,40,40,40,39,39,39,39,39,39,39,39,39,39],"gold":420,"neow_bonus":"ONE_RARE_RELIC","is_prod":false,"is_daily":false,"chose_seed":false,"campfire_upgraded":9,"win_rate":0,"timestamp":1548923410,"path_taken":["M","?","?","?","M","R","$","?","T","R","M","M","M","E","R","BOSS","M","?","?","?","?","R","M","E","T","R","M","?","E","?","R","BOSS","M","?","?","M","?","R","?","R","T","$","R","M","E","?","R","BOSS"],"build_version":"2019-01-23","purchased_purges":4,"victory":true,"max_hp_per_floor":[75,75,69,69,69,69,69,69,69,69,69,69,69,69,69,69,69,69,69,69,69,34,34,34,34,44,44,44,44,44,44,44,44,44,44,44,44,44,44,44,44,44,44,44,44,44,44,44,44,44],"card_choices":[{"not_picked":["Rip and Tear","Steam"],"picked":"Conserve Battery","floor":1.0},{"not_picked":["Compile Driver","Rebound"],"picked":"Reinforced Body","floor":5.0},{"not_picked":["Force Field","Genetic Algorithm"],"picked":"Turbo","floor":11.0},{"not_picked":["Melter","Beam Cell"],"picked":"Skim","floor":12.0},{"not_picked":["Sweeping Beam","Stack"],"picked":"Cold Snap","floor":13.0},{"not_picked":["Self Repair","Cold Snap"],"picked":"Skim","floor":14.0},{"not_picked":["Buffer","Core Surge"],"picked":"Echo Form","floor":16.0},{"not_picked":["Streamline","Blizzard"],"picked":"Coolheaded","floor":18.0},{"not_picked":["Scrape+1","Sweeping Beam","Aggregate"],"picked":"SKIP","floor":24.0},{"not_picked":["Thunder Strike","Loop","Auto Shields"],"picked":"SKIP","floor":25.0},{"not_picked":["Barrage+1","Steam+1","Leap"],"picked":"SKIP","floor":28.0},{"not_picked":["Genetic Algorithm+1","Doom and Gloom+1"],"picked":"Conserve Battery","floor":30.0},{"not_picked":["Machine Learning","Rainbow"],"picked":"Creative AI","floor":33.0},{"not_picked":["Skim","Barrage+1"],"picked":"Tempest+1","floor":35.0},{"not_picked":["Leap+1","Barrage+1"],"picked":"Loop+1","floor":38.0},{"not_picked":["Swift Strike+1","Bandage Up"],"picked":"Transmutation","floor":39.0},{"not_picked":["Ball Lightning+1","Rebound+1"],"picked":"Hologram","floor":41.0},{"not_picked":["Rebound+1","Stack+1","Sweeping Beam+1"],"picked":"SKIP","floor":46.0},{"not_picked":["Blizzard+1","Doom and Gloom+1"],"picked":"Go for the Eyes+1","floor":47.0}],"player_experience":675063,"relics_obtained":[{"floor":9.0,"key":"Juzu Bracelet"},{"floor":14.0,"key":"Sundial"},{"floor":25.0,"key":"Molten Egg 2"},{"floor":26.0,"key":"Pear"},{"floor":30.0,"key":"Thread and Needle"},{"floor":41.0,"key":"Ice Cream"},{"floor":43.0,"key":"Oddly Smooth Stone"},{"floor":47.0,"key":"Ornamental Fan"}],"event_choices":[{"damage_healed":0.0,"max_hp_gain":0.0,"max_hp_loss":0.0,"gold_gain":75.0,"event_name":"World of Goop","player_choice":"Gather Gold","floor":2.0,"gold_loss":0.0,"damage_taken":11.0},{"damage_healed":0.0,"max_hp_gain":0.0,"max_hp_loss":6.0,"gold_gain":0.0,"event_name":"Golden Idol","player_choice":"Lose Max HP","floor":3.0,"gold_loss":0.0,"damage_taken":0.0,"relics_obtained":["Golden Idol"]},{"cards_removed":["Decay"],"damage_healed":0.0,"max_hp_gain":0.0,"max_hp_loss":0.0,"gold_gain":0.0,"event_name":"Living Wall","player_choice":"Forget","floor":4.0,"gold_loss":0.0,"damage_taken":0.0},{"cards_removed":["Defend_B"],"damage_healed":0.0,"max_hp_gain":0.0,"max_hp_loss":0.0,"gold_gain":0.0,"event_name":"The Cleric","player_choice":"Card Removal","floor":8.0,"gold_loss":50.0,"damage_taken":0.0},{"damage_healed":0.0,"max_hp_gain":0.0,"max_hp_loss":0.0,"gold_gain":0.0,"event_name":"Lab","player_choice":"Got Potions","floor":19.0,"gold_loss":0.0,"damage_taken":0.0},{"damage_healed":0.0,"max_hp_gain":0.0,"max_hp_loss":0.0,"gold_gain":0.0,"cards_transformed":["Strike_B","Defend_B"],"event_name":"Drug Dealer","player_choice":"Became Test Subject","floor":21.0,"gold_loss":0.0,"damage_taken":0.0,"cards_obtained":["Biased Cognition","Conserve Battery"]},{"damage_healed":0.0,"max_hp_gain":0.0,"max_hp_loss":35.0,"gold_gain":0.0,"event_name":"Ghosts","player_choice":"Became a Ghost","floor":22.0,"gold_loss":0.0,"damage_taken":0.0,"cards_obtained":["Ghostly","Ghostly","Ghostly","Ghostly","Ghostly"]},{"damage_healed":0.0,"max_hp_gain":0.0,"max_hp_loss":0.0,"gold_gain":0.0,"event_name":"Match and Keep!","player_choice":"1 cards matched","floor":29.0,"gold_loss":0.0,"damage_taken":0.0,"cards_obtained":["Electrodynamics"]},{"damage_healed":0.0,"max_hp_gain":0.0,"max_hp_loss":0.0,"gold_gain":333.0,"event_name":"The Moai Head","player_choice":"Gave Idol","floor":36.0,"relics_lost":["Golden Idol"],"gold_loss":0.0,"damage_taken":0.0},{"damage_healed":0.0,"max_hp_gain":0.0,"max_hp_loss":0.0,"gold_gain":999.0,"event_name":"MindBloom","player_choice":"Gold","floor":37.0,"gold_loss":0.0,"damage_taken":0.0,"cards_obtained":["Normality","Normality"]},{"damage_healed":0.0,"max_hp_gain":0.0,"max_hp_loss":0.0,"gold_gain":0.0,"event_name":"SensoryStone","player_choice":"Memory 1","floor":39.0,"gold_loss":0.0,"damage_taken":0.0},{"damage_healed":0.0,"max_hp_gain":0.0,"max_hp_loss":0.0,"gold_gain":0.0,"event_name":"Mysterious Sphere","player_choice":"Fight","floor":41.0,"gold_loss":0.0,"damage_taken":0.0},{"cards_removed":["FTL"],"damage_healed":0.0,"max_hp_gain":0.0,"max_hp_loss":0.0,"gold_gain":0.0,"event_name":"Falling","player_choice":"Removed Attack","floor":48.0,"gold_loss":0.0,"damage_taken":0.0}],"is_beta":false,"boss_relics":[{"not_picked":["Astrolabe","Black Star"],"picked":"Sozu"},{"not_picked":["Lizard Tail","Tiny House"],"picked":"Coffee Dripper"}],"items_purged_floors":[7,20,31,44],"is_endless":false,"potions_floor_spawned":[1,12,16,18,25,30,38,46,47],"ascension_level":0}