{"path_per_floor":["M","M","$","M","?","R","?","R","T","R","E","?","M","M","R","B",null,"M","$","?","$","?","R","M","M","T","M","R","?","R","M","R","B",null,"M","?","M","M","$","R"],"character_chosen":"IRONCLAD","items_purchased":["Oddly Smooth Stone","Thread and Needle","Dexterity Potion"],"gold_per_floor":[118,134,59,78,78,78,78,78,78,78,113,113,126,139,139,238,238,248,2,2,2,2,2,17,35,335,354,354,354,354,366,366,466,466,480,480,494,512,38,38],"floor_reached":41,"campfire_rested":3,"playtime":2178,"current_hp_per_floor":[80,80,80,80,55,55,55,55,55,55,55,55,61,62,80,56,80,66,66,83,83,83,83,79,83,83,65,83,83,83,83,83,18,83,63,63,51,41,41,66],"items_purged":["Strike_R","Strike_R","Strike_R"],"gold":38,"score":469,"play_id":"91aa6850-3dff-402a-a50f-df1a1373e70c","local_time":"20180312170008","is_prod":false,"is_daily":false,"is_ascension_mode":true,"campfire_upgraded":5,"timestamp":1520870408,"path_taken":["M","M","$","M","?","R","?","R","T","R","E","?","M","M","R","BOSS","M","$","?","$","?","R","M","M","T","M","R","?","R","M","R","BOSS","M","?","?","M","$","R","E"],"build_version":"2018-03-09","purchased_purges":4,"victory":false,"master_deck":["Strike_R","Defend_R","Defend_R","Defend_R","Defend_R","Bash","True Grit+1","Shrug It Off","Flame Barrier+1","Body Slam+1","Battle Trance","Impervious","Feed","Shrug It Off","Juggernaut+1","Disarm","Shrug It Off","Sentinel","Flame Barrier","Metallicize","Entrench+1","Intimidate+1"],"max_hp_per_floor":[80,80,80,80,80,80,80,80,80,80,80,80,80,80,80,80,80,83,83,83,83,83,83,83,83,83,83,83,83,83,83,83,83,83,83,83,86,86,86,86],"relics":["Black Blood","Girya","Matryoshka","Self Forming Clay","Orrery","Oddly Smooth Stone","Centennial Puzzle","Old Coin","Nloth\u0027s Gift","Thread and Needle"],"card_choices":[{"not_picked":["Sword Boomerang","Iron Wave"],"picked":"True Grit"},{"not_picked":["Wild Strike","Heavy Blade"],"picked":"Shrug It Off"},{"not_picked":["Clash","Havoc"],"picked":"Flame Barrier"},{"not_picked":["Rupture","Havoc"],"picked":"Body Slam"},{"not_picked":["True Grit","Power Through"],"picked":"Battle Trance"},{"not_picked":["Thunderclap","Anger"],"picked":"Impervious"},{"not_picked":["Double Tap","Dark Embrace"],"picked":"Feed"},{"not_picked":["True Grit","Sword Boomerang"],"picked":"Shrug It Off"},{"not_picked":["Metallicize","Cleave"],"picked":"Juggernaut"},{"not_picked":["Flex","Perfected Strike"],"picked":"Disarm"},{"not_picked":["Rage","Clothesline"],"picked":"Shrug It Off"},{"not_picked":["Burning Pact","Havoc"],"picked":"Sentinel"},{"not_picked":["Brutality","Blood for Blood"],"picked":"Flame Barrier"},{"not_picked":["Thunderclap","Headbutt"],"picked":"Metallicize"},{"not_picked":["Corruption","Cleave"],"picked":"Entrench"},{"not_picked":["Headbutt","Iron Wave"],"picked":"Intimidate"}],"player_experience":213520,"potions_floor_usage":[33,33,35,38,41,41],"damage_taken":[{"damage":6.0,"enemies":"Cultist","floor":1.0,"turns":3.0},{"damage":5.0,"enemies":"Small Slimes","floor":2.0,"turns":4.0},{"damage":0.0,"enemies":"Jaw Worm","floor":4.0,"turns":5.0},{"damage":21.0,"enemies":"Lagavulin","floor":11.0,"turns":12.0},{"damage":0.0,"enemies":"Lots of Slimes","floor":13.0,"turns":2.0},{"damage":5.0,"enemies":"2 Fungi Beasts","floor":14.0,"turns":4.0},{"damage":45.0,"enemies":"Slime Boss","floor":16.0,"turns":19.0},{"damage":23,"enemies":"Spheric Guardian","floor":18,"turns":8},{"damage":10,"enemies":"2 Thieves","floor":24,"turns":4},{"damage":1,"enemies":"Snake Plant","floor":25,"turns":4},{"damage":24,"enemies":"Sentry and Sphere","floor":27,"turns":11},{"damage":0,"enemies":"Chosen and Byrds","floor":31,"turns":6},{"damage":71,"enemies":"Automaton","floor":33,"turns":13},{"damage":30,"enemies":"3 Darklings","floor":35,"turns":8},{"damage":25,"enemies":"Orb Walker","floor":37,"turns":8},{"damage":35,"enemies":"Maw","floor":38,"turns":11},{"damage":71,"enemies":"2 Orb Walkers","floor":41,"turns":11}],"event_choices":[{"event_name":"Scrap Ooze","player_choice":"success","floor":5.0,"damage_taken":25.0},{"event_name":"The Lab","player_choice":"Got Potions","floor":7.0,"damage_taken":0.0},{"event_name":"Liars Game","player_choice":"disagreed","floor":12.0,"damage_taken":0.0},{"event_name":"The Library","player_choice":"Heal","floor":20,"damage_taken":0},{"event_name":"Back to Basics","player_choice":"Elegance","floor":22,"damage_taken":0},{"event_name":"N\u0027loth","player_choice":"Traded a Bag of Marbles","floor":29,"damage_taken":0},{"event_name":"Mysterious Sphere","player_choice":"Ignore","floor":36,"damage_taken":0}],"boss_relics":[{"not_picked":["Mark of Pain","Runic Cube"],"picked":"Orrery"},{"not_picked":["Philosopher\u0027s Stone","Runic Pyramid"],"picked":"Black Blood"}],"potions_floor_spawned":[14,16,24,33,37,38],"seed_played":"8306711058885787633","killed_by":"2 Orb Walkers","ascension_level":4,"is_trial":false}