{"gold_per_floor":[116,126,139,289,299,299,359,371,457,394,406],"floor_reached":11,"playtime":193,"items_purged":[],"score":123,"play_id":"1030551f-27bb-4572-8c2a-d4b58e782191","local_time":"20181214033107","is_ascension_mode":true,"campfire_choices":[{"data":"Creative AI","floor":6,"key":"SMITH"},{"floor":8,"key":"REST"}],"neow_cost":"NONE","seed_source_timestamp":152577098077600,"circlet_count":0,"master_deck":["AscendersBane","Strike_B","Strike_B","Strike_B","Strike_B","Defend_B","Defend_B","Defend_B","Defend_B","Zap","Dualcast","Cold Snap","Leap","Creative AI+1","Stack","Doom and Gloom"],"relics":["Cracked Core","MawBank"],"potions_floor_usage":[7,7],"damage_taken":[{"damage":12,"enemies":"Small Slimes","floor":1,"turns":4},{"damage":3,"enemies":"2 Louse","floor":2,"turns":3},{"damage":0,"enemies":"Cultist","floor":3,"turns":4},{"damage":16,"enemies":"Red Slaver","floor":5,"turns":4},{"damage":37,"enemies":"Gremlin Nob","floor":7,"turns":5}],"seed_played":"-2009879266533022179","potions_obtained":[{"floor":3,"key":"SkillPotion"},{"floor":5,"key":"Regen Potion"}],"is_trial":false,"path_per_floor":["M","M","M","?","M","R","?","R","T","?","?"],"character_chosen":"DEFECT","items_purchased":[],"campfire_rested":1,"item_purchase_floors":[],"current_hp_per_floor":[59,56,56,56,40,40,15,38,38,38,38],"gold":406,"neow_bonus":"TEN_PERCENT_HP_BONUS","is_prod":false,"is_daily":false,"chose_seed":false,"campfire_upgraded":1,"win_rate":0,"timestamp":1544725867,"path_taken":["M","M","M","?","M","R","?","R","T","?","?"],"build_version":"2018-12-06","purchased_purges":0,"victory":false,"max_hp_per_floor":[78,78,78,78,78,78,78,78,78,78,78],"card_choices":[{"not_picked":["Beam Cell","Steam"],"picked":"Cold Snap","floor":1},{"not_picked":["Compile Driver","Stack"],"picked":"Leap","floor":2},{"not_picked":["Heatsinks","Beam Cell"],"picked":"Creative AI","floor":3},{"not_picked":["Hello World","Coolheaded"],"picked":"Stack","floor":5},{"not_picked":["Turbo","Streamline"],"picked":"Doom and Gloom","floor":7}],"player_experience":994280,"relics_obtained":[{"floor":7,"key":"MawBank"}],"event_choices":[{"damage_healed":0,"gold_gain":150,"player_choice":"AGREE","damage_taken":0,"max_hp_gain":0,"max_hp_loss":0,"event_name":"Liars Game","floor":4,"gold_loss":0,"cards_obtained":["Doubt"]},{"damage_healed":0,"gold_gain":30,"player_choice":"Searched \u00272\u0027 times","damage_taken":0,"max_hp_gain":0,"max_hp_loss":0,"event_name":"Dead Adventurer","floor":7,"gold_loss":0},{"cards_removed":["Doubt"],"damage_healed":0,"gold_gain":0,"player_choice":"Card Removal","damage_taken":0,"max_hp_gain":0,"max_hp_loss":0,"event_name":"The Cleric","floor":10,"gold_loss":75}],"is_beta":false,"boss_relics":[],"items_purged_floors":[],"is_endless":false,"potions_floor_spawned":[3,5],"ascension_level":19}