{"gold_per_floor":[119,119,294,294,312,312,346,346,346,376,376,388,10,23,23,128,128,144,173,11,11,11,11,28,28,52,72,72],"floor_reached":28,"playtime":1754,"items_purged":[],"score":251,"play_id":"56cc5097-8283-4f8d-9e88-01b1b93df671","local_time":"20190131162538","is_ascension_mode":false,"campfire_choices":[{"data":"Havoc","floor":6,"key":"SMITH"},{"floor":8,"key":"REST"},{"floor":11,"key":"RECALL"},{"data":"Havoc","floor":15,"key":"SMITH"},{"floor":23,"key":"REST"},{"data":"Limit Break","floor":25,"key":"SMITH"}],"neow_cost":"PERCENT_DAMAGE","seed_source_timestamp":155272388604505,"circlet_count":0,"master_deck":["Strike_R","Strike_R","Strike_R","Defend_R","Defend_R","Defend_R","Defend_R","Bash","Offering","Havoc+1","Pommel Strike","Doubt","Inflame","Inflame","Ghostly Armor","Shrug It Off","Havoc+1","Shrug It Off","Dark Embrace","Limit Break+1","RitualDagger","Whirlwind"],"relics":["Burning Blood","Paper Frog","Singing Bowl","Dodecahedron","Frozen Eye","Oddly Smooth Stone","Sozu","Red Mask"],"potions_floor_usage":[7,16,19],"damage_taken":[{"damage":0,"enemies":"Small Slimes","floor":1,"turns":3},{"damage":0,"enemies":"2 Louse","floor":2,"turns":2},{"damage":7,"enemies":"Cultist","floor":5,"turns":4},{"damage":42,"enemies":"Lagavulin","floor":7,"turns":4},{"damage":6,"enemies":"Gremlin Nob","floor":10,"turns":2},{"damage":18,"enemies":"3 Louse","floor":12,"turns":4},{"damage":0,"enemies":"Looter","floor":14,"turns":3},{"damage":39,"enemies":"Slime Boss","floor":16,"turns":14},{"damage":7,"enemies":"3 Byrds","floor":18,"turns":8},{"damage":50,"enemies":"Masked Bandits","floor":19,"turns":6},{"damage":15,"enemies":"Chosen","floor":24,"turns":5},{"damage":30,"enemies":"Snake Plant","floor":27,"turns":3},{"damage":33,"enemies":"Shelled Parasite and Fungi","floor":28,"turns":4}],"seed_played":"-8506347603498811869","potions_obtained":[{"floor":5,"key":"Poison Potion"},{"floor":12,"key":"EssenceOfSteel"},{"floor":14,"key":"Ancient Potion"}],"is_trial":false,"path_per_floor":["M","M","?","?","M","R","E","R","T","E","R","M","$","M","R","B",null,"M","?","$","?","?","R","M","R","T","M","M"],"character_chosen":"IRONCLAD","items_purchased":["Frozen Eye","Oddly Smooth Stone","Havoc","Limit Break"],"campfire_rested":2,"item_purchase_floors":[13,13,13,20],"current_hp_per_floor":[62,68,68,68,67,67,31,55,55,55,55,43,43,49,49,16,80,81,39,39,33,33,58,51,51,51,29,0],"gold":72,"neow_bonus":"THREE_RARE_CARDS","is_prod":false,"is_daily":false,"chose_seed":false,"campfire_upgraded":3,"win_rate":0,"timestamp":1548980738,"path_taken":["M","M","?","?","M","R","E","R","T","E","R","?","$","M","R","BOSS","M","?","$","?","?","R","M","R","T","M","M"],"build_version":"2019-01-23","purchased_purges":0,"victory":false,"max_hp_per_floor":[80,80,80,80,80,80,80,80,80,80,80,80,80,80,80,80,80,82,84,84,84,84,84,86,86,86,88,88],"card_choices":[{"not_picked":["Feed","Exhume"],"picked":"Offering","floor":0},{"not_picked":["Cleave","Blood for Blood"],"picked":"Havoc","floor":1},{"not_picked":["Fire Breathing","Body Slam"],"picked":"Pommel Strike","floor":2},{"not_picked":["Heavy Blade","Pummel"],"picked":"Inflame","floor":5},{"not_picked":["Clash","Dual Wield","Cleave"],"picked":"SKIP","floor":7},{"not_picked":["True Grit","Anger"],"picked":"Ghostly Armor","floor":10},{"not_picked":["Corruption","Juggernaut"],"picked":"Shrug It Off","floor":12},{"not_picked":["Sword Boomerang","Second Wind"],"picked":"Shrug It Off","floor":14},{"not_picked":["Brutality","Fiend Fire"],"picked":"Dark Embrace","floor":16},{"not_picked":["Sword Boomerang","Flex","Havoc"],"picked":"Singing Bowl","floor":18},{"not_picked":["Anger","Headbutt","Dropkick"],"picked":"Singing Bowl","floor":19},{"not_picked":["Wild Strike+1","Warcry+1","Infernal Blade"],"picked":"Singing Bowl","floor":24},{"not_picked":["Sentinel","Havoc","Cleave"],"picked":"Singing Bowl","floor":27}],"player_experience":209445,"relics_obtained":[{"floor":7,"key":"Paper Frog"},{"floor":9,"key":"Singing Bowl"},{"floor":10,"key":"Dodecahedron"},{"floor":19,"key":"Red Mask"}],"event_choices":[{"damage_healed":0,"gold_gain":175,"player_choice":"AGREE","damage_taken":0,"max_hp_gain":0,"max_hp_loss":0,"event_name":"Liars Game","floor":3,"gold_loss":0,"cards_obtained":["Doubt"]},{"damage_healed":0,"gold_gain":0,"cards_transformed":["Strike_R"],"player_choice":"Transformed","damage_taken":0,"max_hp_gain":0,"max_hp_loss":0,"event_name":"Transmorgrifier","floor":4,"gold_loss":0,"cards_obtained":["Inflame"]},{"damage_healed":0,"gold_gain":0,"player_choice":"Fought Bandits","damage_taken":0,"max_hp_gain":0,"max_hp_loss":0,"event_name":"Masked Bandits","floor":19,"gold_loss":0},{"damage_healed":0,"gold_gain":0,"player_choice":"Joined the Cult","damage_taken":6,"max_hp_gain":0,"max_hp_loss":0,"event_name":"Nest","floor":21,"gold_loss":0,"cards_obtained":["RitualDagger"]},{"damage_healed":0,"gold_gain":0,"cards_transformed":["Strike_R"],"player_choice":"Transformed","damage_taken":0,"max_hp_gain":0,"max_hp_loss":0,"event_name":"Transmorgrifier","floor":22,"gold_loss":0,"cards_obtained":["Whirlwind"]}],"is_beta":false,"boss_relics":[{"not_picked":["Runic Dome","Snecko Eye"],"picked":"Sozu"}],"items_purged_floors":[],"is_endless":false,"potions_floor_spawned":[5,12,14,24],"killed_by":"Shelled Parasite and Fungi","ascension_level":0}