{"path_per_floor":["M","M","?","$","M","R","E","R","T","M","M","M","?","M","R","B",null,"M","M","M","M","M","$","R","?","T","R","M","M","E","?","R","B",null,"M","$","M","?","M","E","R","M","T","?","M","R","M","M","R"],"character_chosen":"THE_SILENT","items_purchased":["Deadly Poison","Noxious Fumes","Blood Vial","Matryoshka"],"gold_per_floor":[114,129,79,27,42,42,72,72,97,112,127,142,142,161,161,286,286,305,324,343,362,381,83,83,83,158,158,177,196,234,234,234,359,359,378,28,47,380,395,425,425,440,490,490,505,505,520,535,535],"floor_reached":50,"campfire_rested":2,"playtime":2117,"current_hp_per_floor":[68,67,66,65,64,63,60,60,60,59,58,57,43,43,43,11,52,46,43,43,29,26,26,26,26,26,26,28,22,17,17,28,21,35,26,26,28,28,27,25,25,5,12,12,14,30,29,28,27],"items_purged":["Strike_G","Strike_G"],"gold":535,"score":552,"play_id":"501c78d2-8ddd-4981-b350-d8af2681948a","local_time":"20180311155948","daily_mods":["Shiny","Uncertain Future","Terminal"],"is_prod":false,"is_daily":true,"is_ascension_mode":false,"campfire_upgraded":7,"timestamp":1520780388,"path_taken":["M","M","?","$","M","R","E","R","T","?","M","M","?","M","R","BOSS","M","M","M","M","M","$","R","?","T","R","M","?","E","?","R","BOSS","M","$","M","?","M","E","R","M","T","?","?","R","M","M","R","BOSS"],"build_version":"2018-03-09","purchased_purges":2,"victory":false,"master_deck":["Defend_G+1","Defend_G+1","Defend_G+1","Defend_G+1","Strike_G+1","Strike_G+1","Survivor","Neutralize+1","Die Die Die","Poisoned Stab","Deadly Poison+1","Adrenaline+1","Footwork+1","Deadly Poison+1","Deadly Poison","Flying Knee+1","Noxious Fumes+1","Blur","Corpse Explosion+1","Noxious Fumes+1","Catalyst+1","Footwork+1","Adrenaline"],"max_hp_per_floor":[68,67,66,65,64,63,62,61,60,59,58,57,56,55,54,53,52,51,50,49,48,47,46,45,44,43,42,41,40,39,38,37,36,35,34,33,32,31,30,29,28,27,33,32,31,30,29,28,27],"relics":["Ring of the Snake","Anchor","Art of War","Sozu","Blood Vial","Mummified Hand","Snake Skull","The Specimen","Matryoshka","Regal Pillow","Strawberry","Ancient Tea Set"],"card_choices":[{"not_picked":["Skewer","Backflip"],"picked":"Poisoned Stab"},{"not_picked":["Backstab","Flying Knee"],"picked":"Adrenaline"},{"not_picked":["Underhanded Strike","Setup"],"picked":"Footwork"},{"not_picked":["Terror","Envenom"],"picked":"Deadly Poison"},{"not_picked":["Riddle With Holes","PiercingWail"],"picked":"Deadly Poison"},{"not_picked":["Infinite Blades","Acrobatics"],"picked":"Flying Knee"},{"not_picked":["Quick Slash","Outmaneuver"],"picked":"Blur"},{"not_picked":["A Thousand Cuts","Glass Knife"],"picked":"Corpse Explosion"},{"not_picked":["Sucker Punch","Skewer"],"picked":"Noxious Fumes"},{"not_picked":["Bullet Time","Dagger Throw"],"picked":"Catalyst"},{"not_picked":["Dodge and Roll","Slice"],"picked":"Footwork"},{"not_picked":["Acrobatics","Sucker Punch"],"picked":"Adrenaline"}],"player_experience":137364,"potions_floor_usage":[7,16,18,33],"damage_taken":[{"damage":0,"enemies":"Cultist","floor":1,"turns":4},{"damage":0,"enemies":"2 Louse","floor":2,"turns":2},{"damage":0,"enemies":"Small Slimes","floor":5,"turns":2},{"damage":3,"enemies":"Gremlin Nob","floor":7,"turns":4},{"damage":0,"enemies":"Gremlin Gang","floor":10,"turns":2},{"damage":0,"enemies":"Exordium Wildlife","floor":11,"turns":3},{"damage":0,"enemies":"Blue Slaver","floor":12,"turns":2},{"damage":0,"enemies":"Looter","floor":14,"turns":3},{"damage":32,"enemies":"Slime Boss","floor":16,"turns":17},{"damage":6,"enemies":"2 Thieves","floor":18,"turns":4},{"damage":3,"enemies":"Spheric Guardian","floor":19,"turns":5},{"damage":0,"enemies":"Centurion and Healer","floor":20,"turns":6},{"damage":14,"enemies":"Snake Plant","floor":21,"turns":5},{"damage":3,"enemies":"3 Cultists","floor":22,"turns":6},{"damage":0,"enemies":"Centurion and Healer","floor":28,"turns":5},{"damage":8,"enemies":"Snake Plant","floor":29,"turns":4},{"damage":7,"enemies":"Book of Stabbing","floor":30,"turns":4},{"damage":9,"enemies":"Automaton","floor":33,"turns":9},{"damage":9,"enemies":"Orb Walker","floor":35,"turns":4},{"damage":0,"enemies":"3 Darklings","floor":37,"turns":5},{"damage":3,"enemies":"4 Shapes","floor":39,"turns":4},{"damage":4,"enemies":"Giant Head","floor":40,"turns":6},{"damage":22,"enemies":"Maw","floor":42,"turns":5},{"damage":0,"enemies":"Sphere and 2 Shapes","floor":45,"turns":4},{"damage":0,"enemies":"3 Darklings","floor":47,"turns":4},{"damage":0,"enemies":"Maw","floor":48,"turns":5},{"damage":27,"enemies":"Donu and Deca","floor":50,"turns":3}],"event_choices":[{"event_name":"The Cleric","player_choice":"Card Removal","floor":3,"damage_taken":0},{"event_name":"Golden Idol","player_choice":"Take Damage","floor":13,"damage_taken":0},{"event_name":"Back to Basics","player_choice":"Simplicity","floor":25,"damage_taken":0},{"event_name":"Drug Dealer","player_choice":"Ignored","floor":31,"damage_taken":0},{"event_name":"The Moai Head","player_choice":"Gave Idol","floor":38,"damage_taken":0}],"boss_relics":[{"not_picked":["Eternal Feather","Ectoplasm"],"picked":"Sozu"},{"not_picked":["Lizard Tail","Snecko Eye"],"picked":"The Specimen"}],"potions_floor_spawned":[1,5,11,12,16,20,28,29,30,33,39,42,48],"seed_played":"4792185374842203756","killed_by":"Donu and Deca","ascension_level":0,"is_trial":false}