{"gold_per_floor":[110,110,110,110,124,124,144,158,182,132,132,132,132,82,82,156,156,168,63,79,92,92,92,106,106,106,116,135,85,85,85,85,158,158,173,38,138,138,157,157,167,167],"floor_reached":42,"playtime":1912,"items_purged":["Strike_G","Strike_G","Regret","Defend_G","Endless Agony"],"score":695,"play_id":"ee71d55d-87d3-421e-a4bd-24efd4853d28","local_time":"20190130053353","is_ascension_mode":true,"campfire_choices":[{"data":"Deadly Poison","floor":6.0,"key":"SMITH"},{"data":"Cloak And Dagger","floor":13.0,"key":"SMITH"},{"data":"Neutralize","floor":15.0,"key":"SMITH"},{"floor":23,"key":"REST"},{"data":"Adrenaline","floor":25,"key":"SMITH"},{"floor":30,"key":"REST"},{"data":"Flying Knee","floor":32,"key":"SMITH"},{"data":"Corpse Explosion","floor":40,"key":"SMITH"}],"neow_cost":"NONE","seed_source_timestamp":75811226393537,"circlet_count":0,"master_deck":["AscendersBane","Defend_G","Defend_G","Survivor","Neutralize+1","Corpse Explosion+1","Deadly Poison+1","Blur","Cloak And Dagger+1","Flying Knee+1","Adrenaline+1","Flechettes+1","Bouncing Flask+1","Backstab+1","Dash+1","Predator+1","Unload+1","Die Die Die+1","Backstab+1","Dagger Spray+1","Die Die Die+1","Backstab+1"],"special_seed":0,"relics":["Ring of the Snake","Orichalcum","Smiling Mask","Molten Egg 2","Astrolabe","Pear","Busted Crown","Gambling Chip"],"potions_floor_usage":[20,33,33,42],"damage_taken":[{"damage":8.0,"enemies":"2 Louse","floor":1.0,"turns":4.0},{"damage":0.0,"enemies":"Small Slimes","floor":5.0,"turns":3.0},{"damage":0.0,"enemies":"Cultist","floor":7.0,"turns":3.0},{"damage":0.0,"enemies":"Looter","floor":8.0,"turns":4.0},{"damage":35.0,"enemies":"Hexaghost","floor":16.0,"turns":9.0},{"damage":1,"enemies":"Shell Parasite","floor":18,"turns":5},{"damage":9,"enemies":"3 Byrds","floor":20,"turns":3},{"damage":13,"enemies":"Snecko","floor":21,"turns":4},{"damage":2,"enemies":"Cultist and Chosen","floor":24,"turns":3},{"damage":0,"enemies":"Snake Plant","floor":27,"turns":2},{"damage":0,"enemies":"Sentry and Sphere","floor":28,"turns":2},{"damage":47,"enemies":"Collector","floor":33,"turns":8},{"damage":0,"enemies":"3 Shapes","floor":35,"turns":3},{"damage":4,"enemies":"Mind Bloom Boss Battle","floor":37,"turns":6},{"damage":0,"enemies":"Orb Walker","floor":39,"turns":2},{"damage":0,"enemies":"4 Shapes","floor":41,"turns":1},{"damage":63,"enemies":"Giant Head","floor":42,"turns":6}],"seed_played":"8964369720943374186","potions_obtained":[{"floor":7.0,"key":"Regen Potion"},{"floor":24,"key":"GhostInAJar"},{"floor":28,"key":"Strength Potion"},{"floor":39,"key":"AttackPotion"}],"is_trial":false,"path_per_floor":["M","?","?","?","M","R","M","M","T","$","?","?","R","$","R","B",null,"M","$","M","M","?","R","M","R","T","M","M","$","R","?","R","B",null,"M","$","?","?","M","R","M","E"],"character_chosen":"THE_SILENT","items_purchased":["Swift Potion","Backstab+1"],"campfire_rested":2,"item_purchase_floors":[19,36],"current_hp_per_floor":[51,51,25,25,25,25,25,39,39,39,39,39,39,39,39,4,51,50,50,41,28,28,47,45,45,55,55,55,55,76,76,76,29,64,64,64,60,60,60,60,60,0],"gold":167,"neow_bonus":"ONE_RANDOM_RARE_CARD","is_prod":false,"is_daily":false,"chose_seed":false,"campfire_upgraded":6,"win_rate":0,"timestamp":1548822833,"path_taken":["M","?","?","?","?","R","M","M","T","$","?","?","R","$","R","BOSS","M","$","M","M","?","R","M","R","T","M","M","$","R","?","R","BOSS","M","$","?","?","M","R","M","E"],"build_version":"2019-01-23","purchased_purges":5,"victory":false,"max_hp_per_floor":[66,66,66,66,66,66,66,66,66,66,66,66,66,66,66,66,66,66,66,66,66,66,66,66,66,76,76,76,76,76,76,76,76,76,76,76,76,76,76,76,76,76],"card_choices":[{"not_picked":["Dodge and Roll","Escape Plan"],"picked":"Deadly Poison","floor":1.0},{"not_picked":["Expertise","Deflect"],"picked":"Endless Agony","floor":5.0},{"not_picked":["Caltrops","Dagger Spray"],"picked":"Cloak And Dagger","floor":7.0},{"not_picked":["Acrobatics","PiercingWail"],"picked":"Flying Knee","floor":8.0},{"not_picked":["A Thousand Cuts","Malaise"],"picked":"Adrenaline","floor":16.0},{"not_picked":["Acrobatics","Slice+1"],"picked":"Backstab+1","floor":18},{"not_picked":["Dodge and Roll+1","Footwork"],"picked":"Dash+1","floor":20},{"not_picked":["Distraction+1","Noxious Fumes"],"picked":"Predator+1","floor":21},{"not_picked":["Dodge and Roll","Cloak And Dagger","Bouncing Flask"],"picked":"SKIP","floor":24},{"not_picked":["Dagger Throw+1","Tactician"],"picked":"Backstab+1","floor":27},{"not_picked":["Poisoned Stab+1","Deflect"],"picked":"Dagger Spray+1","floor":28},{"not_picked":["Corpse Explosion","Doppelganger"],"picked":"Die Die Die+1","floor":33},{"not_picked":["Underhanded Strike+1"],"picked":"SKIP","floor":35},{"not_picked":["Cloak And Dagger"],"picked":"SKIP","floor":39},{"not_picked":["Calculated Gamble"],"picked":"SKIP","floor":41}],"player_experience":435719,"relics_obtained":[{"floor":9.0,"key":"Smiling Mask"},{"floor":26,"key":"Pear"},{"floor":37,"key":"Gambling Chip"}],"event_choices":[{"damage_healed":0.0,"max_hp_gain":0.0,"max_hp_loss":0.0,"gold_gain":0.0,"event_name":"Liars Game","player_choice":"Ignored","floor":2.0,"gold_loss":0.0,"damage_taken":0.0},{"damage_healed":0.0,"max_hp_gain":0.0,"max_hp_loss":0.0,"gold_gain":0.0,"event_name":"Scrap Ooze","player_choice":"Success","floor":3.0,"gold_loss":0.0,"damage_taken":26.0,"relics_obtained":["Orichalcum"]},{"damage_healed":0.0,"max_hp_gain":0.0,"max_hp_loss":0.0,"gold_gain":0.0,"cards_transformed":["Strike_G"],"event_name":"Transmorgrifier","player_choice":"Transformed","floor":4.0,"gold_loss":0.0,"damage_taken":0.0,"cards_obtained":["Blur"]},{"damage_healed":0.0,"max_hp_gain":0.0,"max_hp_loss":0.0,"gold_gain":0.0,"event_name":"Big Fish","player_choice":"Box","floor":11.0,"gold_loss":0.0,"damage_taken":0.0,"relics_obtained":["Molten Egg 2"],"cards_obtained":["Regret"]},{"damage_healed":0.0,"max_hp_gain":0.0,"max_hp_loss":0.0,"gold_gain":0.0,"event_name":"Dead Adventurer","player_choice":"Searched \u00270\u0027 times","floor":12.0,"gold_loss":0.0,"damage_taken":0.0},{"damage_healed":0,"gold_gain":0,"cards_transformed":["Eviscerate","Defend_G"],"player_choice":"Became Test Subject","damage_taken":0,"max_hp_gain":0,"max_hp_loss":0,"event_name":"Drug Dealer","floor":22,"gold_loss":0,"cards_obtained":["Unload","Die Die Die"]},{"damage_healed":0,"gold_gain":0,"player_choice":"Ignored","damage_taken":0,"max_hp_gain":0,"max_hp_loss":0,"event_name":"Ghosts","floor":31,"gold_loss":0},{"damage_healed":0,"gold_gain":0,"player_choice":"Fight","damage_taken":0,"max_hp_gain":0,"max_hp_loss":0,"event_name":"MindBloom","floor":37,"gold_loss":0},{"damage_healed":0,"gold_gain":0,"player_choice":"Memory 1","damage_taken":0,"max_hp_gain":0,"max_hp_loss":0,"event_name":"SensoryStone","floor":38,"gold_loss":0}],"is_beta":false,"boss_relics":[{"not_picked":["HoveringKite","Runic Dome"],"picked":"Astrolabe"},{"not_picked":["Snecko Eye","Calling Bell"],"picked":"Busted Crown"}],"items_purged_floors":[10,14,19,29,36],"is_endless":false,"potions_floor_spawned":[7,24,28,39],"killed_by":"Giant Head","ascension_level":16}