{"path_per_floor":["M","M","?","M","?","E","R","$","T","R","M","?","?","M","R","B",null,"M","M","?","$","M","R","E","M","T","R","M","R","?","M","R","B",null,"M","T","M","?","M","R","$","R","T","M","R","?","?","M","R","B"],"character_chosen":"THE_SILENT","items_purchased":["Pen Nib","Deflect","Deadly Poison","Noxious Fumes","War Paint"],"gold_per_floor":[109,128,128,141,141,170,170,1,24,24,37,37,37,57,57,157,157,177,194,194,74,89,89,118,132,157,157,174,174,174,188,188,288,288,306,306,322,322,332,332,8,8,80,98,98,98,98,118,118,118],"floor_reached":51,"campfire_rested":4,"playtime":1839,"current_hp_per_floor":[68,66,59,57,57,39,39,39,39,39,37,23,23,23,44,29,70,70,67,67,67,61,61,48,48,48,48,48,69,56,56,56,29,75,51,51,53,53,55,55,55,55,55,40,62,62,62,53,75,30],"items_purged":["Strike_G","Strike_G"],"gold":118,"score":667,"play_id":"d9b01efd-4223-4d92-bb86-9688aab62705","local_time":"20180408230106","is_prod":false,"is_daily":false,"is_ascension_mode":false,"campfire_upgraded":7,"timestamp":1523221266,"path_taken":["M","M","?","M","?","E","R","$","T","R","M","?","?","M","R","BOSS","M","M","?","$","M","R","E","M","T","R","M","R","?","M","R","BOSS","M","?","?","?","M","R","$","R","T","?","R","?","?","?","R","BOSS"],"build_version":"2018-04-05v2","purchased_purges":2,"victory":true,"master_deck":["Defend_G+1","Defend_G","Defend_G","Defend_G+1","Defend_G","Strike_G","Survivor+1","Neutralize","Bouncing Flask+1","Dagger Spray+1","Dash+1","Deflect","Quick Slash","Burst","Terror","Deadly Poison+1","Sucker Punch+1","Slice+1","Leg Sweep+1","PiercingWail+1","Deadly Poison+1","Noxious Fumes+1","Setup+1","Escape Plan+1"],"max_hp_per_floor":[70,70,70,70,70,70,70,70,70,70,70,70,70,70,70,70,70,70,70,70,70,70,70,70,70,70,70,70,70,75,75,75,75,75,75,75,75,75,75,75,75,75,75,75,75,75,75,75,75,75],"relics":["Runic Dome","Bag of Preparation","Pen Nib","Bag of Marbles","Sozu","Torii","Blood Vial","Lizard Tail","Ornamental Fan","War Paint","Shuriken"],"card_choices":[{"not_picked":["Slice","Endless Agony"],"picked":"Bouncing Flask","floor":2},{"not_picked":["Backstab","Prepared"],"picked":"Dagger Spray","floor":4},{"not_picked":["Poisoned Stab","Dodge and Roll"],"picked":"Dash","floor":6},{"not_picked":["Calculated Gamble","Storm of Steel"],"picked":"Caltrops","floor":11},{"not_picked":["Riddle With Holes","Acrobatics"],"picked":"Quick Slash","floor":14},{"not_picked":["Wraith Form","Tools of the Trade"],"picked":"Burst","floor":16},{"not_picked":["Dagger Spray","PiercingWail"],"picked":"Terror","floor":18},{"not_picked":["Setup","Heel Hook"],"picked":"Sucker Punch","floor":22},{"not_picked":["Flying Knee","Acrobatics"],"picked":"Slice","floor":25},{"not_picked":["Accuracy","Deflect"],"picked":"Leg Sweep","floor":31},{"not_picked":["Dagger Throw","Prepared"],"picked":"PiercingWail","floor":35},{"not_picked":["Backflip","Slice"],"picked":"Deadly Poison","floor":39},{"not_picked":["Flying Knee","Dagger Throw"],"picked":"Setup","floor":44},{"not_picked":["Cloak And Dagger","Dagger Spray"],"picked":"Escape Plan","floor":48}],"player_experience":357155,"potions_floor_usage":[33,35,35],"damage_taken":[{"damage":2,"enemies":"Small Slimes","floor":1,"turns":5},{"damage":2,"enemies":"Jaw Worm","floor":2,"turns":5},{"damage":2,"enemies":"2 Louse","floor":4,"turns":2},{"damage":18,"enemies":"3 Sentries","floor":6,"turns":8},{"damage":2,"enemies":"Blue Slaver","floor":11,"turns":3},{"damage":0,"enemies":"2 Fungi Beasts","floor":14,"turns":2},{"damage":15,"enemies":"The Guardian","floor":16,"turns":9},{"damage":0,"enemies":"3 Byrds","floor":18,"turns":2},{"damage":3,"enemies":"Shell Parasite","floor":19,"turns":4},{"damage":6,"enemies":"Snecko","floor":22,"turns":5},{"damage":13,"enemies":"Book of Stabbing","floor":24,"turns":4},{"damage":0,"enemies":"3 Cultists","floor":25,"turns":5},{"damage":2,"enemies":"Snake Plant","floor":28,"turns":3},{"damage":2,"enemies":"Slaver and Parasite","floor":31,"turns":5},{"damage":29,"enemies":"Collector","floor":33,"turns":10},{"damage":24,"enemies":"3 Darklings","floor":35,"turns":4},{"damage":0,"enemies":"Orb Walker","floor":37,"turns":3},{"damage":0,"enemies":"3 Darklings","floor":39,"turns":2},{"damage":17,"enemies":"4 Shapes","floor":44,"turns":5},{"damage":11,"enemies":"Sphere and 2 Shapes","floor":48,"turns":5},{"damage":45,"enemies":"Awakened One","floor":50,"turns":16}],"event_choices":[{"event_name":"Golden Wing","player_choice":"Card Removal","floor":3,"damage_taken":0},{"event_name":"Liars Game","player_choice":"disagreed","floor":5,"damage_taken":0},{"event_name":"Shining Light","player_choice":"Entered Light","floor":12,"damage_taken":0},{"event_name":"Bonfire Elementals","player_choice":"BASIC","floor":13,"damage_taken":0},{"event_name":"The Woman in Blue","player_choice":"Bought 0 Potions","floor":20,"damage_taken":0},{"event_name":"Forgotten Altar","player_choice":"Shed Blood","floor":30,"damage_taken":0},{"event_name":"Tomb of Lord Red Mask","player_choice":"Ignored","floor":38,"damage_taken":0},{"event_name":"Mysterious Sphere","player_choice":"Ignore","floor":47,"damage_taken":0}],"boss_relics":[{"not_picked":["Tiny House","Snecko Eye"],"picked":"Sozu"},{"not_picked":["Runic Pyramid","Orrery"],"picked":"Lizard Tail"}],"potions_floor_spawned":[1,2,16,18,22,28,33,44],"seed_played":"8150036316799993169","ascension_level":0,"is_trial":false}