{"gold_per_floor":[114,129,23,53,83,83,168,168,168,218,106,106,181,181,181,301,301,336,435,470,470,19,54,54,54,54,54,54,84,84,119,119,219,219,234,289,289,289,304,334,334,334,334,349,349,364,142,157,157,157],"floor_reached":51,"playtime":1576,"items_purged":[],"score":955,"play_id":"42440a6b-a374-48d0-8f76-431644b37a6c","local_time":"20180709205456","daily_mods":["Diverse","Vintage","Hoarder"],"is_ascension_mode":false,"campfire_choices":[{"data":"HandOfGreed","floor":6,"key":"SMITH"},{"data":"HandOfGreed","floor":8,"key":"SMITH"},{"data":"Metallicize","floor":15,"key":"SMITH"},{"floor":25,"key":"REST"},{"floor":27,"key":"REST"},{"floor":30,"key":"REST"},{"floor":32,"key":"REST"},{"floor":41,"key":"REST"},{"floor":45,"key":"REST"},{"floor":49,"key":"REST"}],"neow_cost":"","seed_source_timestamp":0,"circlet_count":0,"master_deck":["Defend_G+1","Defend_G+1","Defend_G+1","Defend_G+1","Strike_G+1","Strike_G+1","Strike_G+1","Strike_G+1","Strike_G+1","Survivor+1","Neutralize+1","HandOfGreed+1","HandOfGreed+1","HandOfGreed+1","Hologram+1","Hologram+1","Hologram+1","Core Surge+1","Core Surge+1","Core Surge+1","Metallicize+1","Metallicize+1","Metallicize+1","Dual Wield+1","Dual Wield+1","Dual Wield+1","Core Surge+1","Core Surge+1","Core Surge+1","Inflame+1","Inflame+1","Inflame+1","Blur+1","Blur+1","Blur+1","Beam Cell+1","Beam Cell+1","Beam Cell+1","Envenom+1","Envenom+1","Envenom+1","Unload+1","Unload+1","Unload+1","Mind Blast+1","Mind Blast+1","Mind Blast+1","Perfected Strike+1","Perfected Strike+1","Perfected Strike+1","Hologram+1","Hologram+1","Hologram+1","Sucker Punch+1","Sucker Punch+1","Sucker Punch+1","Dash+1","Dash+1","Dash+1"],"special_seed":17722,"relics":["Ring of the Snake","Smiling Mask","Lantern","Paper Crane","Toxic Egg 2","Happy Flower","Dodecahedron","War Paint","Molten Egg 2","Ninja Scroll","Fusion Hammer","Regal Pillow","Du-Vu Doll","Pen Nib","Bronze Scales","Blood Vial","Pantograph","Snake Skull","Letter Opener","The Specimen","Vajra","Sozu","Mercury Hourglass","Oddly Smooth Stone","Toolbox","Ornamental Fan","Mark of the Bloom","Ancient Tea Set","Strawberry","Art of War","Dream Catcher","Boot"],"potions_floor_usage":[7,46,48,48],"damage_taken":[{"damage":2,"enemies":"Cultist","floor":1,"turns":4},{"damage":1,"enemies":"Small Slimes","floor":2,"turns":3},{"damage":0,"enemies":"Jaw Worm","floor":4,"turns":2},{"damage":5,"enemies":"Looter","floor":5,"turns":3},{"damage":14,"enemies":"3 Sentries","floor":7,"turns":8},{"damage":7,"enemies":"Lagavulin","floor":10,"turns":8},{"damage":0,"enemies":"3 Louse","floor":13,"turns":2},{"damage":8,"enemies":"The Guardian","floor":16,"turns":19},{"damage":0,"enemies":"Chosen","floor":18,"turns":2},{"damage":6,"enemies":"2 Thieves","floor":20,"turns":3},{"damage":10,"enemies":"Snake Plant","floor":23,"turns":4},{"damage":0,"enemies":"Gremlin Leader","floor":29,"turns":9},{"damage":0,"enemies":"Centurion and Healer","floor":31,"turns":3},{"damage":3,"enemies":"Champ","floor":33,"turns":7},{"damage":0,"enemies":"Orb Walker","floor":35,"turns":2},{"damage":0,"enemies":"3 Shapes","floor":36,"turns":2},{"damage":0,"enemies":"Maw","floor":39,"turns":1},{"damage":0,"enemies":"2 Orb Walkers","floor":40,"turns":1},{"damage":0,"enemies":"Spire Growth","floor":44,"turns":1},{"damage":0,"enemies":"Sphere and 2 Shapes","floor":46,"turns":2},{"damage":1,"enemies":"Transient","floor":48,"turns":5},{"damage":15,"enemies":"Awakened One","floor":50,"turns":7}],"seed_played":"-163716102511872118","potions_obtained":[{"floor":2,"key":"Energy Potion"},{"floor":4,"key":"EssenceOfSteel"},{"floor":10,"key":"GamblersBrew"},{"floor":18,"key":"Explosive Potion"},{"floor":23,"key":"Regen Potion"}],"is_trial":false,"path_per_floor":["M","M","$","M","M","R","E","R","T","E","$","?","M","?","R","B",null,"M","?","M","?","$","M","?","R","T","R","T","E","R","M","R","B",null,"M","M","?","?","M","E","R","?","T","M","R","M","$","M","R","B"],"character_chosen":"THE_SILENT","items_purchased":["HandOfGreed","Metallicize","Dual Wield+1","Pen Nib","Inflame","Blur+1","Bronze Scales","Hologram+1","Dream Catcher","Sucker Punch+1"],"campfire_rested":7,"item_purchase_floors":[3,11,11,22,22,22,22,47,47,47],"current_hp_per_floor":[68,67,67,67,62,62,48,48,48,41,41,41,41,27,27,19,70,70,70,64,64,64,54,54,70,70,70,70,70,70,70,70,67,70,70,70,70,70,70,70,70,70,70,70,70,70,70,69,69,54],"gold":157,"neow_bonus":"","is_prod":false,"is_daily":true,"chose_seed":false,"campfire_upgraded":3,"win_rate":0,"timestamp":1531194896,"path_taken":["M","M","$","M","M","R","E","R","T","E","$","?","M","?","R","BOSS","M","?","M","?","$","M","?","R","T","R","?","E","R","?","R","BOSS","M","M","?","?","M","E","R","?","T","M","R","?","$","M","R","BOSS"],"build_version":"2018-07-05","purchased_purges":0,"victory":true,"max_hp_per_floor":[70,70,70,70,70,70,70,70,70,70,70,70,70,70,70,70,70,70,70,70,70,70,70,70,70,70,70,70,70,70,70,70,70,70,70,70,70,70,70,70,70,70,70,77,77,77,77,77,77,77],"card_choices":[{"not_picked":["Pommel Strike","Slice"],"picked":"Hologram+1","floor":7},{"not_picked":["Thunderclap","Leg Sweep+1"],"picked":"Core Surge","floor":10},{"not_picked":["Exhume+1","Doppelganger+1"],"picked":"Core Surge+1","floor":16},{"not_picked":["Havoc+1","Thunderclap+1"],"picked":"Beam Cell+1","floor":29},{"not_picked":["Doppelganger+1","Multi-Cast+1"],"picked":"Envenom","floor":33},{"not_picked":["Secret Technique+1","Trip+1"],"picked":"Mind Blast+1","floor":38},{"not_picked":["Dagger Throw+1","Loop+1"],"picked":"Perfected Strike+1","floor":40},{"not_picked":["Anger+1","Go for the Eyes+1"],"picked":"Dash+1","floor":49}],"player_experience":554639,"relics_obtained":[{"floor":1,"key":"Smiling Mask"},{"floor":2,"key":"Lantern"},{"floor":4,"key":"Paper Crane"},{"floor":5,"key":"Toxic Egg 2"},{"floor":7,"key":"Happy Flower"},{"floor":9,"key":"Dodecahedron"},{"floor":10,"key":"War Paint"},{"floor":13,"key":"Molten Egg 2"},{"floor":16,"key":"Ninja Scroll"},{"floor":18,"key":"Regal Pillow"},{"floor":20,"key":"Du-Vu Doll"},{"floor":23,"key":"Blood Vial"},{"floor":26,"key":"Pantograph"},{"floor":28,"key":"Snake Skull"},{"floor":29,"key":"Letter Opener"},{"floor":31,"key":"The Specimen"},{"floor":33,"key":"Vajra"},{"floor":35,"key":"Mercury Hourglass"},{"floor":36,"key":"Oddly Smooth Stone"},{"floor":39,"key":"Toolbox"},{"floor":40,"key":"Ornamental Fan"},{"floor":43,"key":"Ancient Tea Set"},{"floor":44,"key":"Strawberry"},{"floor":46,"key":"Art of War"},{"floor":48,"key":"Boot"}],"event_choices":[{"event_name":"Living Wall","player_choice":"Grow","floor":12,"damage_taken":0},{"event_name":"Shining Light","player_choice":"Entered Light","floor":14,"damage_taken":0},{"event_name":"Nest","player_choice":"Stole From Cult","floor":19,"damage_taken":0},{"event_name":"The Woman in Blue","player_choice":"Bought 0 Potions","floor":21,"damage_taken":0},{"event_name":"Beggar","player_choice":"Ignored","floor":24,"damage_taken":0},{"event_name":"Transmorgrifier","player_choice":"Transform","floor":37,"damage_taken":0},{"event_name":"SensoryStone","player_choice":"Memory 1","floor":38,"damage_taken":0},{"event_name":"MindBloom","player_choice":"Upgrade","floor":42,"damage_taken":0}],"boss_relics":[{"not_picked":["Calling Bell","Philosopher\u0027s Stone"],"picked":"Fusion Hammer"},{"not_picked":["Orrery","Empty Cage"],"picked":"Sozu"}],"items_purged_floors":[],"is_endless":false,"potions_floor_spawned":[2,4,10,18,20,23,31,35,40,46],"ascension_level":0}