{"gold_per_floor":[115,132,132,207,8,39,39,64,64,64,11,68,68,68,68,142,142,159,159,174,6,16,16,47,47,47,47,64,64,96,96,96,173,173,184,184,184,195,207,207],"floor_reached":40,"playtime":5613,"items_purged":["Strike_G"],"score":926,"play_id":"98e5de53-51ed-4812-86b0-7fdc62c95fed","local_time":"20190127185305","is_ascension_mode":true,"campfire_choices":[{"data":"Noxious Fumes","floor":7.0,"key":"SMITH"},{"data":"Crippling Poison","floor":10.0,"key":"SMITH"},{"floor":13.0,"key":"REST"},{"data":"PiercingWail","floor":15.0,"key":"SMITH"},{"data":"Backflip","floor":23.0,"key":"SMITH"},{"floor":25.0,"key":"REST"},{"data":"Die Die Die","floor":27.0,"key":"SMITH"},{"data":"Bouncing Flask","floor":32.0,"key":"SMITH"}],"neow_cost":"NONE","seed_source_timestamp":26001857430062,"circlet_count":0,"master_deck":["AscendersBane","Defend_G","Defend_G","Defend_G","Defend_G","Defend_G","Strike_G","Strike_G","Strike_G","Strike_G","Survivor","Neutralize","Calculated Gamble","Sucker Punch+1","Noxious Fumes+1","Backstab","Dagger Spray","Crippling Poison+1","PiercingWail+1","Cloak And Dagger","Die Die Die+1","Backflip+1","Backflip+1","Acrobatics","Acrobatics","Bouncing Flask+1","Corpse Explosion","Dash","Poisoned Stab+1","Eviscerate"],"special_seed":0,"relics":["Ring of the Snake","NeowsBlessing","Mercury Hourglass","Snake Skull","Vajra","Tiny Chest","Snecko Eye","Nilry\u0027s Codex","Centennial Puzzle","Anchor","Pantograph","Dodecahedron","Orrery"],"potions_floor_usage":[],"damage_taken":[{"damage":0.0,"enemies":"Small Slimes","floor":1.0,"turns":1.0},{"damage":0.0,"enemies":"Jaw Worm","floor":2.0,"turns":1.0},{"damage":0.0,"enemies":"3 Sentries","floor":6.0,"turns":1.0},{"damage":19.0,"enemies":"Lagavulin","floor":8.0,"turns":8.0},{"damage":27.0,"enemies":"Gremlin Nob","floor":12.0,"turns":4.0},{"damage":17.0,"enemies":"Hexaghost","floor":16.0,"turns":9.0},{"damage":2.0,"enemies":"Chosen","floor":18.0,"turns":5.0},{"damage":1.0,"enemies":"Spheric Guardian","floor":20.0,"turns":5.0},{"damage":0.0,"enemies":"Cultist and Chosen","floor":22.0,"turns":3.0},{"damage":5.0,"enemies":"Slavers","floor":24.0,"turns":4.0},{"damage":2.0,"enemies":"Centurion and Healer","floor":28.0,"turns":8.0},{"damage":14.0,"enemies":"Book of Stabbing","floor":30.0,"turns":5.0},{"damage":38.0,"enemies":"Automaton","floor":33.0,"turns":8.0},{"damage":8.0,"enemies":"Orb Walker","floor":35.0,"turns":3.0},{"damage":0.0,"enemies":"3 Darklings","floor":38.0,"turns":2.0},{"damage":31.0,"enemies":"Maw","floor":39.0,"turns":8.0},{"damage":40,"enemies":"Nemesis","floor":40,"turns":4}],"seed_played":"3488136161268208682","potions_obtained":[{"floor":2.0,"key":"Explosive Potion"},{"floor":6.0,"key":"SteroidPotion"},{"floor":18.0,"key":"FearPotion"},{"floor":22.0,"key":"Fruit Juice"},{"floor":24.0,"key":"Energy Potion"},{"floor":30.0,"key":"Swift Potion"},{"floor":38.0,"key":"Explosive Potion"}],"is_trial":false,"path_per_floor":["M","M","?","?","$","E","R","E","T","R","$","E","R","?","R","B",null,"M","?","M","$","M","R","E","R","T","R","M","$","E","?","R","B",null,"M","?","T","M","M","E"],"character_chosen":"THE_SILENT","items_purchased":["Noxious Fumes","Backstab","PiercingWail","Centennial Puzzle"],"campfire_rested":2,"item_purchase_floors":[5,5,11,21],"current_hp_per_floor":[59,59,59,48,48,48,48,29,29,29,29,2,21,26,26,9,56,54,33,32,32,37,37,32,54,54,54,52,52,38,38,38,25,63,55,55,55,55,24,0],"gold":207,"neow_bonus":"THREE_ENEMY_KILL","is_prod":false,"is_daily":false,"chose_seed":false,"campfire_upgraded":6,"win_rate":0,"timestamp":1548611585,"path_taken":["M","M","?","?","$","E","R","E","T","R","$","E","R","?","R","BOSS","M","?","M","$","M","R","E","R","T","R","M","$","E","?","R","BOSS","M","?","?","M","M","E"],"build_version":"2019-01-23","purchased_purges":1,"victory":false,"max_hp_per_floor":[66,66,66,66,66,66,66,66,66,66,66,66,66,71,71,71,71,71,71,71,71,76,76,76,76,76,76,76,76,76,76,76,76,76,76,72,72,72,72,72],"card_choices":[{"not_picked":["Backflip","Deflect"],"picked":"Calculated Gamble","floor":1.0},{"not_picked":["Slice","Blur"],"picked":"Sucker Punch","floor":2.0},{"not_picked":["Accuracy","Dagger Throw"],"picked":"Dagger Spray","floor":6.0},{"not_picked":["Expertise","Dodge and Roll"],"picked":"Crippling Poison","floor":8.0},{"not_picked":["Endless Agony","Terror"],"picked":"Cloak And Dagger","floor":12.0},{"not_picked":["Glass Knife","Bullet Time"],"picked":"Die Die Die","floor":16.0},{"not_picked":["Poisoned Stab","PiercingWail+1"],"picked":"Backflip","floor":18.0},{"not_picked":["Flying Knee+1","Deflect","Bane"],"picked":"SKIP","floor":20.0},{"not_picked":["Escape Plan","Distraction","Calculated Gamble"],"picked":"SKIP","floor":22.0},{"not_picked":["Choke","Grand Finale"],"picked":"Backflip+1","floor":24.0},{"not_picked":["Blade Dance","Underhanded Strike"],"picked":"Acrobatics","floor":28.0},{"not_picked":["Skewer","Well Laid Plans"],"picked":"Acrobatics","floor":30.0},{"not_picked":["Glass Knife","A Thousand Cuts"],"picked":"Corpse Explosion","floor":33.0},{"not_picked":["Cloak And Dagger","Dodge and Roll"],"picked":"Dash","floor":34.0},{"not_picked":["Cloak And Dagger","Blur","Prepared"],"picked":"SKIP","floor":35.0},{"not_picked":["Acrobatics","Backstab"],"picked":"Poisoned Stab+1","floor":38.0},{"not_picked":["Setup","Choke"],"picked":"Eviscerate","floor":39.0}],"player_experience":2044512,"relics_obtained":[{"floor":6.0,"key":"Mercury Hourglass"},{"floor":8.0,"key":"Snake Skull"},{"floor":9.0,"key":"Vajra"},{"floor":12.0,"key":"Tiny Chest"},{"floor":19.0,"key":"Nilry\u0027s Codex"},{"floor":24.0,"key":"Anchor"},{"floor":26.0,"key":"Pantograph"},{"floor":30.0,"key":"Dodecahedron"}],"event_choices":[{"damage_healed":0.0,"max_hp_gain":0.0,"max_hp_loss":0.0,"gold_gain":0.0,"event_name":"Living Wall","player_choice":"Grow","floor":3.0,"gold_loss":0.0,"damage_taken":0.0,"cards_upgraded":["Sucker Punch"]},{"damage_healed":0.0,"max_hp_gain":0.0,"max_hp_loss":0.0,"gold_gain":75.0,"event_name":"World of Goop","player_choice":"Gather Gold","floor":4.0,"gold_loss":0.0,"damage_taken":11.0},{"damage_healed":0.0,"max_hp_gain":5.0,"max_hp_loss":0.0,"gold_gain":0.0,"event_name":"Big Fish","player_choice":"Donut","floor":14.0,"gold_loss":0.0,"damage_taken":0.0},{"damage_healed":0.0,"max_hp_gain":0.0,"max_hp_loss":0.0,"gold_gain":0.0,"event_name":"Cursed Tome","player_choice":"Obtained Book","floor":19.0,"gold_loss":0.0,"damage_taken":21.0},{"damage_healed":0.0,"max_hp_gain":0.0,"max_hp_loss":0.0,"gold_gain":0.0,"event_name":"The Library","player_choice":"Read","floor":31.0,"gold_loss":0.0,"damage_taken":0.0,"cards_obtained":["Bouncing Flask"]},{"damage_healed":0.0,"max_hp_gain":0.0,"max_hp_loss":4.0,"gold_gain":0.0,"event_name":"Winding Halls","player_choice":"Max HP","floor":36.0,"gold_loss":0.0,"damage_taken":0.0}],"is_beta":false,"boss_relics":[{"not_picked":["Runic Dome","Tiny House"],"picked":"Snecko Eye"},{"not_picked":["Runic Pyramid","White Beast Statue"],"picked":"Orrery"}],"items_purged_floors":[5],"is_endless":false,"potions_floor_spawned":[2,6,8,18,22,24,30,38],"killed_by":"Nemesis","ascension_level":20}