{"path_per_floor":["M","?","?","M","T","E","R","M","T","$","?","M","M","?","R","B",null,"M","M","?","M","?","M","T"],"character_chosen":"IRONCLAD","items_purchased":["Good Instincts","Pummel"],"gold_per_floor":[119,69,69,80,131,162,162,172,199,24,24,39,49,49,49,151,151,166,179,104,117,117,136,136],"floor_reached":25,"campfire_rested":0,"playtime":1275,"current_hp_per_floor":[73,73,73,79,79,70,70,76,83,83,66,61,67,87,87,61,87,87,86,86,39,39,14,14],"items_purged":[],"gold":136,"score":223,"play_id":"950cdc08-f0c0-4838-96f8-8de2e566e08a","local_time":"20180308174758","is_prod":false,"is_daily":false,"is_ascension_mode":true,"campfire_upgraded":2,"timestamp":1520527678,"path_taken":["M","?","?","M","?","E","R","M","T","?","?","?","M","?","R","BOSS","M","M","?","M","?","M","?","E"],"build_version":"2018-03-01-PROD1","purchased_purges":0,"victory":false,"master_deck":["Strike_R+1","Strike_R","Strike_R","Defend_R","Defend_R","Defend_R+1","Defend_R","Thunderclap","Flex+1","Heavy Blade","Metallicize","Iron Wave","Good Instincts","Pummel","Flex","Inflame+1","Limit Break","Shrug It Off+1","Armaments","Headbutt+1","Bandage Up"],"max_hp_per_floor":[80,80,80,80,80,80,80,80,87,87,87,87,87,87,87,87,87,87,87,87,87,87,87,87],"relics":["Burning Blood","Anchor","Torii","Strawberry","Runic Pyramid","Charon\u0027s Ashes"],"card_choices":[{"not_picked":["Havoc","Heavy Blade"],"picked":"Thunderclap"},{"not_picked":["Thunderclap","Dual Wield"],"picked":"Flex"},{"not_picked":["Armaments","Demon Form"],"picked":"Heavy Blade"},{"not_picked":["Clothesline","Armaments"],"picked":"Metallicize"},{"not_picked":["Warcry","Fire Breathing"],"picked":"Iron Wave"},{"not_picked":["Twin Strike","Rage"],"picked":"Flex"},{"not_picked":["Evolve","Blood for Blood"],"picked":"Inflame"},{"not_picked":["Dark Embrace","Juggernaut"],"picked":"Limit Break"},{"not_picked":["True Grit","Anger"],"picked":"Shrug It Off"},{"not_picked":["Sentinel","Combust"],"picked":"Armaments"},{"not_picked":["Body Slam","Rage"],"picked":"Headbutt"}],"player_experience":151524,"potions_floor_usage":[16,19,21,25],"damage_taken":[{"damage":13,"enemies":"Small Slimes","floor":1,"turns":4},{"damage":0,"enemies":"2 Louse","floor":4,"turns":2},{"damage":15,"enemies":"Gremlin Nob","floor":6,"turns":4},{"damage":0,"enemies":"Jaw Worm","floor":8,"turns":3},{"damage":11,"enemies":"Exordium Wildlife","floor":12,"turns":4},{"damage":0,"enemies":"Lots of Slimes","floor":13,"turns":2},{"damage":32,"enemies":"Hexaghost","floor":16,"turns":10},{"damage":1,"enemies":"Spheric Guardian","floor":18,"turns":3},{"damage":7,"enemies":"Chosen","floor":19,"turns":5},{"damage":53,"enemies":"3 Cultists","floor":21,"turns":6},{"damage":35,"enemies":"Snecko","floor":23,"turns":6},{"damage":18,"enemies":"Slavers","floor":25,"turns":2}],"event_choices":[{"event_name":"The Cleric","player_choice":"Card Removal","floor":2,"damage_taken":0},{"event_name":"Wheel of Change","player_choice":"Card Removal","floor":3,"damage_taken":0},{"event_name":"Shining Light","player_choice":"Entered Light","floor":11,"damage_taken":0},{"event_name":"Big Fish","player_choice":"Banana","floor":14,"damage_taken":0},{"event_name":"Beggar","player_choice":"Gave Gold","floor":20,"damage_taken":0},{"event_name":"Match and Keep!","player_choice":"1 cards matched","floor":22,"damage_taken":0}],"boss_relics":[{"not_picked":["Sozu","Snecko Eye"],"picked":"Runic Pyramid"}],"potions_floor_spawned":[4,8,19,23],"seed_played":"5781241037159237229","killed_by":"Slavers","ascension_level":2,"is_trial":false}