{"path_per_floor":["M","?","M","M","M","R","E","R","T","M","?","?","R","E","R","B",null,"M","M","?","?","M","R","E","$","T","M","M","R","$","E","R","B",null,"M","M","$","M","?","R","E","R","T","M","M","?","M","M","R","B"],"character_chosen":"IRONCLAD","items_purchased":["Feel No Pain","Bottled Tornado","Flex"],"gold_per_floor":[118,118,136,149,166,166,193,193,193,213,213,213,213,240,240,345,345,355,369,369,269,288,288,322,1,28,44,62,62,9,37,37,135,135,145,161,86,100,70,70,100,100,152,172,187,187,202,213,213,213],"floor_reached":51,"campfire_rested":2,"playtime":3074,"current_hp_per_floor":[80,64,70,76,66,66,78,78,78,79,79,79,79,79,79,37,80,77,73,73,73,74,74,69,69,69,59,61,61,61,39,63,52,80,80,80,80,80,80,80,46,70,70,79,64,64,80,80,80,50],"items_purged":["Strike_R"],"gold":213,"score":729,"play_id":"c603adab-4f63-4bfb-bd3e-51111328a6db","local_time":"20180331055347","is_prod":false,"is_daily":false,"is_ascension_mode":false,"campfire_upgraded":8,"timestamp":1522468427,"path_taken":["M","?","M","M","?","R","E","R","T","M","?","?","R","E","R","BOSS","M","M","?","?","M","R","E","$","T","M","M","R","?","E","R","BOSS","M","M","$","M","?","R","E","R","T","M","M","?","?","M","R","BOSS"],"build_version":"2018-03-29v2","purchased_purges":1,"victory":true,"master_deck":["Strike_R+1","Strike_R","Strike_R","Defend_R","Defend_R","Defend_R","Bash","Dark Embrace+1","Spot Weakness+1","Shockwave+1","Reaper","Heavy Blade+1","True Grit+1","Fiend Fire+1","Warcry+1","Havoc","Corruption","J.A.X.","Clothesline+1","Feel No Pain+1","Sword Boomerang","Burning Pact+1","Flex","Sword Boomerang+1","True Grit+1","Exhume+1","Wild Strike+1","Flex","Seeing Red","Carnage+1","Shrug It Off+1","Corruption+1"],"max_hp_per_floor":[80,80,80,80,80,80,80,80,80,80,80,80,80,80,80,80,80,80,80,80,80,80,80,80,80,80,80,80,80,80,80,80,80,80,80,80,80,80,80,80,80,80,80,80,80,80,80,80,80,80],"relics":["Black Blood","Pen Nib","Orichalcum","Dream Catcher","Runic Pyramid","Bronze Scales","Bottled Tornado","Bag of Marbles","Prayer Wheel","Smiling Mask","Lantern"],"card_choices":[{"not_picked":["Pommel Strike","Heavy Blade"],"picked":"Spot Weakness","floor":1},{"not_picked":["Pommel Strike","Battle Trance"],"picked":"Shockwave","floor":3},{"not_picked":["Headbutt","Pommel Strike"],"picked":"Reaper","floor":4},{"not_picked":["Headbutt","Pommel Strike"],"picked":"Heavy Blade","floor":7},{"not_picked":["Anger","Armaments"],"picked":"True Grit","floor":14},{"not_picked":["Offering","Limit Break"],"picked":"Fiend Fire","floor":16},{"not_picked":["Thunderclap","Flex"],"picked":"Warcry","floor":18},{"not_picked":["Perfected Strike","Anger"],"picked":"Havoc","floor":19},{"not_picked":["True Grit","Burning Pact"],"picked":"Clothesline","floor":22},{"not_picked":["Rupture","Feel No Pain"],"picked":"Sword Boomerang","floor":27},{"not_picked":["Body Slam","Bludgeon"],"picked":"Burning Pact","floor":28},{"not_picked":["Dual Wield","Anger"],"picked":"Sword Boomerang","floor":31},{"not_picked":["Headbutt","Cleave"],"picked":"True Grit","floor":32},{"not_picked":["Reaper","Brutality"],"picked":"Exhume","floor":33},{"not_picked":["Battle Trance","Twin Strike"],"picked":"Wild Strike","floor":35},{"not_picked":["Pommel Strike","True Grit"],"picked":"Flex","floor":36},{"not_picked":["Havoc","Clash"],"picked":"Seeing Red","floor":38},{"not_picked":["Iron Wave","Evolve"],"picked":"Carnage","floor":44},{"not_picked":["Intimidate","Pommel Strike"],"picked":"Shrug It Off","floor":47},{"not_picked":["Armaments","Dropkick"],"picked":"Corruption","floor":48}],"player_experience":242893,"potions_floor_usage":[7,14,19,19,24,24,28,31,35,41,41,44,47],"damage_taken":[{"damage":5,"enemies":"Jaw Worm","floor":1,"turns":4},{"damage":0,"enemies":"Cultist","floor":3,"turns":4},{"damage":0,"enemies":"2 Louse","floor":4,"turns":4},{"damage":32,"enemies":"Large Slime","floor":5,"turns":7},{"damage":22,"enemies":"3 Sentries","floor":7,"turns":5},{"damage":5,"enemies":"Looter","floor":10,"turns":3},{"damage":14,"enemies":"Lagavulin","floor":14,"turns":6},{"damage":48,"enemies":"Slime Boss","floor":16,"turns":12},{"damage":9,"enemies":"Chosen","floor":18,"turns":5},{"damage":10,"enemies":"Shell Parasite","floor":19,"turns":4},{"damage":5,"enemies":"Snecko","floor":22,"turns":3},{"damage":26,"enemies":"Gremlin Leader","floor":24,"turns":6},{"damage":16,"enemies":"Sentry and Sphere","floor":27,"turns":4},{"damage":10,"enemies":"Snake Plant","floor":28,"turns":4},{"damage":40,"enemies":"Slavers","floor":31,"turns":6},{"damage":47,"enemies":"Collector","floor":33,"turns":8},{"damage":8,"enemies":"3 Shapes","floor":35,"turns":4},{"damage":3,"enemies":"3 Darklings","floor":36,"turns":5},{"damage":3,"enemies":"Maw","floor":38,"turns":6},{"damage":44,"enemies":"2 Orb Walkers","floor":41,"turns":5},{"damage":11,"enemies":"4 Shapes","floor":44,"turns":8},{"damage":34,"enemies":"Sphere and 2 Shapes","floor":45,"turns":8},{"damage":24,"enemies":"3 Darklings","floor":47,"turns":7},{"damage":3,"enemies":"Maw","floor":48,"turns":5},{"damage":60,"enemies":"Awakened One","floor":50,"turns":7}],"event_choices":[{"event_name":"Shining Light","player_choice":"Entered Light","floor":2,"damage_taken":0},{"event_name":"Living Wall","player_choice":"Change","floor":11,"damage_taken":0},{"event_name":"Purifier","player_choice":"One Purge","floor":12,"damage_taken":0},{"event_name":"The Library","player_choice":"Read","floor":20,"damage_taken":0},{"event_name":"Drug Dealer","player_choice":"Got JAXXED","floor":21,"damage_taken":0},{"event_name":"The Woman in Blue","player_choice":"Bought 2 Potions","floor":39,"damage_taken":0}],"boss_relics":[{"not_picked":["Runic Cube","White Beast Statue"],"picked":"Runic Pyramid"},{"not_picked":["Pandora\u0027s Box","Eternal Feather"],"picked":"Black Blood"}],"potions_floor_spawned":[4,7,10,16,18,19,27,28,33,36,44],"seed_played":"-1513609175077694750","ascension_level":0,"is_trial":false}