{"path_per_floor":["M","?","?","?","M","E","M","$","T","R","M","R","$","?","R","B",null,"M","?","M","?","?","R","?","R","T","M","R","$","M","M","R","B",null,"M","$","M","?","?","R","E","M","T","$","R","M","R","M","R"],"character_chosen":"IRONCLAD","items_purchased":["Orichalcum","Clash","Deep Breath","Shrug It Off","Deep Breath","Block Potion"],"gold_per_floor":[111,111,111,111,124,149,166,15,15,15,31,31,31,31,31,157,157,171,171,196,196,121,121,121,121,121,142,142,41,55,71,71,194,194,215,124,148,108,108,108,143,168,193,1,1,24,24,45,45],"floor_reached":50,"campfire_rested":6,"playtime":3224,"current_hp_per_floor":[80,73,73,73,79,80,80,80,80,80,80,80,80,80,80,69,80,72,72,57,41,41,65,65,65,65,51,75,75,56,62,80,63,80,79,79,25,25,25,49,27,46,46,46,70,59,80,80,80],"items_purged":["Bash"],"gold":45,"score":512,"play_id":"1f8f5c4f-e93b-453a-8aa5-eb146469a865","local_time":"20180308235538","is_prod":false,"is_daily":false,"is_ascension_mode":true,"campfire_upgraded":5,"timestamp":1520549738,"path_taken":["M","?","?","?","M","E","M","?","T","R","M","R","$","?","R","BOSS","M","?","?","?","?","R","?","R","T","M","R","?","?","M","R","BOSS","M","$","M","?","?","R","E","M","T","?","R","M","R","M","R","BOSS"],"build_version":"2018-03-01-PROD1","purchased_purges":2,"victory":false,"master_deck":["Strike_R","Strike_R","Strike_R","Defend_R","Defend_R+1","Defend_R","Defend_R","Twin Strike","Double Tap","Pommel Strike+1","Whirlwind+1","Battle Trance+1","Rampage+1","Demon Form+1","Whirlwind+1","Seeing Red","Dramatic Entrance","Anger+1","Clash","Flex","Limit Break+1","Deep Breath","Heavy Blade+1","Flex+1","Shrug It Off","Deep Breath","Shrug It Off","Headbutt+1"],"max_hp_per_floor":[80,80,80,80,80,80,80,80,80,80,80,80,80,80,80,80,80,80,80,80,80,80,80,80,80,80,80,80,80,80,80,80,80,80,80,80,80,80,80,80,80,80,80,80,80,80,80,80,80],"relics":["Burning Blood","NeowsBlessing","Lantern","Bronze Scales","Orichalcum","War Paint","Golden Idol","Lizard Tail","Unceasing Top","Mark of Pain","Bottled Tornado","Bag of Marbles"],"card_choices":[{"not_picked":["Clash","Sever Soul"],"picked":"Twin Strike"},{"not_picked":["Combust","True Grit"],"picked":"Pommel Strike"},{"not_picked":["Sword Boomerang","Disarm"],"picked":"Whirlwind"},{"not_picked":["Dual Wield","Thunderclap"],"picked":"Battle Trance"},{"not_picked":["Pommel Strike","Whirlwind"],"picked":"Rampage"},{"not_picked":["Bludgeon","Double Tap"],"picked":"Demon Form"},{"not_picked":["Carnage","Havoc"],"picked":"Seeing Red"},{"not_picked":["Disarm","Blood for Blood"],"picked":"Anger"},{"not_picked":["Cleave","Body Slam"],"picked":"Flex"},{"not_picked":["Juggernaut","Berserk"],"picked":"Limit Break"},{"not_picked":["Thunderclap","Dark Embrace"],"picked":"Heavy Blade"},{"not_picked":["Perfected Strike","Pummel"],"picked":"Flex"},{"not_picked":["Headbutt","Anger"],"picked":"Shrug It Off"},{"not_picked":["Exhume","Thunderclap"],"picked":"Headbutt"}],"player_experience":158994,"potions_floor_usage":[20,33,33,41,41,41,46,46],"damage_taken":[{"damage":0,"enemies":"2 Louse","floor":1,"turns":1},{"damage":0,"enemies":"Jaw Worm","floor":5,"turns":1},{"damage":0,"enemies":"Lagavulin","floor":6,"turns":1},{"damage":0,"enemies":"Small Slimes","floor":7,"turns":3},{"damage":1,"enemies":"Exordium Thugs","floor":11,"turns":3},{"damage":17,"enemies":"Slime Boss","floor":16,"turns":8},{"damage":14,"enemies":"Chosen","floor":18,"turns":4},{"damage":21,"enemies":"Shell Parasite","floor":20,"turns":4},{"damage":20,"enemies":"Snake Plant","floor":27,"turns":2},{"damage":25,"enemies":"Centurion and Healer","floor":30,"turns":4},{"damage":0,"enemies":"3 Cultists","floor":31,"turns":3},{"damage":23,"enemies":"Champ","floor":33,"turns":8},{"damage":7,"enemies":"3 Darklings","floor":35,"turns":3},{"damage":60,"enemies":"3 Shapes","floor":37,"turns":4},{"damage":28,"enemies":"Giant Head","floor":41,"turns":6},{"damage":32,"enemies":"3 Darklings","floor":42,"turns":3},{"damage":17,"enemies":"4 Shapes","floor":46,"turns":2},{"damage":5,"enemies":"Sphere and 2 Shapes","floor":48,"turns":3},{"damage":80,"enemies":"Awakened One","floor":50,"turns":6}],"event_choices":[{"event_name":"Scrap Ooze","player_choice":"success","floor":2,"damage_taken":7},{"event_name":"Living Wall","player_choice":"Change","floor":3,"damage_taken":0},{"event_name":"Bonfire Elementals","player_choice":"BASIC","floor":4,"damage_taken":0},{"event_name":"Golden Idol","player_choice":"Take Wound","floor":14,"damage_taken":0},{"event_name":"Duplicator","player_choice":"One dupe","floor":19,"damage_taken":0},{"event_name":"Knowing Skull","player_choice":"CARD ","floor":21,"damage_taken":0},{"event_name":"Beggar","player_choice":"Gave Gold","floor":22,"damage_taken":0},{"event_name":"Vampires","player_choice":"Ignored","floor":24,"damage_taken":0},{"event_name":"The Woman in Blue","player_choice":"Bought 3 Potions","floor":38,"damage_taken":0},{"event_name":"Mysterious Sphere","player_choice":"Ignore","floor":39,"damage_taken":0}],"boss_relics":[{"not_picked":["Velvet Choker","Ectoplasm"],"picked":"Lizard Tail"},{"not_picked":["Snecko Eye","Orrery"],"picked":"Mark of Pain"}],"potions_floor_spawned":[6,7,16,30,31,33,37,42],"seed_played":"6844184237911854995","killed_by":"Awakened One","ascension_level":2,"is_trial":false}