{"gold_per_floor":[113,128,128,138,66,66,85,85,167,167,201,217,217,3,3,77,77,97,115,40,0,0,0,19,19,46,46,79,89,99,128,128,128],"floor_reached":33,"playtime":1224,"items_purged":["Strike_B"],"score":543,"play_id":"6235df6c-055c-4ef3-934b-759d681d72ff","local_time":"20190114004928","is_ascension_mode":true,"campfire_choices":[{"data":"Defragment","floor":6.0,"key":"SMITH"},{"data":"Fission","floor":8.0,"key":"SMITH"},{"data":"Streamline","floor":10.0,"key":"SMITH"},{"data":"Dualcast","floor":15.0,"key":"SMITH"},{"floor":23.0,"key":"REST"},{"data":"Glacier","floor":25.0,"key":"SMITH"},{"floor":32,"key":"REST"}],"neow_cost":"NONE","seed_source_timestamp":35917771214045,"circlet_count":0,"master_deck":["AscendersBane","Defend_B","Defend_B","Defend_B","Defend_B","Zap","Dualcast+1","Streamline+1","Genetic Algorithm","Fission+1","Cold Snap","Defragment+1","Glacier+1","Fusion+1","Hologram+1","Ball Lightning","Core Surge","Defragment","Loop"],"special_seed":0,"relics":["Cracked Core","Toxic Egg 2","Ancient Tea Set","Lantern","Empty Cage","Anchor","Boot"],"potions_floor_usage":[28],"damage_taken":[{"damage":7.0,"enemies":"Jaw Worm","floor":1.0,"turns":4.0},{"damage":1.0,"enemies":"Cultist","floor":2.0,"turns":3.0},{"damage":0.0,"enemies":"Small Slimes","floor":4.0,"turns":3.0},{"damage":4.0,"enemies":"Exordium Wildlife","floor":7.0,"turns":4.0},{"damage":23.0,"enemies":"Gremlin Nob","floor":11.0,"turns":6.0},{"damage":1.0,"enemies":"Exordium Thugs","floor":12.0,"turns":5.0},{"damage":10.0,"enemies":"Hexaghost","floor":16.0,"turns":11.0},{"damage":9.0,"enemies":"Shell Parasite","floor":18.0,"turns":2.0},{"damage":18.0,"enemies":"2 Thieves","floor":19.0,"turns":4.0},{"damage":3.0,"enemies":"Centurion and Healer","floor":24.0,"turns":8.0},{"damage":0,"enemies":"Book of Stabbing","floor":28,"turns":6},{"damage":5,"enemies":"Shelled Parasite and Fungi","floor":29,"turns":6},{"damage":10,"enemies":"Chosen and Byrds","floor":30,"turns":6},{"damage":31,"enemies":"Slavers","floor":31,"turns":8},{"damage":37,"enemies":"Champ","floor":33,"turns":12}],"seed_played":"1146340327724063714","potions_obtained":[{"floor":7.0,"key":"SneckoOil"},{"floor":16.0,"key":"SteroidPotion"},{"floor":24.0,"key":"EssenceOfSteel"},{"floor":29,"key":"Dexterity Potion"}],"is_trial":false,"path_per_floor":["M","M","?","M","$","R","M","R","T","R","E","M","?","$","R","B",null,"M","M","$","?","?","R","M","R","T","?","E","M","M","E","R","B"],"character_chosen":"DEFECT","items_purchased":["Defragment","Hologram+1","Lantern","Ball Lightning"],"campfire_rested":2,"item_purchase_floors":[5,14,14,14],"current_hp_per_floor":[64,63,63,63,63,63,59,59,59,59,36,35,35,35,35,25,65,56,38,38,38,38,61,58,58,58,58,58,53,43,12,35,0],"gold":128,"neow_bonus":"TEN_PERCENT_HP_BONUS","is_prod":false,"is_daily":false,"chose_seed":false,"campfire_upgraded":5,"win_rate":0,"timestamp":1547394568,"path_taken":["M","M","?","M","$","R","?","R","T","R","E","?","?","?","R","BOSS","M","M","$","?","?","R","M","R","T","?","E","?","M","E","R","BOSS"],"build_version":"2019-01-10","purchased_purges":1,"victory":false,"max_hp_per_floor":[78,78,78,78,78,78,78,78,78,78,78,78,78,78,78,78,78,78,78,78,78,78,78,78,78,78,78,78,78,78,78,78,78],"card_choices":[{"not_picked":["Cold Snap","Ball Lightning"],"picked":"Streamline","floor":1.0},{"not_picked":["Conserve Battery","Leap"],"picked":"Genetic Algorithm","floor":2.0},{"not_picked":["Hello World","Chaos"],"picked":"Cold Snap","floor":4.0},{"not_picked":["Gash","Ball Lightning"],"picked":"Glacier","floor":7.0},{"not_picked":["Streamline","Amplify+1","Cold Snap"],"picked":"SKIP","floor":11.0},{"not_picked":["Undo+1","Steam+1"],"picked":"Fusion+1","floor":12.0},{"not_picked":["All For One","Amplify+1"],"picked":"Core Surge","floor":16.0},{"not_picked":["Steam Power+1","Go for the Eyes","Barrage"],"picked":"SKIP","floor":18.0},{"not_picked":["Go for the Eyes","Gash","Hologram+1"],"picked":"SKIP","floor":19.0},{"not_picked":["Lockon","Consume+1","Go for the Eyes"],"picked":"SKIP","floor":24.0},{"not_picked":["Steam+1","Rip and Tear","Leap+1"],"picked":"SKIP","floor":28},{"not_picked":["Barrage","Hologram+1"],"picked":"Defragment","floor":29},{"not_picked":["Steam+1","Stack+1","Streamline"],"picked":"SKIP","floor":30},{"not_picked":["Go for the Eyes","Turbo+1"],"picked":"Loop","floor":31}],"player_experience":921595,"relics_obtained":[{"floor":9.0,"key":"Toxic Egg 2"},{"floor":11.0,"key":"Ancient Tea Set"},{"floor":26.0,"key":"Anchor"},{"floor":28,"key":"Boot"}],"event_choices":[{"damage_healed":0.0,"max_hp_gain":0.0,"max_hp_loss":0.0,"gold_gain":0.0,"event_name":"Match and Keep!","player_choice":"1 cards matched","floor":3.0,"gold_loss":0.0,"damage_taken":0.0,"cards_obtained":["Fission"]},{"cards_removed":["Strike_B"],"damage_healed":0.0,"max_hp_gain":0.0,"max_hp_loss":0.0,"gold_gain":0.0,"event_name":"Living Wall","player_choice":"Forget","floor":13.0,"gold_loss":0.0,"damage_taken":0.0},{"damage_healed":0.0,"max_hp_gain":0.0,"max_hp_loss":0.0,"gold_gain":0.0,"event_name":"Masked Bandits","player_choice":"Paid Fearfully","floor":21.0,"gold_loss":40.0,"damage_taken":0.0},{"damage_healed":0.0,"max_hp_gain":0.0,"max_hp_loss":0.0,"gold_gain":0.0,"event_name":"Vampires","player_choice":"Ignored","floor":22.0,"gold_loss":0.0,"damage_taken":0.0},{"damage_healed":0.0,"max_hp_gain":0.0,"max_hp_loss":0.0,"gold_gain":0.0,"event_name":"The Mausoleum","player_choice":"Ignored","floor":27.0,"gold_loss":0.0,"damage_taken":0.0}],"is_beta":false,"boss_relics":[{"not_picked":["Sozu","Busted Crown"],"picked":"Empty Cage"}],"items_purged_floors":[20],"is_endless":false,"potions_floor_spawned":[7,16,24,29,31],"killed_by":"Champ","ascension_level":15}