{"gold_per_floor":[17,17,17,17,96,96,115,115,141,66,83,97,117,136,136,231,231,200,77,87,99,109,109,124,138,165,192,219,219],"floor_reached":29,"playtime":2093,"items_purged":["Regret","Strike_G"],"score":239,"play_id":"bc4f4457-90a1-49d3-bc00-6bcd9ccb2346","local_time":"20181208001541","is_ascension_mode":false,"campfire_choices":[{"data":"After Image","floor":6,"key":"SMITH"},{"data":"Terror","floor":8,"key":"SMITH"},{"data":"Neutralize","floor":15,"key":"SMITH"},{"data":"Envenom","floor":23,"key":"SMITH"}],"neow_cost":"NO_GOLD","seed_source_timestamp":17640089960655,"circlet_count":0,"master_deck":["Defend_G","Defend_G","Defend_G+1","Defend_G","Strike_G","Strike_G","Strike_G","Survivor","Neutralize+1","After Image+1","Heel Hook","Flying Knee","Terror+1","Backflip","Noxious Fumes","Escape Plan+1","Tools of the Trade","Outmaneuver","Backflip","Sucker Punch+1","Envenom+1","Cloak And Dagger+1","PiercingWail","Choke","Flechettes"],"relics":["Ring of the Snake","Vajra","Juzu Bracelet","Tiny Chest","Dream Catcher","WristBlade","Smiling Mask","Lantern","War Paint"],"potions_floor_usage":[13,13,14,16,22,27],"damage_taken":[{"damage":0,"enemies":"Jaw Worm","floor":1,"turns":5},{"damage":1,"enemies":"Small Slimes","floor":7,"turns":4},{"damage":0,"enemies":"Cultist","floor":11,"turns":2},{"damage":0,"enemies":"Exordium Wildlife","floor":12,"turns":2},{"damage":1,"enemies":"Exordium Thugs","floor":13,"turns":3},{"damage":0,"enemies":"Large Slime","floor":14,"turns":4},{"damage":9,"enemies":"The Guardian","floor":16,"turns":11},{"damage":4,"enemies":"2 Thieves","floor":18,"turns":5},{"damage":3,"enemies":"Shell Parasite","floor":20,"turns":5},{"damage":3,"enemies":"Snecko","floor":21,"turns":6},{"damage":10,"enemies":"3 Cultists","floor":22,"turns":8},{"damage":8,"enemies":"Centurion and Healer","floor":24,"turns":6},{"damage":0,"enemies":"Snake Plant","floor":25,"turns":5},{"damage":40,"enemies":"Gremlin Leader","floor":27,"turns":6},{"damage":5,"enemies":"Book of Stabbing","floor":29,"turns":4}],"seed_played":"-3153208924647947374","potions_obtained":[{"floor":7,"key":"Fire Potion"},{"floor":11,"key":"SkillPotion"},{"floor":12,"key":"SkillPotion"},{"floor":13,"key":"Block Potion"},{"floor":21,"key":"AttackPotion"},{"floor":25,"key":"Dexterity Potion"},{"floor":27,"key":"Poison Potion"}],"is_trial":false,"path_per_floor":["M","?","$","?","T","R","M","R","T","$","M","M","M","M","R","B",null,"M","$","M","M","M","R","M","M","T","E","T","E"],"character_chosen":"THE_SILENT","items_purchased":["Backflip"],"campfire_rested":0,"item_purchase_floors":[19],"current_hp_per_floor":[70,70,70,58,58,58,57,57,57,57,57,57,56,56,56,47,70,66,66,63,60,50,50,42,42,42,2,2,0],"gold":219,"neow_bonus":"TRANSFORM_TWO_CARDS","is_prod":false,"is_daily":false,"chose_seed":false,"campfire_upgraded":4,"win_rate":0.0,"timestamp":1544181341,"path_taken":["M","?","$","?","?","R","M","R","T","?","M","M","M","M","R","BOSS","M","$","M","M","M","R","M","M","T","E","?","E"],"build_version":"2018-12-06","purchased_purges":2,"victory":false,"max_hp_per_floor":[70,70,70,70,70,70,70,70,70,70,70,70,70,70,70,70,70,70,70,70,70,70,70,70,70,70,70,70,70],"card_choices":[{"not_picked":["Cloak And Dagger","Accuracy"],"picked":"Flying Knee","floor":1},{"not_picked":["Outmaneuver","Reflex"],"picked":"Terror","floor":7},{"not_picked":["Dagger Throw","Setup"],"picked":"Backflip","floor":11},{"not_picked":["Crippling Poison","Flying Knee"],"picked":"Noxious Fumes","floor":12},{"not_picked":["Reflex","Dodge and Roll","Well Laid Plans"],"picked":"SKIP","floor":13},{"not_picked":["Prepared","Flying Knee"],"picked":"Escape Plan","floor":14},{"not_picked":["Die Die Die","Grand Finale"],"picked":"Tools of the Trade","floor":16},{"not_picked":["Deflect","Backflip"],"picked":"Outmaneuver","floor":18},{"not_picked":["Endless Agony","Flying Knee"],"picked":"Sucker Punch+1","floor":20},{"not_picked":["Dash+1","Bane"],"picked":"Envenom","floor":21},{"not_picked":["Slice","All Out Attack"],"picked":"Cloak And Dagger+1","floor":22},{"not_picked":["Flying Knee+1","Underhanded Strike"],"picked":"PiercingWail","floor":24},{"not_picked":["Infinite Blades","Setup"],"picked":"Choke","floor":25},{"not_picked":["Deflect","Slice"],"picked":"Flechettes","floor":27}],"player_experience":430742,"relics_obtained":[{"floor":5,"key":"Tiny Chest"},{"floor":9,"key":"Dream Catcher"},{"floor":26,"key":"Smiling Mask"},{"floor":27,"key":"Lantern"},{"floor":28,"key":"War Paint"}],"event_choices":[{"damage_healed":0,"gold_gain":0,"player_choice":"Box","damage_taken":0,"relics_obtained":["Vajra"],"max_hp_gain":0,"max_hp_loss":0,"event_name":"Big Fish","floor":2,"gold_loss":0,"cards_obtained":["Regret"]},{"damage_healed":0,"gold_gain":0,"player_choice":"Success","damage_taken":12,"relics_obtained":["Juzu Bracelet"],"max_hp_gain":0,"max_hp_loss":0,"event_name":"Scrap Ooze","floor":4,"gold_loss":0}],"is_beta":false,"boss_relics":[{"not_picked":["Tiny House","Orrery"],"picked":"WristBlade"}],"items_purged_floors":[10,19],"is_endless":false,"potions_floor_spawned":[7,11,12,13,21,25,27],"killed_by":"Book of Stabbing","ascension_level":0}