{"gold_per_floor":[118,193,211,261,272,272,300,24,24,37,64,64],"floor_reached":12,"playtime":289,"items_purged":[],"score":226,"play_id":"f66da4b8-432f-45be-aab3-cdff31b2644f","local_time":"20181224195119","is_ascension_mode":true,"campfire_choices":[{"data":"Static Discharge","floor":6,"key":"SMITH"}],"neow_cost":"NONE","seed_source_timestamp":23314332023413,"circlet_count":0,"master_deck":["AscendersBane","Strike_B","Strike_B","Strike_B","Strike_B","Defend_B","Defend_B","Defend_B","Defend_B","Zap","Dualcast","Ball Lightning","Go for the Eyes","Static Discharge+1","Sunder","Conserve Battery","Compile Driver","Capacitor"],"relics":["Cracked Core","Bottled Tornado","Runic Capacitor","PreservedInsect","Ornamental Fan"],"potions_floor_usage":[11,11],"damage_taken":[{"damage":4,"enemies":"Jaw Worm","floor":1,"turns":3},{"damage":0,"enemies":"2 Louse","floor":3,"turns":2},{"damage":1,"enemies":"Cultist","floor":5,"turns":3},{"damage":38,"enemies":"Gremlin Nob","floor":7,"turns":4},{"damage":16,"enemies":"Lots of Slimes","floor":10,"turns":3},{"damage":0,"enemies":"3 Sentries","floor":11,"turns":1},{"damage":16,"enemies":"2 Fungi Beasts","floor":12,"turns":2}],"seed_played":"-5564516141066744356","potions_obtained":[{"floor":7,"key":"AttackPotion"},{"floor":10,"key":"FocusPotion"}],"is_trial":false,"path_per_floor":["M","?","M","?","M","R","E","$","T","M","E","M"],"character_chosen":"DEFECT","items_purchased":["Runic Capacitor","Conserve Battery"],"campfire_rested":0,"item_purchase_floors":[8,8],"current_hp_per_floor":[67,56,56,56,55,55,17,17,17,1,1,0],"gold":64,"neow_bonus":"TEN_PERCENT_HP_BONUS","is_prod":false,"is_daily":false,"chose_seed":false,"campfire_upgraded":1,"win_rate":0,"timestamp":1545648679,"path_taken":["M","?","M","?","M","R","E","$","T","M","E","M"],"build_version":"2018-12-20","purchased_purges":0,"victory":false,"max_hp_per_floor":[78,78,78,78,78,78,78,78,78,78,78,78],"card_choices":[{"not_picked":["Compile Driver","Cold Snap"],"picked":"Ball Lightning","floor":1},{"not_picked":["Hologram","Turbo"],"picked":"Go for the Eyes","floor":3},{"not_picked":["Turbo","Beam Cell"],"picked":"Static Discharge","floor":5},{"not_picked":["Conserve Battery","Reinforced Body"],"picked":"Sunder","floor":7},{"not_picked":["Go for the Eyes","Redo"],"picked":"Compile Driver","floor":10},{"not_picked":["Scrape","Doom and Gloom"],"picked":"Capacitor","floor":11}],"player_experience":836336,"relics_obtained":[{"floor":7,"key":"Bottled Tornado"},{"floor":9,"key":"PreservedInsect"},{"floor":11,"key":"Ornamental Fan"}],"event_choices":[{"damage_healed":0,"gold_gain":75,"player_choice":"Gather Gold","damage_taken":11,"max_hp_gain":0,"max_hp_loss":0,"event_name":"World of Goop","floor":2,"gold_loss":0},{"damage_healed":0,"gold_gain":50,"player_choice":"Pray","damage_taken":0,"max_hp_gain":0,"max_hp_loss":0,"event_name":"Golden Shrine","floor":4,"gold_loss":0}],"is_beta":false,"boss_relics":[],"items_purged_floors":[],"is_endless":false,"potions_floor_spawned":[7,10],"killed_by":"2 Fungi Beasts","ascension_level":20}