{"gold_per_floor":[118,72,84,104,121,152,163,163,163,163,176,176,176,25,25,122,122,135,147,62,0,0,16,16],"floor_reached":24,"playtime":895,"items_purged":["Defend_R"],"score":198,"play_id":"7e6e25e7-ffc3-4bb5-bd65-09c74ed8ec91","local_time":"20190129210208","is_ascension_mode":false,"campfire_choices":[{"floor":8,"key":"REST"},{"floor":10,"key":"REST"},{"data":"Armaments","floor":15,"key":"SMITH"}],"neow_cost":"NONE","seed_source_timestamp":89053756651552,"circlet_count":0,"master_deck":["Strike_R","Strike_R","Strike_R","Defend_R","Defend_R","Defend_R","Bash+1","Metallicize","Iron Wave","Flex","Thunderclap","Armaments+1","Intimidate","Heavy Blade","Cleave+1","Double Tap","Inflame","Immolate","Decay","Parasite","Decay","Inflame","Immolate","Metallicize","Twin Strike+1"],"relics":["Burning Blood","Ancient Tea Set","Boot","Calling Bell","Bag of Preparation","Singing Bowl","Girya","Orichalcum"],"potions_floor_usage":[6,6,18,24],"damage_taken":[{"damage":1,"enemies":"Cultist","floor":1,"turns":3},{"damage":0,"enemies":"Small Slimes","floor":3,"turns":3},{"damage":11,"enemies":"Jaw Worm","floor":4,"turns":2},{"damage":20,"enemies":"3 Louse","floor":5,"turns":4},{"damage":37,"enemies":"Lagavulin","floor":6,"turns":7},{"damage":14,"enemies":"Large Slime","floor":7,"turns":8},{"damage":6,"enemies":"Red Slaver","floor":11,"turns":3},{"damage":42,"enemies":"The Guardian","floor":16,"turns":8},{"damage":25,"enemies":"Shell Parasite","floor":18,"turns":4},{"damage":27,"enemies":"Spheric Guardian","floor":19,"turns":4},{"damage":14,"enemies":"Centurion and Healer","floor":23,"turns":6},{"damage":40,"enemies":"Gremlin Leader","floor":24,"turns":7}],"seed_played":"-7637023874586699832","potions_obtained":[{"floor":0,"key":"FairyPotion"},{"floor":0,"key":"AttackPotion"},{"floor":0,"key":"Strength Potion"},{"floor":1,"key":"EssenceOfSteel"},{"floor":5,"key":"Poison Potion"},{"floor":16,"key":"SteroidPotion"},{"floor":23,"key":"Regen Potion"}],"is_trial":false,"path_per_floor":["M","$","M","M","M","E","M","R","T","R","M","?","?","$","R","B",null,"M","M","?","?","?","M","E"],"character_chosen":"IRONCLAD","items_purchased":["Iron Wave","Inflame"],"campfire_rested":2,"item_purchase_floors":[2,14],"current_hp_per_floor":[80,80,80,75,61,30,22,46,46,70,70,70,54,54,54,18,80,61,40,40,40,40,32,7],"gold":16,"neow_bonus":"THREE_SMALL_POTIONS","is_prod":false,"is_daily":false,"chose_seed":false,"campfire_upgraded":1,"win_rate":0,"timestamp":1548748928,"path_taken":["M","?","M","M","M","E","M","R","T","R","M","?","?","$","R","BOSS","M","M","?","?","?","?","E"],"build_version":"2019-01-23","purchased_purges":1,"victory":false,"max_hp_per_floor":[80,80,80,80,80,80,80,80,80,80,80,80,80,80,80,80,80,80,80,80,80,80,80,80],"card_choices":[{"not_picked":["Hemokinesis","Armaments"],"picked":"Metallicize","floor":1},{"not_picked":["Heavy Blade","Pommel Strike"],"picked":"Flex","floor":3},{"not_picked":["Armaments","Perfected Strike"],"picked":"Thunderclap","floor":4},{"not_picked":["Pommel Strike","Evolve"],"picked":"Armaments","floor":5},{"not_picked":["Juggernaut","True Grit"],"picked":"Intimidate","floor":6},{"not_picked":["Wild Strike","Havoc"],"picked":"Heavy Blade","floor":7},{"not_picked":["Rage","Clash"],"picked":"Cleave","floor":11},{"not_picked":["Brutality","Exhume"],"picked":"Immolate","floor":16},{"not_picked":["Hemokinesis","Headbutt"],"picked":"Inflame","floor":18},{"not_picked":["Shrug It Off","Uppercut"],"picked":"Immolate","floor":19},{"not_picked":["Cleave","Havoc"],"picked":"Twin Strike+1","floor":23}],"player_experience":604122,"relics_obtained":[{"floor":6,"key":"Ancient Tea Set"},{"floor":9,"key":"Boot"},{"floor":17,"key":"Bag of Preparation"},{"floor":17,"key":"Singing Bowl"},{"floor":17,"key":"Girya"}],"event_choices":[{"damage_healed":0,"gold_gain":0,"cards_transformed":["Strike_R"],"player_choice":"Change","damage_taken":0,"max_hp_gain":0,"max_hp_loss":0,"event_name":"Living Wall","floor":12,"gold_loss":0,"cards_obtained":["Double Tap"]},{"damage_healed":0,"gold_gain":0,"player_choice":"Entered Light","damage_taken":16,"max_hp_gain":0,"max_hp_loss":0,"event_name":"Shining Light","floor":13,"gold_loss":0,"cards_upgraded":["Bash","Cleave"]},{"damage_healed":0,"gold_gain":0,"player_choice":"Obtained Relic","damage_taken":0,"relics_obtained":["Orichalcum"],"max_hp_gain":0,"max_hp_loss":0,"event_name":"Addict","floor":20,"gold_loss":85},{"damage_healed":0,"gold_gain":0,"player_choice":"Paid Fearfully","damage_taken":0,"max_hp_gain":0,"max_hp_loss":0,"event_name":"Masked Bandits","floor":21,"gold_loss":62},{"damage_healed":0,"gold_gain":0,"cards_transformed":["Strike_R"],"player_choice":"Transformed","damage_taken":0,"max_hp_gain":0,"max_hp_loss":0,"event_name":"Transmorgrifier","floor":22,"gold_loss":0,"cards_obtained":["Metallicize"]}],"is_beta":false,"boss_relics":[{"not_picked":["Empty Cage","Ectoplasm"],"picked":"Calling Bell"}],"items_purged_floors":[14],"is_endless":false,"potions_floor_spawned":[1,4,5,16,23],"killed_by":"Gremlin Leader","ascension_level":0}