{"gold_per_floor":[109,109,109,109,123,123,138,138,138,154,0,12,40,40,40,40],"floor_reached":16,"playtime":393,"items_purged":["Strike_B"],"score":160,"play_id":"d7ef9c7c-0f3c-4644-ae01-2e9412231d6b","local_time":"20180704150509","is_ascension_mode":true,"campfire_choices":[{"data":"Go for the Eyes","floor":6,"key":"SMITH"},{"data":"Coolheaded","floor":8,"key":"SMITH"},{"data":"Hyperbeam","floor":15,"key":"SMITH"}],"neow_cost":"","seed_source_timestamp":122294410927129,"circlet_count":0,"master_deck":["Strike_B","Strike_B+1","Strike_B","Defend_B+1","Defend_B","Defend_B","Defend_B","Zap","Dualcast","AscendersBane","Go for the Eyes+1","Coolheaded+1","Conserve Battery","Ball Lightning","Hyperbeam+1","Rebound","Steam"],"relics":["Cracked Core","Gremlin Horn","Omamori","Orichalcum"],"potions_floor_usage":[13,16,16],"damage_taken":[{"damage":0,"enemies":"2 Louse","floor":1,"turns":3},{"damage":0,"enemies":"Small Slimes","floor":5,"turns":2},{"damage":0,"enemies":"Jaw Worm","floor":7,"turns":3},{"damage":2,"enemies":"Large Slime","floor":10,"turns":6},{"damage":0,"enemies":"Exordium Thugs","floor":12,"turns":3},{"damage":16,"enemies":"Gremlin Nob","floor":13,"turns":3},{"damage":38,"enemies":"Hexaghost","floor":16,"turns":11}],"seed_played":"-2878938398185589993","potions_obtained":[{"floor":10,"key":"FearPotion"},{"floor":12,"key":"SpeedPotion"},{"floor":13,"key":"EssenceOfSteel"}],"is_trial":false,"path_per_floor":["M","?","?","T","M","R","M","R","T","M","$","M","E","$","R"],"character_chosen":"DEFECT","items_purchased":["Hyperbeam"],"campfire_rested":0,"item_purchase_floors":[11],"current_hp_per_floor":[68,68,53,53,53,53,53,53,53,51,51,51,35,35,35,0],"gold":40,"neow_bonus":"","is_prod":false,"is_daily":false,"chose_seed":false,"campfire_upgraded":3,"win_rate":0,"timestamp":1530741909,"path_taken":["M","?","?","?","M","R","M","R","T","M","$","M","E","$","R","BOSS"],"build_version":"2018-07-03","purchased_purges":1,"victory":false,"max_hp_per_floor":[75,75,75,75,75,75,75,75,75,75,75,75,75,75,75,75],"card_choices":[{"not_picked":["Steam","Rebound"],"picked":"Go for the Eyes","floor":1},{"not_picked":["Doom and Gloom","Aggregate"],"picked":"Coolheaded","floor":5},{"not_picked":["Sweeping Beam","Blizzard"],"picked":"Conserve Battery","floor":7},{"not_picked":["Blizzard","Barrage"],"picked":"Ball Lightning","floor":10},{"not_picked":["Hologram","Electrodynamics"],"picked":"Rebound","floor":12},{"not_picked":["Doom and Gloom","Ball Lightning"],"picked":"Steam","floor":13}],"player_experience":494594,"relics_obtained":[{"floor":4,"key":"Gremlin Horn"},{"floor":9,"key":"Omamori"},{"floor":13,"key":"Orichalcum"}],"event_choices":[{"event_name":"Liars Game","player_choice":"disagreed","floor":2,"damage_taken":0},{"event_name":"Shining Light","player_choice":"Entered Light","floor":3,"damage_taken":0}],"boss_relics":[],"items_purged_floors":[11],"is_endless":false,"potions_floor_spawned":[10,12,13],"killed_by":"Hexaghost","ascension_level":12}