{"gold_per_floor":[144,144,144,163,180,180,180,180,180,193,209,232,246,271,271,271],"floor_reached":16,"playtime":138,"items_purged":[],"score":96,"play_id":"2f58a704-cdf1-4325-8162-3b6a30688093","local_time":"20180703235929","is_ascension_mode":false,"campfire_choices":[{"data":"Bash","floor":6,"key":"SMITH"},{"floor":15,"key":"REST"}],"neow_cost":"NONE","seed_source_timestamp":82594565611556,"circlet_count":0,"master_deck":["Strike_R+1","Strike_R","Strike_R","Strike_R","Strike_R","Defend_R","Defend_R","Defend_R","Defend_R","Bash+1","Heavy Blade","Carnage+1","Parasite","Thunderclap"],"relics":["Tiny House","Golden Idol","Bird Faced Urn"],"potions_floor_usage":[10],"damage_taken":[{"damage":5,"enemies":"2 Louse","floor":1,"turns":2},{"damage":7,"enemies":"Small Slimes","floor":4,"turns":2},{"damage":0,"enemies":"Cultist","floor":5,"turns":2},{"damage":8,"enemies":"Exordium Wildlife","floor":10,"turns":2},{"damage":12,"enemies":"Blue Slaver","floor":11,"turns":2},{"damage":13,"enemies":"3 Louse","floor":12,"turns":2},{"damage":10,"enemies":"Looter","floor":13,"turns":2},{"damage":19,"enemies":"Blue Slaver","floor":14,"turns":3},{"damage":0,"enemies":"Hexaghost","floor":16,"turns":1}],"seed_played":"-7131254847085693858","potions_obtained":[{"floor":0,"key":"Explosive Potion"},{"floor":1,"key":"FairyPotion"},{"floor":5,"key":"Regen Potion"},{"floor":10,"key":"GamblersBrew"}],"is_trial":false,"path_per_floor":["M","?","?","M","M","R","?","?","T","M","M","M","M","M","R"],"character_chosen":"IRONCLAD","items_purchased":[],"campfire_rested":1,"item_purchase_floors":[],"current_hp_per_floor":[80,80,80,73,73,73,73,79,79,71,59,46,36,17,40,40],"gold":271,"neow_bonus":"BOSS_RELIC","is_prod":false,"is_daily":false,"chose_seed":false,"campfire_upgraded":1,"win_rate":0,"timestamp":1530687569,"path_taken":["M","?","?","M","M","R","?","?","T","?","?","M","?","M","R","BOSS"],"build_version":"2018-07-02","purchased_purges":0,"victory":false,"max_hp_per_floor":[85,85,85,85,85,85,79,79,79,79,79,79,79,79,79,79],"card_choices":[{"not_picked":["Infernal Blade","Cleave"],"picked":"Heavy Blade","floor":0},{"not_picked":["Anger","Fire Breathing"],"picked":"Carnage","floor":1},{"not_picked":["Shrug It Off","Reckless Charge"],"picked":"Thunderclap","floor":12}],"player_experience":485285,"relics_obtained":[{"floor":9,"key":"Bird Faced Urn"}],"event_choices":[{"event_name":"Living Wall","player_choice":"Grow","floor":2,"damage_taken":0},{"event_name":"Liars Game","player_choice":"disagreed","floor":3,"damage_taken":0},{"event_name":"Golden Idol","player_choice":"Lose Max HP","floor":7,"damage_taken":0},{"event_name":"Mushrooms","player_choice":"Healed and dodged fight","floor":8,"damage_taken":0}],"boss_relics":[],"items_purged_floors":[],"is_endless":false,"potions_floor_spawned":[1,5,10,11],"killed_by":"Hexaghost","ascension_level":0}