{"gold_per_floor":[112,112,112,128,128,128,168,15,15,28,28,0,0,0,0,0],"floor_reached":16,"playtime":717,"items_purged":["Forethought"],"score":144,"play_id":"a9882e21-042f-4e44-987c-9512b35c6ca5","local_time":"20190201212333","is_ascension_mode":true,"campfire_choices":[{"data":"Neutralize","floor":6,"key":"SMITH"},{"floor":11,"key":"REST"},{"floor":15,"key":"REST"}],"neow_cost":"NONE","seed_source_timestamp":33565714736501,"circlet_count":0,"master_deck":["AscendersBane","Defend_G","Defend_G","Defend_G","Defend_G","Defend_G","Strike_G","Strike_G","Strike_G","Survivor","Neutralize+1","Blur","Escape Plan","Skewer","Blur","Dagger Spray","Tactician"],"relics":["Ring of the Snake","Dodecahedron","Golden Idol","Kunai","Incense Burner"],"potions_floor_usage":[16,16],"damage_taken":[{"damage":2,"enemies":"Jaw Worm","floor":1,"turns":8},{"damage":0,"enemies":"2 Louse","floor":4,"turns":3},{"damage":52,"enemies":"3 Sentries","floor":7,"turns":25},{"damage":0,"enemies":"Small Slimes","floor":10,"turns":3},{"damage":0,"enemies":"Looter","floor":12,"turns":4},{"damage":47,"enemies":"Slime Boss","floor":16,"turns":16}],"seed_played":"6074961031368557757","potions_obtained":[{"floor":4,"key":"SneckoOil"},{"floor":7,"key":"EssenceOfSteel"},{"floor":10,"key":"LiquidBronze"}],"is_trial":false,"path_per_floor":["M","?","T","M","?","R","E","$","T","M","R","M","?","?","R","B"],"character_chosen":"THE_SILENT","items_purchased":["Blur"],"campfire_rested":2,"item_purchase_floors":[8],"current_hp_per_floor":[61,61,61,61,61,61,9,9,9,9,28,28,28,28,47,0],"gold":0,"neow_bonus":"RANDOM_COLORLESS","is_prod":false,"is_daily":false,"chose_seed":false,"campfire_upgraded":1,"win_rate":0,"timestamp":1549074213,"path_taken":["M","?","?","M","?","R","E","$","T","M","R","M","?","?","R","BOSS"],"build_version":"2019-01-23","purchased_purges":1,"victory":false,"max_hp_per_floor":[70,70,70,70,65,65,65,65,65,65,65,65,65,65,65,65],"card_choices":[{"not_picked":["Caltrops","PiercingWail"],"picked":"Blur","floor":1},{"not_picked":["Prepared","Bouncing Flask"],"picked":"Escape Plan","floor":4},{"not_picked":["Infinite Blades","Blade Dance"],"picked":"Skewer","floor":7},{"not_picked":["Accuracy","Dodge and Roll","All Out Attack"],"picked":"SKIP","floor":10},{"not_picked":["Underhanded Strike","Blur"],"picked":"Dagger Spray","floor":12}],"player_experience":251116,"relics_obtained":[{"floor":3,"key":"Dodecahedron"},{"floor":7,"key":"Kunai"},{"floor":9,"key":"Incense Burner"}],"event_choices":[{"cards_removed":["Strike_G"],"damage_healed":0,"gold_gain":0,"player_choice":"Forget","damage_taken":0,"max_hp_gain":0,"max_hp_loss":0,"event_name":"Living Wall","floor":2,"gold_loss":0},{"damage_healed":0,"gold_gain":0,"player_choice":"Lose Max HP","damage_taken":0,"relics_obtained":["Golden Idol"],"max_hp_gain":0,"max_hp_loss":5,"event_name":"Golden Idol","floor":5,"gold_loss":0},{"damage_healed":0,"gold_gain":0,"player_choice":"Left Gold","damage_taken":0,"max_hp_gain":0,"max_hp_loss":0,"event_name":"World of Goop","floor":13,"gold_loss":0},{"damage_healed":0,"gold_gain":0,"cards_transformed":["Strike_G"],"player_choice":"Transformed","damage_taken":0,"max_hp_gain":0,"max_hp_loss":0,"event_name":"Transmorgrifier","floor":14,"gold_loss":0,"cards_obtained":["Tactician"]}],"is_beta":false,"boss_relics":[],"items_purged_floors":[8],"is_endless":false,"potions_floor_spawned":[4,7,10],"killed_by":"Slime Boss","ascension_level":10}