{"gold_per_floor":[110,110,285,301,251,251,21,21,44,59,59,74,90,119,119,221,221,236,255,255,266,280,280,39,55,108,108,125,148,148,181,181,281,281,291,307,307,1306,319,319,337,372,395,411,411,427,427,438,438,438],"floor_reached":50,"playtime":1115,"items_purged":["Strike_R","Strike_R","Normality"],"score":569,"play_id":"24a4a203-2b84-46f6-8e7e-eaf09ec7e7df","local_time":"20190129181803","is_ascension_mode":false,"campfire_choices":[{"data":"Demon Form","floor":6,"key":"SMITH"},{"data":"Infernal Blade","floor":8,"key":"SMITH"},{"data":"Bash","floor":11,"key":"SMITH"},{"data":"Limit Break","floor":15,"key":"SMITH"},{"data":"True Grit","floor":23,"key":"SMITH"},{"data":"Shockwave","floor":30,"key":"SMITH"},{"floor":32,"key":"REST"},{"data":"Offering","floor":40,"key":"SMITH"},{"floor":45,"key":"REST"},{"data":"Flame Barrier","floor":49,"key":"SMITH"}],"neow_cost":"PERCENT_DAMAGE","seed_source_timestamp":3047055428778,"circlet_count":0,"master_deck":["Strike_R","Defend_R","Defend_R+1","Defend_R+1","Bash+1","Demon Form+1","Whirlwind+1","Infernal Blade+1","Flex","Limit Break+1","Feed","True Grit+1","Shockwave+1","Immolate+1","Flame Barrier+1","Offering+1","Flex+1","Clash+1","Sentinel+1","Disarm+1","Metallicize+1","Normality","Sword Boomerang+1","Inflame","Sword Boomerang+1","Writhe","Impervious"],"relics":["Burning Blood","Vajra","Potion Belt","Bronze Scales","Philosopher\u0027s Stone","Kunai","Happy Flower","War Paint","Red Skull","Astrolabe","Bottled Flame","Sundial","Sling","Whetstone","Lantern"],"potions_floor_usage":[16,16,16,21,25,28,41,42,50,50],"damage_taken":[{"damage":2,"enemies":"Small Slimes","floor":1,"turns":5},{"damage":11,"enemies":"2 Louse","floor":4,"turns":2},{"damage":0,"enemies":"Cultist","floor":10,"turns":3},{"damage":6,"enemies":"3 Louse","floor":12,"turns":3},{"damage":1,"enemies":"Exordium Wildlife","floor":13,"turns":2},{"damage":3,"enemies":"Gremlin Nob","floor":14,"turns":2},{"damage":29,"enemies":"Hexaghost","floor":16,"turns":6},{"damage":6,"enemies":"Spheric Guardian","floor":18,"turns":3},{"damage":13,"enemies":"Chosen","floor":19,"turns":3},{"damage":46,"enemies":"Shelled Parasite and Fungi","floor":21,"turns":5},{"damage":10,"enemies":"Snecko","floor":22,"turns":4},{"damage":0,"enemies":"Centurion and Healer","floor":25,"turns":2},{"damage":26,"enemies":"Sentry and Sphere","floor":28,"turns":5},{"damage":0,"enemies":"Slavers","floor":31,"turns":1},{"damage":4,"enemies":"Collector","floor":33,"turns":5},{"damage":0,"enemies":"3 Shapes","floor":35,"turns":3},{"damage":14,"enemies":"Orb Walker","floor":36,"turns":5},{"damage":32,"enemies":"4 Shapes","floor":41,"turns":4},{"damage":27,"enemies":"Reptomancer","floor":42,"turns":7},{"damage":6,"enemies":"Jaw Worm Horde","floor":44,"turns":1},{"damage":38,"enemies":"Writhing Mass","floor":46,"turns":4},{"damage":0,"enemies":"3 Darklings","floor":48,"turns":1},{"damage":60,"enemies":"Time Eater","floor":50,"turns":8}],"seed_played":"261781055519126095","potions_obtained":[{"floor":4,"key":"Dexterity Potion"},{"floor":12,"key":"EssenceOfSteel"},{"floor":14,"key":"Energy Potion"},{"floor":18,"key":"FearPotion"},{"floor":19,"key":"SkillPotion"},{"floor":22,"key":"PowerPotion"},{"floor":25,"key":"BloodPotion"},{"floor":36,"key":"GamblersBrew"},{"floor":44,"key":"SkillPotion"},{"floor":48,"key":"GamblersBrew"}],"is_trial":false,"path_per_floor":["M","?","?","M","?","R","$","R","T","M","R","M","M","E","R","B",null,"M","M","?","M","M","R","$","M","T","?","M","T","R","E","R","B",null,"M","M","?","?","$","R","M","E","T","M","R","M","?","M","R","B"],"character_chosen":"IRONCLAD","items_purchased":["Vajra","Immolate","Sword Boomerang","Bottled Flame","Sundial","Sling","Inflame","BloodPotion"],"campfire_rested":2,"item_purchase_floors":[7,24,39,39,39,39,39,39],"current_hp_per_floor":[60,60,60,55,55,55,55,55,55,61,61,61,66,69,69,46,80,80,73,73,36,32,32,32,38,38,38,26,26,26,32,56,58,83,83,75,75,75,75,75,49,36,36,36,60,28,49,55,55,0],"gold":438,"neow_bonus":"THREE_RARE_CARDS","is_prod":false,"is_daily":false,"chose_seed":false,"campfire_upgraded":8,"win_rate":0,"timestamp":1548807483,"path_taken":["M","?","?","M","?","R","$","R","T","M","R","M","M","E","R","BOSS","M","M","?","M","?","R","$","M","T","?","M","?","R","E","R","BOSS","M","?","?","?","$","R","M","E","T","M","R","M","?","M","R","BOSS"],"build_version":"2019-01-23","purchased_purges":3,"victory":false,"max_hp_per_floor":[80,80,80,80,80,80,80,80,80,80,80,80,80,80,80,80,80,80,80,80,83,83,83,83,83,83,83,83,83,83,83,83,83,83,83,83,83,83,83,83,83,83,83,83,83,83,83,83,83,83],"card_choices":[{"not_picked":["Feed","Dark Embrace"],"picked":"Demon Form","floor":0},{"not_picked":["Pommel Strike","Ghostly Armor"],"picked":"Whirlwind","floor":1},{"not_picked":["Warcry","Rupture"],"picked":"Infernal Blade","floor":4},{"not_picked":["Heavy Blade","Bloodletting","Twin Strike"],"picked":"SKIP","floor":10},{"not_picked":["Flex","Carnage","Pommel Strike"],"picked":"SKIP","floor":12},{"not_picked":["Carnage","Pommel Strike"],"picked":"Flex","floor":12},{"not_picked":["Warcry","Thunderclap","Wild Strike"],"picked":"SKIP","floor":13},{"not_picked":["Headbutt","Uppercut"],"picked":"Limit Break","floor":14},{"not_picked":["Demon Form","Juggernaut"],"picked":"Feed","floor":16},{"not_picked":["Second Wind+1","Sever Soul+1","Power Through"],"picked":"SKIP","floor":18},{"not_picked":["True Grit","Headbutt","Flex"],"picked":"SKIP","floor":19},{"not_picked":["Headbutt","Flex"],"picked":"True Grit","floor":19},{"not_picked":["Havoc","Anger+1"],"picked":"Shockwave","floor":21},{"not_picked":["Dropkick","Ghostly Armor","Feel No Pain"],"picked":"SKIP","floor":22},{"not_picked":["Heavy Blade","Clothesline","Combust"],"picked":"SKIP","floor":25},{"not_picked":["Sever Soul","Rampage","Iron Wave"],"picked":"SKIP","floor":28},{"not_picked":["Carnage+1","Pommel Strike"],"picked":"Flame Barrier","floor":31},{"not_picked":["Dark Embrace","Fiend Fire"],"picked":"Offering","floor":33},{"not_picked":["Twin Strike+1","Searing Blow"],"picked":"Disarm+1","floor":35},{"not_picked":["Intimidate","Feel No Pain"],"picked":"Metallicize+1","floor":36},{"not_picked":["Reckless Charge+1","Wild Strike","Ghostly Armor+1"],"picked":"SKIP","floor":41},{"not_picked":["Power Through","Carnage","Wild Strike+1"],"picked":"SKIP","floor":42},{"not_picked":["Power Through+1","Clash"],"picked":"Sword Boomerang+1","floor":44},{"not_picked":["Power Through+1","Iron Wave+1","Body Slam"],"picked":"SKIP","floor":46},{"not_picked":["Clash","Body Slam"],"picked":"Impervious","floor":48}],"player_experience":671742,"relics_obtained":[{"floor":9,"key":"Potion Belt"},{"floor":14,"key":"Bronze Scales"},{"floor":26,"key":"Happy Flower"},{"floor":29,"key":"War Paint"},{"floor":31,"key":"Red Skull"},{"floor":42,"key":"Whetstone"},{"floor":43,"key":"Lantern"}],"event_choices":[{"damage_healed":0,"gold_gain":0,"player_choice":"Grow","damage_taken":0,"max_hp_gain":0,"max_hp_loss":0,"event_name":"Living Wall","floor":2,"gold_loss":0,"cards_upgraded":["Whirlwind"]},{"damage_healed":0,"gold_gain":175,"player_choice":"AGREE","damage_taken":0,"max_hp_gain":0,"max_hp_loss":0,"event_name":"Liars Game","floor":3,"gold_loss":0,"cards_obtained":["Doubt"]},{"cards_removed":["Doubt"],"damage_healed":0,"gold_gain":0,"player_choice":"Card Removal","damage_taken":0,"max_hp_gain":0,"max_hp_loss":0,"event_name":"The Cleric","floor":5,"gold_loss":50},{"damage_healed":0,"gold_gain":0,"player_choice":"Gave Potion","damage_taken":0,"relics_obtained":["Kunai"],"max_hp_gain":0,"max_hp_loss":0,"event_name":"WeMeetAgain","floor":20,"gold_loss":0},{"damage_healed":0,"gold_gain":0,"player_choice":"Ignored","damage_taken":0,"max_hp_gain":0,"max_hp_loss":0,"event_name":"Vampires","floor":27,"gold_loss":0},{"damage_healed":0,"gold_gain":0,"player_choice":"Ignored","damage_taken":0,"max_hp_gain":0,"max_hp_loss":0,"event_name":"Tomb of Lord Red Mask","floor":37,"gold_loss":0},{"damage_healed":0,"gold_gain":999,"player_choice":"Gold","damage_taken":0,"max_hp_gain":0,"max_hp_loss":0,"event_name":"MindBloom","floor":38,"gold_loss":0,"cards_obtained":["Normality","Normality"]},{"damage_healed":21,"gold_gain":0,"player_choice":"Writhe","damage_taken":0,"max_hp_gain":0,"max_hp_loss":0,"event_name":"Winding Halls","floor":47,"gold_loss":0,"cards_obtained":["Writhe"]}],"is_beta":false,"boss_relics":[{"not_picked":["Runic Dome","Eternal Feather"],"picked":"Philosopher\u0027s Stone"},{"not_picked":["Orrery","Lizard Tail"],"picked":"Astrolabe"}],"items_purged_floors":[7,24,39],"is_endless":false,"potions_floor_spawned":[4,12,14,18,19,22,25,36,44,48],"killed_by":"Time Eater","ascension_level":0}