{"gold_per_floor":[109,109,109,122,122,122,157,157,157,157,181,221,6,19,19,108,108,131,131,131,146,166,201,201,201,249,268,302,318,318,233,233,233],"floor_reached":33,"playtime":960,"items_purged":["Strike_B"],"score":571,"play_id":"e9150a8d-f80c-4bc1-b9e2-5dc3c664723f","local_time":"20190112054021","is_ascension_mode":true,"campfire_choices":[{"floor":6.0,"key":"REST"},{"data":"Sunder","floor":10.0,"key":"SMITH"},{"floor":15,"key":"REST"},{"floor":25,"key":"REST"},{"floor":32,"key":"REST"}],"neow_cost":"NONE","seed_source_timestamp":0,"circlet_count":0,"master_deck":["AscendersBane","Strike_B","Defend_B","Defend_B+1","Defend_B+1","Defend_B","Zap","Dualcast","Streamline","Sunder+1","Glacier","Ball Lightning","Ball Lightning","Self Repair","Conserve Battery","BootSequence","Machine Learning","Steam","Steam","Cold Snap","Beam Cell+1","Rainbow","Conserve Battery"],"special_seed":0,"relics":["Cracked Core","Pen Nib","Golden Idol","Orichalcum","Blue Candle","Mercury Hourglass","Velvet Choker","Gremlin Horn","MutagenicStrength","Vajra","Happy Flower","Nilry\u0027s Codex","Bronze Scales"],"potions_floor_usage":[12,14,23,28,33],"damage_taken":[{"damage":12.0,"enemies":"Small Slimes","floor":1.0,"turns":3.0},{"damage":0.0,"enemies":"2 Louse","floor":4.0,"turns":2.0},{"damage":17.0,"enemies":"3 Sentries","floor":7.0,"turns":6.0},{"damage":2.0,"enemies":"Jaw Worm","floor":11.0,"turns":3.0},{"damage":13,"enemies":"Lagavulin","floor":12,"turns":5},{"damage":0,"enemies":"Red Slaver","floor":14,"turns":1},{"damage":4,"enemies":"Slime Boss","floor":16,"turns":7},{"damage":0,"enemies":"Spheric Guardian","floor":18,"turns":3},{"damage":0,"enemies":"3 Byrds","floor":21,"turns":4},{"damage":11,"enemies":"Snecko","floor":22,"turns":5},{"damage":36,"enemies":"Book of Stabbing","floor":23,"turns":5},{"damage":11,"enemies":"Chosen and Byrds","floor":27,"turns":4},{"damage":11,"enemies":"Gremlin Leader","floor":28,"turns":6},{"damage":10,"enemies":"3 Cultists","floor":29,"turns":4},{"damage":62,"enemies":"Collector","floor":33,"turns":7}],"seed_played":"5242818842013950756","potions_obtained":[{"floor":7.0,"key":"Poison Potion"},{"floor":12,"key":"AttackPotion"},{"floor":16,"key":"LiquidBronze"},{"floor":21,"key":"SpeedPotion"},{"floor":27,"key":"Regen Potion"}],"is_trial":false,"path_per_floor":["M","?","?","M","?","R","E","?","T","R","M","E","$","M","R","B",null,"M","?","?","M","M","E","?","R","T","M","E","M","?","?","R","B"],"character_chosen":"DEFECT","items_purchased":["Self Repair","Conserve Battery"],"campfire_rested":4,"item_purchase_floors":[13,13],"current_hp_per_floor":[52,31,7,7,7,28,11,16,16,16,14,1,1,1,23,19,62,62,62,62,62,58,29,29,51,51,47,58,55,34,34,56,0],"gold":233,"neow_bonus":"RANDOM_COMMON_RELIC","is_prod":false,"is_daily":false,"chose_seed":false,"campfire_upgraded":1,"win_rate":0,"timestamp":1547239221,"path_taken":["M","?","?","M","?","R","E","?","T","R","M","E","?","M","R","BOSS","M","?","?","?","M","E","?","R","T","M","E","M","?","?","R","BOSS"],"build_version":"2019-01-10","purchased_purges":1,"victory":false,"max_hp_per_floor":[71,71,71,71,71,71,71,76,76,76,76,76,76,76,76,76,76,76,76,76,76,76,76,76,76,76,76,76,76,76,76,76,76],"card_choices":[{"not_picked":["Consume","Cold Snap"],"picked":"Streamline","floor":1.0},{"not_picked":["Static Discharge","Heatsinks"],"picked":"Sunder","floor":4.0},{"not_picked":["Leap","Skim"],"picked":"Glacier","floor":7.0},{"not_picked":["Cold Snap","Turbo"],"picked":"Ball Lightning","floor":11.0},{"not_picked":["Conserve Battery","Blizzard"],"picked":"Ball Lightning","floor":12},{"not_picked":["Glacier","Stack"],"picked":"BootSequence","floor":14},{"not_picked":["All For One","Multi-Cast"],"picked":"Machine Learning","floor":16},{"not_picked":["Compile Driver","Sweeping Beam"],"picked":"Steam","floor":18},{"not_picked":["Self Repair","Gash"],"picked":"Cold Snap","floor":21},{"not_picked":["Turbo","Coolheaded"],"picked":"Beam Cell+1","floor":22},{"not_picked":["Compile Driver","Coolheaded","Beam Cell"],"picked":"SKIP","floor":23},{"not_picked":["Skim","Tempest"],"picked":"Rainbow","floor":27},{"not_picked":["Melter","Steam Power"],"picked":"Conserve Battery","floor":28},{"not_picked":["Redo","Go for the Eyes","Turbo"],"picked":"SKIP","floor":29}],"player_experience":1030676,"relics_obtained":[{"floor":7.0,"key":"Orichalcum"},{"floor":9.0,"key":"Blue Candle"},{"floor":12,"key":"Mercury Hourglass"},{"floor":23,"key":"Gremlin Horn"},{"floor":26,"key":"Vajra"},{"floor":28,"key":"Happy Flower"},{"floor":30,"key":"Nilry\u0027s Codex"}],"event_choices":[{"damage_healed":0.0,"max_hp_gain":0.0,"max_hp_loss":0.0,"gold_gain":0.0,"event_name":"Shining Light","player_choice":"Entered Light","floor":2.0,"gold_loss":0.0,"damage_taken":21.0,"cards_upgraded":["Defend_B","Defend_B"]},{"damage_healed":0.0,"max_hp_gain":0.0,"max_hp_loss":0.0,"gold_gain":0.0,"event_name":"Golden Idol","player_choice":"Take Damage","floor":3.0,"gold_loss":0.0,"damage_taken":24.0,"relics_obtained":["Golden Idol"]},{"damage_healed":0.0,"max_hp_gain":0.0,"max_hp_loss":0.0,"gold_gain":0.0,"event_name":"Liars Game","player_choice":"Ignored","floor":5.0,"gold_loss":0.0,"damage_taken":0.0},{"damage_healed":0.0,"max_hp_gain":5.0,"max_hp_loss":0.0,"gold_gain":0.0,"event_name":"Big Fish","player_choice":"Donut","floor":8.0,"gold_loss":0.0,"damage_taken":0.0},{"cards_removed":["Strike_B"],"damage_healed":0,"gold_gain":0,"player_choice":"Elegance","damage_taken":0,"max_hp_gain":0,"max_hp_loss":0,"event_name":"Back to Basics","floor":19,"gold_loss":0},{"damage_healed":0,"gold_gain":0,"cards_transformed":["Strike_B"],"player_choice":"Transformed","damage_taken":0,"max_hp_gain":0,"max_hp_loss":0,"event_name":"Transmorgrifier","floor":20,"gold_loss":0,"cards_obtained":["Steam"]},{"damage_healed":0,"gold_gain":0,"player_choice":"Inject Mutagens","damage_taken":0,"relics_obtained":["MutagenicStrength"],"max_hp_gain":0,"max_hp_loss":0,"event_name":"Drug Dealer","floor":24,"gold_loss":0},{"damage_healed":0,"gold_gain":0,"player_choice":"Obtained Book","damage_taken":21,"max_hp_gain":0,"max_hp_loss":0,"event_name":"Cursed Tome","floor":30,"gold_loss":0},{"damage_healed":0,"gold_gain":0,"player_choice":"Obtained Relic","damage_taken":0,"relics_obtained":["Bronze Scales"],"max_hp_gain":0,"max_hp_loss":0,"event_name":"Addict","floor":31,"gold_loss":85}],"is_beta":false,"boss_relics":[{"not_picked":["Philosopher\u0027s Stone","Calling Bell"],"picked":"Velvet Choker"}],"items_purged_floors":[13],"is_endless":false,"potions_floor_spawned":[7,12,16,21,22,27],"killed_by":"Collector","ascension_level":19}