{"gold_per_floor":[111,126,142,107,117,117,133,158,238,249,249,260,279,296,296,370,370,381,401,401,415,425,455,455,455],"floor_reached":25,"playtime":2757,"items_purged":[],"score":450,"play_id":"20f70bb0-03bb-4ab1-a166-d54b48ec214a","local_time":"20190131234453","is_ascension_mode":true,"campfire_choices":[{"data":"Streamline","floor":6,"key":"SMITH"},{"floor":15,"key":"REST"},{"floor":24,"key":"REST"}],"neow_cost":"NONE","seed_source_timestamp":20532809538300,"circlet_count":0,"master_deck":["AscendersBane","Strike_B","Strike_B","Defend_B","Defend_B","Defend_B","Defend_B","Zap","Dualcast","Streamline+1","Ball Lightning","Electrodynamics","Conserve Battery","Go for the Eyes","Cold Snap","Cold Snap","Seek","Hologram","Capacitor","Biased Cognition","Turbo","Beam Cell","Sweeping Beam","Steam Power","Chill","Core Surge"],"relics":["Cracked Core","Matryoshka","Ancient Tea Set","Tiny Chest","GremlinMask","Runic Pyramid","Pen Nib"],"potions_floor_usage":[7,8,16,16,23],"damage_taken":[{"damage":14,"enemies":"Small Slimes","floor":1,"turns":3},{"damage":0,"enemies":"2 Louse","floor":2,"turns":1},{"damage":0,"enemies":"Cultist","floor":3,"turns":3},{"damage":8,"enemies":"3 Louse","floor":5,"turns":3},{"damage":0,"enemies":"Large Slime","floor":7,"turns":4},{"damage":15,"enemies":"3 Sentries","floor":8,"turns":3},{"damage":1,"enemies":"Red Slaver","floor":10,"turns":3},{"damage":9,"enemies":"Looter","floor":12,"turns":2},{"damage":7,"enemies":"Large Slime","floor":13,"turns":4},{"damage":9,"enemies":"Blue Slaver","floor":14,"turns":4},{"damage":28,"enemies":"The Guardian","floor":16,"turns":10},{"damage":17,"enemies":"Spheric Guardian","floor":18,"turns":5},{"damage":0,"enemies":"3 Byrds","floor":19,"turns":2},{"damage":5,"enemies":"Snecko","floor":21,"turns":7},{"damage":13,"enemies":"Snake Plant","floor":22,"turns":4},{"damage":17,"enemies":"Gremlin Leader","floor":23,"turns":6},{"damage":39,"enemies":"Slavers","floor":25,"turns":2}],"seed_played":"-4027937322249593797","potions_obtained":[{"floor":1,"key":"SpeedPotion"},{"floor":5,"key":"FocusPotion"},{"floor":13,"key":"EssenceOfSteel"},{"floor":14,"key":"FearPotion"},{"floor":21,"key":"Ancient Potion"},{"floor":22,"key":"Block Potion"}],"is_trial":false,"path_per_floor":["M","M","M","?","M","R","M","E","T","M","?","M","M","M","R","B",null,"M","M","?","M","M","E","R","E"],"character_chosen":"DEFECT","items_purchased":[],"campfire_rested":2,"item_purchase_floors":[],"current_hp_per_floor":[57,57,57,76,68,68,68,53,53,52,52,43,36,27,50,22,64,47,47,47,42,29,12,35,0],"gold":455,"neow_bonus":"TEN_PERCENT_HP_BONUS","is_prod":false,"is_daily":false,"chose_seed":false,"campfire_upgraded":1,"win_rate":0,"timestamp":1548996293,"path_taken":["M","M","M","?","M","R","M","E","T","M","?","M","?","M","R","BOSS","M","M","?","M","M","E","R","E"],"build_version":"2019-01-23","purchased_purges":0,"victory":false,"max_hp_per_floor":[78,78,78,78,78,78,78,78,78,78,78,78,78,78,78,78,78,78,78,78,78,78,78,78,78],"card_choices":[{"not_picked":["Skim","Rebound"],"picked":"Streamline","floor":1},{"not_picked":["Stack","Rebound"],"picked":"Ball Lightning","floor":2},{"not_picked":["Coolheaded","Hologram"],"picked":"Electrodynamics","floor":3},{"not_picked":["Reprogram","Force Field"],"picked":"Conserve Battery","floor":5},{"not_picked":["Steam Power","Fusion"],"picked":"Go for the Eyes","floor":7},{"not_picked":["Melter","Hologram"],"picked":"Cold Snap","floor":8},{"not_picked":["Streamline","Gash"],"picked":"Cold Snap","floor":10},{"not_picked":["Self Repair","Beam Cell"],"picked":"Seek","floor":12},{"not_picked":["Cold Snap","Redo"],"picked":"Hologram","floor":13},{"not_picked":["Compile Driver","Barrage"],"picked":"Capacitor","floor":14},{"not_picked":["Seek","Hyperbeam"],"picked":"Biased Cognition","floor":16},{"not_picked":["Beam Cell","FTL"],"picked":"Turbo","floor":18},{"not_picked":["Compile Driver","Steam Power"],"picked":"Beam Cell","floor":19},{"not_picked":["Force Field","Hologram"],"picked":"Chill","floor":21},{"not_picked":["Turbo","Sweeping Beam","Stack"],"picked":"SKIP","floor":22},{"not_picked":["Conserve Battery","Glacier"],"picked":"Core Surge","floor":23}],"player_experience":1148297,"relics_obtained":[{"floor":8,"key":"Matryoshka"},{"floor":9,"key":"Ancient Tea Set"},{"floor":9,"key":"Tiny Chest"},{"floor":23,"key":"Pen Nib"}],"event_choices":[{"damage_healed":19,"gold_gain":0,"player_choice":"Healed","damage_taken":0,"max_hp_gain":0,"max_hp_loss":0,"event_name":"The Cleric","floor":4,"gold_loss":35},{"damage_healed":0,"gold_gain":0,"player_choice":"Trade","damage_taken":0,"relics_obtained":["GremlinMask"],"max_hp_gain":0,"max_hp_loss":0,"event_name":"FaceTrader","floor":11,"gold_loss":0},{"damage_healed":0,"gold_gain":0,"cards_transformed":["Strike_B","Strike_B"],"player_choice":"Became Test Subject","damage_taken":0,"max_hp_gain":0,"max_hp_loss":0,"event_name":"Drug Dealer","floor":20,"gold_loss":0,"cards_obtained":["Sweeping Beam","Steam Power"]}],"is_beta":false,"boss_relics":[{"not_picked":["Lizard Tail","Empty Cage"],"picked":"Runic Pyramid"}],"items_purged_floors":[],"is_endless":false,"potions_floor_spawned":[1,5,13,14,21,22],"killed_by":"Slavers","ascension_level":19}