{"gold_per_floor":[117,117,117,127,127,127,28,47,47,59,72,2,2,20,20,20],"floor_reached":16,"playtime":767,"items_purged":["Strike_B"],"score":94,"play_id":"c444d20f-cffe-4bcd-8fd7-21c35f1ab0ff","local_time":"20181016222948","is_ascension_mode":false,"campfire_choices":[{"data":"Beam Cell","floor":6,"key":"SMITH"},{"floor":15,"key":"REST"}],"neow_cost":"","seed_source_timestamp":449571061950272,"circlet_count":0,"master_deck":["Strike_B","Strike_B","Strike_B","Defend_B","Defend_B","Defend_B+1","Defend_B+1","Zap","Dualcast","Gash","Beam Cell","Beam Cell+1","Regret","Gash","Rebound","White Noise","Creative AI","Static Discharge","Go for the Eyes"],"relics":["Cracked Core","Turnip","Bottled Flame"],"potions_floor_usage":[10,11,16],"damage_taken":[{"damage":9,"enemies":"Jaw Worm","floor":1,"turns":4},{"damage":0,"enemies":"Small Slimes","floor":3,"turns":3},{"damage":0,"enemies":"2 Louse","floor":4,"turns":2},{"damage":1,"enemies":"Looter","floor":8,"turns":3},{"damage":6,"enemies":"Exordium Wildlife","floor":10,"turns":3},{"damage":13,"enemies":"Red Slaver","floor":11,"turns":2},{"damage":4,"enemies":"3 Louse","floor":14,"turns":2},{"damage":50,"enemies":"Slime Boss","floor":16,"turns":7}],"seed_played":"4575027272019025761","potions_obtained":[{"floor":1,"key":"Explosive Potion"},{"floor":8,"key":"PowerPotion"},{"floor":14,"key":"Swift Potion"}],"is_trial":false,"path_per_floor":["M","?","M","M","?","R","$","M","T","M","M","$","$","M","R"],"character_chosen":"DEFECT","items_purchased":["Gash","Static Discharge"],"campfire_rested":1,"item_purchase_floors":[7,12],"current_hp_per_floor":[66,51,51,51,51,51,51,50,50,44,31,31,31,27,49,0],"gold":20,"neow_bonus":"","is_prod":false,"is_daily":false,"chose_seed":false,"campfire_upgraded":1,"win_rate":0.0,"timestamp":1539682188,"path_taken":["M","?","M","M","?","R","$","M","T","M","M","?","$","?","R","BOSS"],"build_version":"2018-10-11","purchased_purges":1,"victory":false,"max_hp_per_floor":[75,75,75,75,75,75,75,75,75,75,75,75,75,75,75,75],"card_choices":[{"not_picked":["Storm","Self Repair"],"picked":"Gash","floor":1},{"not_picked":["Hologram","Sweeping Beam"],"picked":"Beam Cell","floor":3},{"not_picked":["Stack","Streamline"],"picked":"Beam Cell","floor":4},{"not_picked":["Machine Learning","Ball Lightning"],"picked":"Rebound","floor":8},{"not_picked":["Steam","Compile Driver"],"picked":"White Noise","floor":10},{"not_picked":["Rebound","Barrage"],"picked":"Creative AI","floor":11},{"not_picked":["Redo","Rebound"],"picked":"Go for the Eyes","floor":14}],"player_experience":96256,"relics_obtained":[{"floor":9,"key":"Bottled Flame"}],"event_choices":[{"event_name":"Shining Light","player_choice":"Entered Light","floor":2,"damage_taken":0},{"event_name":"Big Fish","player_choice":"Box","floor":5,"damage_taken":0}],"is_beta":false,"boss_relics":[],"items_purged_floors":[7],"is_endless":false,"potions_floor_spawned":[1,8,14],"killed_by":"Slime Boss","ascension_level":0}