{"gold_per_floor":[111,111,125,50,62,62,76,93,93,93,93,93,107,107,107,207,207,220,220,145,155,174,174,204,204,204,220,50,50,0,15,15,119,119,136,149,149],"floor_reached":37,"playtime":6905,"items_purged":["Defend_G","Clumsy"],"score":406,"play_id":"8c544550-0939-4a99-8747-1fb70cbb78fd","local_time":"20181206215515","is_ascension_mode":false,"campfire_choices":[{"data":"Neutralize","floor":6,"key":"SMITH"},{"data":"Noxious Fumes","floor":10,"key":"SMITH"},{"data":"Doppelganger","floor":12,"key":"SMITH"},{"data":"Dash","floor":15,"key":"SMITH"},{"data":"Corpse Explosion","floor":23,"key":"SMITH"},{"data":"Infinite Blades","floor":25,"key":"SMITH"},{"data":"Choke","floor":29,"key":"SMITH"},{"data":"Noxious Fumes","floor":32,"key":"SMITH"}],"neow_cost":"NONE","seed_source_timestamp":880978758230314,"circlet_count":0,"master_deck":["Defend_G","Defend_G","Defend_G","Defend_G","Strike_G","Strike_G","Strike_G","Survivor","Neutralize+1","Unload","PiercingWail","Backflip","Dash+1","Noxious Fumes+1","Outmaneuver","Doppelganger+1","PiercingWail","Corpse Explosion+1","Blur","Infinite Blades+1","Poisoned Stab","Poisoned Stab+1","Deadly Poison","Dash","Choke+1","Noxious Fumes+1","After Image","Bouncing Flask+1","Deadly Poison+1"],"relics":["Ring of the Snake","FaceOfCleric","Darkstone Periapt","Gremlin Horn","Cursed Key","Sundial","Letter Opener","Eternal Feather"],"potions_floor_usage":[21,24,33,35],"damage_taken":[{"damage":0,"enemies":"2 Louse","floor":1,"turns":2},{"damage":0,"enemies":"Cultist","floor":3,"turns":3},{"damage":0,"enemies":"Jaw Worm","floor":5,"turns":3},{"damage":1,"enemies":"Blue Slaver","floor":7,"turns":4},{"damage":2,"enemies":"Exordium Thugs","floor":8,"turns":5},{"damage":0,"enemies":"Looter","floor":13,"turns":3},{"damage":35,"enemies":"The Guardian","floor":16,"turns":11},{"damage":4,"enemies":"Shell Parasite","floor":18,"turns":4},{"damage":2,"enemies":"2 Thieves","floor":21,"turns":3},{"damage":4,"enemies":"Snecko","floor":22,"turns":5},{"damage":15,"enemies":"Book of Stabbing","floor":24,"turns":6},{"damage":7,"enemies":"Centurion and Healer","floor":27,"turns":5},{"damage":3,"enemies":"Shelled Parasite and Fungi","floor":31,"turns":5},{"damage":65,"enemies":"Champ","floor":33,"turns":8},{"damage":0,"enemies":"3 Shapes","floor":35,"turns":4},{"damage":32,"enemies":"3 Darklings","floor":36,"turns":3},{"damage":60,"enemies":"Transient","floor":37,"turns":5}],"seed_played":"4861316433667034760","potions_obtained":[{"floor":7,"key":"FearPotion"},{"floor":8,"key":"SteroidPotion"},{"floor":16,"key":"FearPotion"},{"floor":21,"key":"FairyPotion"},{"floor":27,"key":"Energy Potion"},{"floor":33,"key":"Energy Potion"}],"is_trial":false,"path_per_floor":["M","?","M","$","M","R","M","M","T","R","?","R","M","T","R","B",null,"M","?","?","M","M","R","E","R","T","M","$","R","?","M","R","B",null,"M","M","M"],"character_chosen":"THE_SILENT","items_purchased":["Choke"],"campfire_rested":0,"item_purchase_floors":[28],"current_hp_per_floor":[70,70,71,71,72,72,72,71,71,71,71,71,72,72,72,38,76,73,73,73,72,69,69,55,55,61,55,55,55,55,53,53,9,89,90,59,0],"gold":149,"neow_bonus":"ONE_RANDOM_RARE_CARD","is_prod":false,"is_daily":false,"chose_seed":false,"campfire_upgraded":8,"win_rate":0.0,"timestamp":1544086515,"path_taken":["M","?","M","?","M","R","M","M","T","R","?","R","M","?","R","BOSS","M","?","?","M","M","R","E","R","T","M","?","R","?","M","R","BOSS","M","?","M"],"build_version":"2018-11-15","purchased_purges":2,"victory":false,"max_hp_per_floor":[70,70,71,71,72,72,73,74,74,74,74,74,75,75,75,76,76,77,77,77,78,79,79,80,80,86,87,87,87,87,88,88,89,89,90,91,91],"card_choices":[{"not_picked":["Dodge and Roll","Deflect"],"picked":"PiercingWail","floor":1},{"not_picked":["Reflex","Dagger Spray"],"picked":"Backflip","floor":3},{"not_picked":["Calculated Gamble","Bane"],"picked":"Dash","floor":5},{"not_picked":["Expertise","Slice"],"picked":"Noxious Fumes","floor":7},{"not_picked":["Cloak And Dagger","Skewer"],"picked":"Outmaneuver","floor":8},{"not_picked":["Tools of the Trade","Dagger Throw"],"picked":"PiercingWail","floor":13},{"not_picked":["Grand Finale","Glass Knife"],"picked":"Corpse Explosion","floor":16},{"not_picked":["Accuracy+1","Bane+1"],"picked":"Blur","floor":18},{"not_picked":["All Out Attack","Bane"],"picked":"Poisoned Stab","floor":21},{"not_picked":["Bane","Masterful Stab"],"picked":"Poisoned Stab+1","floor":22},{"not_picked":["Eviscerate","Slice"],"picked":"Deadly Poison","floor":24},{"not_picked":["Blade Dance","Cloak And Dagger"],"picked":"Dash","floor":27},{"not_picked":["PiercingWail","Dagger Spray"],"picked":"Noxious Fumes","floor":31},{"not_picked":["Burst","Phantasmal Killer"],"picked":"After Image","floor":33},{"not_picked":["Slice","Flechettes+1"],"picked":"Bouncing Flask+1","floor":35},{"not_picked":["PiercingWail+1","Masterful Stab+1"],"picked":"Deadly Poison+1","floor":36}],"player_experience":410699,"relics_obtained":[{"floor":9,"key":"Darkstone Periapt"},{"floor":14,"key":"Gremlin Horn"},{"floor":24,"key":"Sundial"},{"floor":26,"key":"Letter Opener"}],"event_choices":[{"damage_healed":0,"gold_gain":0,"player_choice":"Trade","damage_taken":0,"relics_obtained":["FaceOfCleric"],"max_hp_gain":0,"max_hp_loss":0,"event_name":"FaceTrader","floor":2,"gold_loss":0},{"damage_healed":0,"gold_gain":0,"cards_transformed":["Strike_G"],"player_choice":"Change","damage_taken":0,"max_hp_gain":0,"max_hp_loss":0,"event_name":"Living Wall","floor":11,"gold_loss":0,"cards_obtained":["Doppelganger"]},{"damage_healed":0,"gold_gain":0,"player_choice":"Read","damage_taken":0,"max_hp_gain":0,"max_hp_loss":0,"event_name":"The Library","floor":19,"gold_loss":0,"cards_obtained":["Infinite Blades"]},{"cards_removed":["Strike_G"],"damage_healed":0,"gold_gain":0,"player_choice":"Gave Gold","damage_taken":0,"max_hp_gain":0,"max_hp_loss":0,"event_name":"Beggar","floor":20,"gold_loss":75},{"damage_healed":0,"gold_gain":0,"player_choice":"Bet on Murderer","damage_taken":0,"max_hp_gain":0,"max_hp_loss":0,"event_name":"The Joust","floor":30,"gold_loss":50}],"is_beta":false,"boss_relics":[{"not_picked":["Snecko Eye","Velvet Choker"],"picked":"Cursed Key"},{"not_picked":["Tiny House","White Beast Statue"],"picked":"Eternal Feather"}],"items_purged_floors":[4,28],"is_endless":false,"potions_floor_spawned":[7,8,16,21,27,33],"killed_by":"Transient","ascension_level":0}