{"gold_per_floor":[215,232,243,94,104,104,120,147,147,147,166,195,38,52,52,126,126,142,155,205,205,80,80,99,110,179,199,49,69,89,89,89,166,166,176,194,194],"floor_reached":37,"playtime":1612,"items_purged":["Strike_B","Strike_B","Strike_B","Strike_B"],"score":924,"play_id":"bb53e81b-4c22-43a2-81e1-cf2bdf4ef73a","local_time":"20181226171314","is_ascension_mode":true,"campfire_choices":[{"data":"Streamline","floor":6.0,"key":"SMITH"},{"data":"Recycle","floor":10.0,"key":"SMITH"},{"data":"Hologram","floor":15.0,"key":"SMITH"},{"data":"Fission","floor":23.0,"key":"SMITH"},{"data":"Coolheaded","floor":32,"key":"SMITH"}],"neow_cost":"NONE","seed_source_timestamp":16685700962948,"circlet_count":0,"master_deck":["AscendersBane","Defend_B","Defend_B","Defend_B","Zap","Dualcast","Glacier","Streamline+1","Doom and Gloom","Recycle+1","Rebound","Electrodynamics","Melter","Hologram+1","Fission+1","Coolheaded+1","Glacier","Fusion","Blizzard","Meteor Strike"],"special_seed":0,"relics":["Cracked Core","DataDisk","Bottled Tornado","Philosopher\u0027s Stone","Cables","Runic Pyramid"],"potions_floor_usage":[30,33],"damage_taken":[{"damage":1.0,"enemies":"Cultist","floor":1.0,"turns":3.0},{"damage":1.0,"enemies":"Jaw Worm","floor":2.0,"turns":5.0},{"damage":0.0,"enemies":"2 Louse","floor":3.0,"turns":2.0},{"damage":3.0,"enemies":"Gremlin Gang","floor":5.0,"turns":3.0},{"damage":13.0,"enemies":"Red Slaver","floor":7.0,"turns":4.0},{"damage":32.0,"enemies":"Gremlin Nob","floor":8.0,"turns":4.0},{"damage":0.0,"enemies":"2 Fungi Beasts","floor":11.0,"turns":2.0},{"damage":5.0,"enemies":"3 Sentries","floor":12.0,"turns":3.0},{"damage":0.0,"enemies":"Lots of Slimes","floor":14.0,"turns":1.0},{"damage":0.0,"enemies":"Hexaghost","floor":16.0,"turns":9.0},{"damage":0.0,"enemies":"Chosen","floor":18.0,"turns":3.0},{"damage":0.0,"enemies":"Spheric Guardian","floor":19.0,"turns":3.0},{"damage":0.0,"enemies":"Chosen and Byrds","floor":24.0,"turns":2.0},{"damage":0.0,"enemies":"3 Cultists","floor":25.0,"turns":2.0},{"damage":17.0,"enemies":"Snake Plant","floor":27.0,"turns":2.0},{"damage":14,"enemies":"Shelled Parasite and Fungi","floor":29,"turns":4},{"damage":2,"enemies":"Centurion and Healer","floor":30,"turns":4},{"damage":14,"enemies":"Champ","floor":33,"turns":23},{"damage":0,"enemies":"3 Shapes","floor":35,"turns":4},{"damage":37,"enemies":"3 Darklings","floor":36,"turns":3},{"damage":19,"enemies":"4 Shapes","floor":37,"turns":1}],"seed_played":"2119211541760232854","potions_obtained":[{"floor":1.0,"key":"SkillPotion"},{"floor":3.0,"key":"Regen Potion"},{"floor":8.0,"key":"PowerPotion"},{"floor":12.0,"key":"PowerPotion"},{"floor":16.0,"key":"PowerPotion"},{"floor":24.0,"key":"SkillPotion"},{"floor":27.0,"key":"Strength Potion"},{"floor":36,"key":"FearPotion"}],"is_trial":false,"path_per_floor":["M","M","M","$","M","R","M","E","T","R","M","E","$","M","R","B",null,"M","M","?","?","$","R","M","M","T","M","$","M","M","?","R","B",null,"M","M","M"],"character_chosen":"DEFECT","items_purchased":["Doom and Gloom","Hologram"],"campfire_rested":0,"item_purchase_floors":[4,13],"current_hp_per_floor":[63,62,62,62,59,59,46,14,14,14,14,18,18,18,18,18,58,58,58,58,54,54,54,54,54,54,37,37,23,21,21,21,7,55,55,18,0],"gold":194,"neow_bonus":"HUNDRED_GOLD","is_prod":false,"is_daily":false,"chose_seed":false,"campfire_upgraded":5,"win_rate":0,"timestamp":1545811994,"path_taken":["M","M","M","$","M","R","M","E","T","R","?","E","$","?","R","BOSS","M","M","?","?","$","R","?","M","T","M","?","M","M","?","R","BOSS","M","?","M"],"build_version":"2018-12-20","purchased_purges":4,"victory":false,"max_hp_per_floor":[71,71,71,71,71,71,71,71,71,71,71,71,71,71,71,71,71,71,71,71,71,71,71,71,71,71,71,71,71,71,71,71,71,71,71,71,71],"card_choices":[{"not_picked":["BootSequence","Conserve Battery"],"picked":"Glacier","floor":1.0},{"not_picked":["Coolheaded","Turbo"],"picked":"Streamline","floor":2.0},{"not_picked":["Stack","Turbo","Leap"],"picked":"SKIP","floor":3.0},{"not_picked":["Darkness","Tempest"],"picked":"Recycle","floor":5.0},{"not_picked":["Compile Driver","Fusion"],"picked":"Rebound","floor":7.0},{"not_picked":["Compile Driver","Lockon"],"picked":"Electrodynamics","floor":8.0},{"not_picked":["Barrage","Beam Cell","Redo"],"picked":"SKIP","floor":11.0},{"not_picked":["Beam Cell","Gash"],"picked":"Melter","floor":12.0},{"not_picked":["Double Energy","Beam Cell","Chaos"],"picked":"SKIP","floor":14.0},{"not_picked":["Thunder Strike","Buffer"],"picked":"Fission","floor":16.0},{"not_picked":["Rebound","Go for the Eyes"],"picked":"Coolheaded","floor":18.0},{"not_picked":["Beam Cell","Gash","Reinforced Body"],"picked":"SKIP","floor":19.0},{"not_picked":["Consume","Barrage","Stack"],"picked":"SKIP","floor":24.0},{"not_picked":["Steam","Undo"],"picked":"Glacier","floor":25.0},{"not_picked":["Sweeping Beam","Barrage","Melter+1"],"picked":"SKIP","floor":27.0},{"not_picked":["Melter","Sweeping Beam","Streamline"],"picked":"SKIP","floor":29},{"not_picked":["Steam","Coolheaded"],"picked":"Fusion","floor":30},{"not_picked":["Core Surge","Amplify"],"picked":"Meteor Strike","floor":33},{"not_picked":["Consume+1","Beam Cell+1","Heatsinks+1"],"picked":"SKIP","floor":35},{"not_picked":["Leap","Hello World","Gash"],"picked":"SKIP","floor":36}],"player_experience":855441,"relics_obtained":[{"floor":8.0,"key":"DataDisk"},{"floor":12.0,"key":"Bottled Tornado"},{"floor":26.0,"key":"Cables"}],"event_choices":[{"damage_healed":0.0,"max_hp_gain":0.0,"max_hp_loss":0.0,"gold_gain":50.0,"event_name":"Nest","player_choice":"Stole From Cult","floor":20.0,"gold_loss":0.0,"damage_taken":0.0},{"damage_healed":0.0,"max_hp_gain":0.0,"max_hp_loss":0.0,"gold_gain":0.0,"event_name":"The Woman in Blue","player_choice":"Bought 0 Potions","floor":21.0,"gold_loss":0.0,"damage_taken":0.0},{"damage_healed":0,"gold_gain":0,"cards_transformed":["Defend_B"],"player_choice":"Transformed","damage_taken":0,"max_hp_gain":0,"max_hp_loss":0,"event_name":"Transmorgrifier","floor":31,"gold_loss":0,"cards_obtained":["Blizzard"]}],"is_beta":false,"boss_relics":[{"not_picked":["Lizard Tail","Pandora\u0027s Box"],"picked":"Philosopher\u0027s Stone"},{"not_picked":["Fusion Hammer","Cursed Key"],"picked":"Runic Pyramid"}],"items_purged_floors":[4,13,22,28],"is_endless":false,"potions_floor_spawned":[1,3,8,12,16,24,27,36],"killed_by":"4 Shapes","ascension_level":20}