{"gold_per_floor":[111,127,127,146,156,156,169,169,226,326,338,365,390,407,407,407],"floor_reached":16,"playtime":443,"items_purged":[],"score":203,"play_id":"52c8ad69-a5ce-48b6-99ab-b4883c962a42","local_time":"20190102101849","is_ascension_mode":true,"campfire_choices":[{"data":"Uppercut","floor":6,"key":"SMITH"},{"data":"True Grit","floor":8,"key":"SMITH"},{"data":"True Grit","floor":15,"key":"SMITH"}],"neow_cost":"NONE","seed_source_timestamp":3499115884144,"circlet_count":0,"master_deck":["AscendersBane","Strike_R","Strike_R","Strike_R","Strike_R","Defend_R","Defend_R","Defend_R","Defend_R","Bash","Uppercut+1","Disarm","True Grit+1","Clash","Havoc","True Grit+1","Reaper","Clash"],"relics":["Black Star","Tiny Chest","Red Skull","Omamori","Dream Catcher"],"potions_floor_usage":[5,13,13,16],"damage_taken":[{"damage":18,"enemies":"Cultist","floor":1,"turns":5},{"damage":1,"enemies":"2 Louse","floor":2,"turns":4},{"damage":4,"enemies":"Jaw Worm","floor":4,"turns":3},{"damage":0,"enemies":"3 Louse","floor":5,"turns":6},{"damage":3,"enemies":"2 Fungi Beasts","floor":7,"turns":5},{"damage":10,"enemies":"Looter","floor":11,"turns":4},{"damage":21,"enemies":"3 Sentries","floor":13,"turns":9},{"damage":4,"enemies":"Blue Slaver","floor":14,"turns":2},{"damage":14,"enemies":"Hexaghost","floor":16,"turns":9}],"seed_played":"-1716570111115455302","potions_obtained":[{"floor":2,"key":"Regen Potion"},{"floor":4,"key":"Swift Potion"},{"floor":7,"key":"Fire Potion"},{"floor":14,"key":"LiquidBronze"}],"is_trial":false,"path_per_floor":["M","M","?","M","M","R","M","R","T","?","M","T","E","M","R","B"],"character_chosen":"IRONCLAD","items_purchased":[],"campfire_rested":0,"item_purchase_floors":[],"current_hp_per_floor":[50,49,42,38,38,38,35,35,35,35,25,25,19,15,15,11],"gold":407,"neow_bonus":"BOSS_RELIC","is_prod":false,"is_daily":false,"chose_seed":false,"campfire_upgraded":3,"win_rate":0,"timestamp":1546453129,"path_taken":["M","M","?","M","M","R","M","R","T","?","?","?","E","M","R","BOSS"],"build_version":"2019-01-01v2","purchased_purges":0,"victory":false,"max_hp_per_floor":[75,75,75,75,75,75,75,75,75,75,75,75,75,75,75,75],"card_choices":[{"not_picked":["Thunderclap","Anger"],"picked":"Uppercut","floor":1},{"not_picked":["Entrench","Thunderclap"],"picked":"Disarm","floor":2},{"not_picked":["Wild Strike","Warcry"],"picked":"True Grit","floor":4},{"not_picked":["Pommel Strike","Blood for Blood"],"picked":"Clash","floor":5},{"not_picked":["Shockwave","Hemokinesis"],"picked":"Havoc","floor":7},{"not_picked":["Headbutt","Burning Pact"],"picked":"True Grit","floor":11},{"not_picked":["Cleave","Anger"],"picked":"Reaper","floor":13},{"not_picked":["Searing Blow","Twin Strike"],"picked":"Clash","floor":14}],"player_experience":1014028,"relics_obtained":[{"floor":9,"key":"Tiny Chest"},{"floor":12,"key":"Red Skull"},{"floor":13,"key":"Omamori"},{"floor":13,"key":"Dream Catcher"}],"event_choices":[{"cards_removed":["Strike_R"],"damage_healed":0,"gold_gain":0,"player_choice":"Card Removal","damage_taken":7,"max_hp_gain":0,"max_hp_loss":0,"event_name":"Golden Wing","floor":3,"gold_loss":0},{"damage_healed":0,"gold_gain":100,"player_choice":"Gold","damage_taken":0,"max_hp_gain":0,"max_hp_loss":0,"event_name":"Wheel of Change","floor":10,"gold_loss":0}],"is_beta":true,"boss_relics":[],"items_purged_floors":[],"is_endless":false,"potions_floor_spawned":[2,4,7,11,14],"killed_by":"Hexaghost","ascension_level":19}