{"path_per_floor":["M","M","M","M","M","E","R","M","T","?","R","?","$","?","R","B",null,"M","M","M","?","M","R","M","?","T","?","R","$","E","M","R","B",null,"M","M","M","M","M","R","E","?","T","M","R","?","$","?","R"],"character_chosen":"THE_SILENT","items_purchased":["Panache","Bottled Tornado","Strawberry","Dexterity Potion"],"gold_per_floor":[114,129,144,159,174,204,204,219,219,249,249,499,212,212,212,312,312,327,342,357,357,372,372,387,387,387,387,387,37,67,82,82,182,182,197,212,227,242,257,257,287,287,312,327,327,327,2,2,2],"floor_reached":50,"campfire_rested":3,"playtime":2178,"current_hp_per_floor":[70,65,60,53,38,2,65,64,64,64,64,64,64,57,57,38,65,63,57,36,36,31,31,29,18,18,18,65,65,37,35,60,41,60,56,54,53,51,50,50,42,57,57,42,42,42,49,49,49],"items_purged":["Regret","Defend_G","Regret"],"gold":2,"score":496,"play_id":"1480c573-1672-4c67-ae07-a2adb1609bd2","local_time":"20180321151219","daily_mods":["Shiny","Uncertain Future","Night Terrors"],"is_prod":false,"is_daily":true,"is_ascension_mode":false,"campfire_upgraded":6,"timestamp":1521641539,"path_taken":["M","M","M","M","M","E","R","M","T","?","R","?","$","?","R","BOSS","M","M","M","?","M","R","M","?","T","?","R","$","E","M","R","BOSS","M","M","M","M","M","R","E","?","T","M","R","?","$","?","R","BOSS"],"build_version":"2018-03-15v3","purchased_purges":3,"victory":false,"master_deck":["Defend_G+1","Defend_G+1","Defend_G+1","Defend_G+1","Strike_G+1","Strike_G+1","Strike_G+1","Strike_G+1","Strike_G+1","Survivor+1","Neutralize+1","Grand Finale","Cloak And Dagger+1","Quick Slash+1","Panache+1","Cloak And Dagger+1","Flying Knee+1","Blade Dance+1","Cloak And Dagger+1","Dagger Throw+1","Writhe","Decay"],"max_hp_per_floor":[70,70,70,70,70,70,65,65,65,65,65,65,65,65,65,65,65,65,65,65,65,65,65,65,70,70,70,65,65,65,65,60,60,60,60,60,60,60,60,60,60,60,60,60,60,60,67,67,67],"relics":["Ring of the Snake","Juzu Bracelet","Blue Candle","Happy Flower","Cursed Key","Torii","Bottled Tornado","Meat on the Bone","Lizard Tail","Snake Skull","Prayer Wheel","Strawberry"],"card_choices":[{"not_picked":["Dash","Sucker Punch"],"picked":"Cloak And Dagger"},{"not_picked":["Sucker Punch","Dodge and Roll"],"picked":"Quick Slash"},{"not_picked":["Flying Knee","Underhanded Strike"],"picked":"Cloak And Dagger"},{"not_picked":["Envenom","Poisoned Stab"],"picked":"Flying Knee"},{"not_picked":["Dagger Spray","Distraction"],"picked":"Blade Dance"},{"not_picked":["Poisoned Stab","Backstab"],"picked":"Cloak And Dagger"},{"not_picked":["Eviscerate","Dodge and Roll"],"picked":"Dagger Throw"}],"player_experience":158853,"potions_floor_usage":[6,6,16,19,33,33,33,39,41,41,50,50],"damage_taken":[{"damage":0,"enemies":"Small Slimes","floor":1,"turns":3},{"damage":5,"enemies":"Jaw Worm","floor":2,"turns":5},{"damage":5,"enemies":"2 Louse","floor":3,"turns":3},{"damage":7,"enemies":"Gremlin Gang","floor":4,"turns":7},{"damage":15,"enemies":"Exordium Thugs","floor":5,"turns":8},{"damage":36,"enemies":"Gremlin Nob","floor":6,"turns":5},{"damage":1,"enemies":"2 Fungi Beasts","floor":8,"turns":5},{"damage":19,"enemies":"The Guardian","floor":16,"turns":15},{"damage":2,"enemies":"3 Byrds","floor":18,"turns":5},{"damage":6,"enemies":"Chosen","floor":19,"turns":8},{"damage":21,"enemies":"Snecko","floor":20,"turns":5},{"damage":5,"enemies":"Snake Plant","floor":22,"turns":4},{"damage":2,"enemies":"Centurion and Healer","floor":24,"turns":5},{"damage":28,"enemies":"Slavers","floor":30,"turns":3},{"damage":2,"enemies":"Chosen and Byrds","floor":31,"turns":4},{"damage":31,"enemies":"Collector","floor":33,"turns":8},{"damage":4,"enemies":"3 Shapes","floor":35,"turns":3},{"damage":2,"enemies":"Orb Walker","floor":36,"turns":3},{"damage":1,"enemies":"4 Shapes","floor":37,"turns":3},{"damage":2,"enemies":"3 Darklings","floor":38,"turns":3},{"damage":1,"enemies":"Sphere and 2 Shapes","floor":39,"turns":3},{"damage":70,"enemies":"Giant Head","floor":41,"turns":9},{"damage":15,"enemies":"4 Shapes","floor":44,"turns":3},{"damage":49,"enemies":"Awakened One","floor":50,"turns":6}],"event_choices":[{"event_name":"Dead Adventurer","player_choice":"Searched \u00271\u0027 times","floor":10,"damage_taken":0},{"event_name":"Golden Shrine","player_choice":"Desecrate","floor":12,"damage_taken":0},{"event_name":"Scrap Ooze","player_choice":"success","floor":14,"damage_taken":7},{"event_name":"Back to Basics","player_choice":"Simplicity","floor":21,"damage_taken":0},{"event_name":"Forgotten Altar","player_choice":"Shed Blood","floor":25,"damage_taken":0},{"event_name":"Accursed Blacksmith","player_choice":"Forge","floor":27,"damage_taken":0},{"event_name":"Winding Halls","player_choice":"Writhe","floor":42,"damage_taken":0},{"event_name":"Match and Keep!","player_choice":"0 cards matched","floor":46,"damage_taken":0},{"event_name":"Mysterious Sphere","player_choice":"Ignore","floor":48,"damage_taken":0}],"boss_relics":[{"not_picked":["The Specimen","Runic Dome"],"picked":"Cursed Key"},{"not_picked":["Question Card","Runic Pyramid"],"picked":"Lizard Tail"}],"potions_floor_spawned":[2,4,8,16,22,30,31,33,36,37,41,44],"seed_played":"-5866523525083390548","killed_by":"Awakened One","ascension_level":0,"is_trial":false}