{"gold_per_floor":[116,168,168,115,129,129,161,161,161,161,29,40,60,73,73,152,152,172,191,271,84,84,84,84,95,118,133,133,143,158,168,168,168],"floor_reached":33,"playtime":1067,"items_purged":["Strike_R"],"score":461,"play_id":"9b971d71-a808-452e-bd49-4e0dbfbd905c","local_time":"20181009155017","is_ascension_mode":true,"campfire_choices":[{"data":"Bash","floor":6,"key":"SMITH"},{"data":"Clothesline","floor":8,"key":"SMITH"},{"floor":10,"key":"REST"},{"data":"Uppercut","floor":15,"key":"SMITH"},{"floor":23,"key":"REST"},{"floor":28,"key":"REST"},{"floor":32,"key":"REST"}],"neow_cost":"NONE","seed_source_timestamp":20740341244853,"circlet_count":0,"master_deck":["Strike_R","Strike_R+1","Defend_R","Defend_R","Defend_R","Defend_R+1","Bash+1","AscendersBane","Clothesline+1","Dropkick","Uppercut+1","Inflame","Flame Barrier","Shrug It Off","Double Tap","Heavy Blade","Sword Boomerang","Dropkick","Shrug It Off","Necronomicurse","Shrug It Off","Whirlwind","Pummel","True Grit","Twin Strike"],"relics":["Burning Blood","Smiling Mask","Pantograph","Mark of Pain","Letter Opener","Necronomicon","Blood Vial"],"potions_floor_usage":[7,25,33],"damage_taken":[{"damage":7,"enemies":"Cultist","floor":1,"turns":4},{"damage":1,"enemies":"Small Slimes","floor":5,"turns":5},{"damage":28,"enemies":"Gremlin Nob","floor":7,"turns":4},{"damage":0,"enemies":"Jaw Worm","floor":12,"turns":3},{"damage":2,"enemies":"2 Fungi Beasts","floor":13,"turns":4},{"damage":6,"enemies":"Looter","floor":14,"turns":3},{"damage":33,"enemies":"The Guardian","floor":16,"turns":11},{"damage":0,"enemies":"Chosen","floor":18,"turns":3},{"damage":22,"enemies":"3 Byrds","floor":19,"turns":5},{"damage":16,"enemies":"Sentry and Sphere","floor":25,"turns":4},{"damage":30,"enemies":"3 Cultists","floor":27,"turns":5},{"damage":21,"enemies":"Cultist and Chosen","floor":29,"turns":7},{"damage":12,"enemies":"Centurion and Healer","floor":30,"turns":5},{"damage":12,"enemies":"Snake Plant","floor":31,"turns":3},{"damage":80,"enemies":"Automaton","floor":33,"turns":10}],"seed_played":"5025836831751026283","potions_obtained":[{"floor":5,"key":"BloodPotion"},{"floor":12,"key":"SteroidPotion"},{"floor":14,"key":"Swift Potion"},{"floor":27,"key":"FearPotion"},{"floor":31,"key":"Dexterity Potion"}],"is_trial":false,"path_per_floor":["M","?","?","?","M","R","E","R","T","R","$","M","M","M","R","B",null,"M","M","T","$","?","R","?","M","T","M","R","M","M","M","R"],"character_chosen":"IRONCLAD","items_purchased":["Uppercut","Inflame","Dropkick","Shrug It Off"],"campfire_rested":4,"item_purchase_floors":[11,11,21,21],"current_hp_per_floor":[67,67,44,44,49,49,34,34,34,56,56,62,66,66,66,48,68,74,58,58,58,37,59,59,49,49,27,49,36,32,28,50,0],"gold":168,"neow_bonus":"REMOVE_CARD","is_prod":false,"is_daily":false,"chose_seed":false,"campfire_upgraded":3,"win_rate":0,"timestamp":1539093017,"path_taken":["M","?","?","?","?","R","E","R","T","R","$","M","M","M","R","BOSS","M","M","?","$","?","R","?","M","T","M","R","?","M","M","R","BOSS"],"build_version":"2018-10-04v2","purchased_purges":1,"victory":false,"max_hp_per_floor":[75,75,75,75,75,75,75,75,75,75,75,75,75,75,75,75,75,75,75,75,75,75,75,75,75,75,75,75,75,75,75,75,75],"card_choices":[{"not_picked":["Shrug It Off","Havoc"],"picked":"Clothesline","floor":1},{"not_picked":["Headbutt","Armaments"],"picked":"Dropkick","floor":5},{"not_picked":["Iron Wave","Sever Soul","Searing Blow"],"picked":"SKIP","floor":7},{"not_picked":["Flex","Warcry","Iron Wave"],"picked":"SKIP","floor":12},{"not_picked":["True Grit","Armaments"],"picked":"Flame Barrier","floor":13},{"not_picked":["Wild Strike","Cleave"],"picked":"Shrug It Off","floor":14},{"not_picked":["Fiend Fire","Impervious"],"picked":"Double Tap","floor":16},{"not_picked":["Feel No Pain","Anger"],"picked":"Heavy Blade","floor":18},{"not_picked":["Havoc","Twin Strike"],"picked":"Sword Boomerang","floor":19},{"not_picked":["Pommel Strike","Sentinel"],"picked":"Shrug It Off","floor":25},{"not_picked":["Sword Boomerang","Sever Soul+1"],"picked":"Whirlwind","floor":27},{"not_picked":["Sever Soul","Armaments"],"picked":"Pummel","floor":29},{"not_picked":["Body Slam","Hemokinesis"],"picked":"True Grit","floor":30},{"not_picked":["Armaments","Hemokinesis"],"picked":"Twin Strike","floor":31}],"player_experience":929289,"relics_obtained":[{"floor":7,"key":"Smiling Mask"},{"floor":9,"key":"Pantograph"},{"floor":20,"key":"Letter Opener"},{"floor":22,"key":"Necronomicon"},{"floor":26,"key":"Blood Vial"}],"event_choices":[{"event_name":"Golden Wing","player_choice":"Gained Gold","floor":2,"damage_taken":0},{"event_name":"Shining Light","player_choice":"Entered Light","floor":3,"damage_taken":0},{"event_name":"World of Goop","player_choice":"Left","floor":4,"damage_taken":0},{"event_name":"Cursed Tome","player_choice":"Obtained Book","floor":22,"damage_taken":0},{"event_name":"Purifier","player_choice":"One Purge","floor":24,"damage_taken":0}],"is_beta":false,"boss_relics":[{"not_picked":["Velvet Choker","Eternal Feather"],"picked":"Mark of Pain"}],"items_purged_floors":[21],"is_endless":false,"potions_floor_spawned":[5,12,14,16,27,30,31],"killed_by":"Automaton","ascension_level":17}