{"gold_per_floor":[118,57,33,33,33,33,48,48,48,107,107,107,126,141,141,243,243,261,261,31,31,31,31,49,49,49,69,89,89,89,89],"floor_reached":31,"playtime":1131,"items_purged":[],"score":223,"play_id":"f85dad0e-f327-4d93-b184-1b58849ed6a6","local_time":"20181021183816","is_ascension_mode":false,"campfire_choices":[{"data":"Coolheaded","floor":6,"key":"SMITH"},{"data":"Coolheaded","floor":11,"key":"SMITH"},{"data":"Buffer","floor":15,"key":"SMITH"},{"data":"RitualDagger","floor":23,"key":"SMITH"},{"data":"Electrodynamics","floor":25,"key":"SMITH"}],"neow_cost":"NONE","seed_source_timestamp":867331021198567,"circlet_count":0,"master_deck":["Strike_B","Strike_B","Defend_B","Defend_B","Defend_B","Defend_B","Zap","Dualcast","Ball Lightning","Coolheaded+1","Lockon","Coolheaded+1","Sunder","Genetic Algorithm+1","Buffer+1","Electrodynamics+1","Static Discharge","Buffer+1","Defragment","RitualDagger+1","Redo+1","Spot Weakness+1","Backflip+1","Blade Dance+1"],"relics":["Cracked Core","NeowsBlessing","Cables","Regal Pillow","Unceasing Top","Toxic Egg 2","Inserter","PrismaticShard","Bottled Tornado","MutagenicStrength"],"potions_floor_usage":[14,16,28,30],"damage_taken":[{"damage":0,"enemies":"2 Louse","floor":1,"turns":1},{"damage":0,"enemies":"Cultist","floor":7,"turns":1},{"damage":0,"enemies":"Lagavulin Event","floor":10,"turns":1},{"damage":0,"enemies":"Small Slimes","floor":13,"turns":2},{"damage":6,"enemies":"Blue Slaver","floor":14,"turns":3},{"damage":26,"enemies":"Slime Boss","floor":16,"turns":11},{"damage":3,"enemies":"Chosen","floor":18,"turns":4},{"damage":12,"enemies":"Shell Parasite","floor":24,"turns":6},{"damage":8,"enemies":"Snecko","floor":27,"turns":4},{"damage":28,"enemies":"Snake Plant","floor":28,"turns":4},{"damage":0,"enemies":"Centurion and Healer","floor":30,"turns":1},{"damage":20,"enemies":"Cultist and Chosen","floor":31,"turns":4}],"seed_played":"-5705229480666634890","potions_obtained":[{"floor":10,"key":"PowerPotion"},{"floor":13,"key":"Explosive Potion"},{"floor":14,"key":"SmokeBomb"},{"floor":18,"key":"Ancient Potion"},{"floor":27,"key":"LiquidBronze"}],"is_trial":false,"path_per_floor":["M","?","$","?","?","R","M","$","T","?","R","?","M","M","R","B",null,"M","?","$","?","?","R","M","R","T","M","M","?","M"],"character_chosen":"DEFECT","items_purchased":["Coolheaded","PrismaticShard","Defragment"],"campfire_rested":0,"item_purchase_floors":[3,20,20],"current_hp_per_floor":[75,75,75,75,68,68,68,68,68,68,68,61,61,55,55,29,75,72,72,72,66,66,66,54,54,54,46,18,18,18,0],"gold":89,"neow_bonus":"THREE_ENEMY_KILL","is_prod":false,"is_daily":false,"chose_seed":false,"campfire_upgraded":5,"win_rate":0.0,"timestamp":1540100296,"path_taken":["M","?","$","?","?","R","?","$","T","?","R","?","M","M","R","BOSS","M","?","$","?","?","R","M","R","T","M","M","?","?","M"],"build_version":"2018-10-18","purchased_purges":0,"victory":false,"max_hp_per_floor":[75,75,75,75,75,75,75,75,75,75,75,75,75,75,75,75,75,75,75,75,75,75,75,75,75,75,75,75,75,75,75],"card_choices":[{"not_picked":["Streamline","Leap"],"picked":"Ball Lightning","floor":1},{"not_picked":["Leap","Rip and Tear"],"picked":"Coolheaded","floor":7},{"not_picked":["Sweeping Beam","Redo"],"picked":"Sunder","floor":10},{"not_picked":["Streamline","Sweeping Beam"],"picked":"Genetic Algorithm+1","floor":13},{"not_picked":["Hologram+1","Storm"],"picked":"Buffer","floor":14},{"not_picked":["Amplify+1","All For One"],"picked":"Electrodynamics","floor":16},{"not_picked":["Compile Driver","Loop"],"picked":"Static Discharge","floor":18},{"not_picked":["Perfected Strike","Stack+1"],"picked":"Spot Weakness+1","floor":24},{"not_picked":["Prepared+1","Blind+1"],"picked":"Backflip+1","floor":27},{"not_picked":["Acrobatics+1","Cleave+1"],"picked":"Blade Dance+1","floor":28}],"player_experience":175978,"relics_obtained":[{"floor":9,"key":"Unceasing Top"},{"floor":10,"key":"Toxic Egg 2"},{"floor":26,"key":"Bottled Tornado"}],"event_choices":[{"damage_healed":0,"gold_gain":0,"player_choice":"Paid Gold","damage_taken":0,"relics_obtained":["Cables"],"max_hp_gain":0,"max_hp_loss":0,"event_name":"WeMeetAgain","floor":2,"gold_loss":61},{"damage_healed":0,"gold_gain":0,"cards_transformed":["Strike_B"],"player_choice":"Change","damage_taken":0,"max_hp_gain":0,"max_hp_loss":0,"event_name":"Living Wall","floor":4,"gold_loss":0,"cards_obtained":["Lockon"]},{"damage_healed":0,"gold_gain":0,"player_choice":"Success","damage_taken":7,"relics_obtained":["Regal Pillow"],"max_hp_gain":0,"max_hp_loss":0,"event_name":"Scrap Ooze","floor":5,"gold_loss":0},{"damage_healed":0,"gold_gain":0,"player_choice":"Searched \u00271\u0027 times","damage_taken":0,"max_hp_gain":0,"max_hp_loss":0,"event_name":"Dead Adventurer","floor":10,"gold_loss":0},{"cards_removed":["Strike_B"],"damage_healed":0,"gold_gain":0,"player_choice":"Card Removal","damage_taken":7,"max_hp_gain":0,"max_hp_loss":0,"event_name":"Golden Wing","floor":12,"gold_loss":0},{"damage_healed":0,"gold_gain":0,"player_choice":"Copied","damage_taken":0,"max_hp_gain":0,"max_hp_loss":0,"event_name":"Duplicator","floor":19,"gold_loss":0,"cards_obtained":["Buffer"]},{"damage_healed":0,"gold_gain":0,"player_choice":"Joined the Cult","damage_taken":6,"max_hp_gain":0,"max_hp_loss":0,"event_name":"Nest","floor":21,"gold_loss":0,"cards_obtained":["RitualDagger"]},{"damage_healed":0,"gold_gain":0,"player_choice":"Read","damage_taken":0,"max_hp_gain":0,"max_hp_loss":0,"event_name":"The Library","floor":22,"gold_loss":0,"cards_obtained":["Redo"]},{"damage_healed":0,"gold_gain":0,"player_choice":"Inject Mutagens","damage_taken":0,"relics_obtained":["MutagenicStrength"],"max_hp_gain":0,"max_hp_loss":0,"event_name":"Drug Dealer","floor":29,"gold_loss":0}],"is_beta":false,"boss_relics":[{"not_picked":["Runic Dome","Busted Crown"],"picked":"Inserter"}],"items_purged_floors":[],"is_endless":false,"potions_floor_spawned":[10,13,14,18,27,30],"killed_by":"Cultist and Chosen","ascension_level":0}