{"gold_per_floor":[109,129,144,36,48,62,95,115,115,45,123,123,123,134,134,134],"floor_reached":16,"playtime":946,"items_purged":["Strike_G"],"score":104,"play_id":"9640e5e1-185b-4b9c-a91d-1278ebff0415","local_time":"20181014172206","is_ascension_mode":false,"campfire_choices":[{"floor":15,"key":"REST"}],"neow_cost":"NONE","seed_source_timestamp":258123944783933,"circlet_count":0,"master_deck":["Defend_G","Defend_G","Defend_G","Defend_G","Defend_G","Strike_G","Strike_G","Strike_G","Survivor","Neutralize","Slice","Quick Slash","Sucker Punch","Choke","Caltrops","Heel Hook","Flechettes","PiercingWail","Blade Dance","Noxious Fumes+1","Quick Slash"],"relics":["Ring of the Snake","Frozen Egg 2","Nunchaku"],"potions_floor_usage":[7,8,14,14,16],"damage_taken":[{"damage":0,"enemies":"Cultist","floor":1,"turns":4},{"damage":0,"enemies":"2 Louse","floor":2,"turns":2},{"damage":0,"enemies":"Jaw Worm","floor":3,"turns":3},{"damage":18,"enemies":"Gremlin Gang","floor":5,"turns":5},{"damage":1,"enemies":"Exordium Wildlife","floor":6,"turns":3},{"damage":34,"enemies":"3 Sentries","floor":7,"turns":7},{"damage":3,"enemies":"Large Slime","floor":8,"turns":6},{"damage":0,"enemies":"Gremlin Gang","floor":14,"turns":5},{"damage":23,"enemies":"The Guardian","floor":16,"turns":5}],"seed_played":"-2415217331264265578","potions_obtained":[{"floor":2,"key":"GamblersBrew"},{"floor":5,"key":"Swift Potion"},{"floor":6,"key":"SkillPotion"},{"floor":7,"key":"SpeedPotion"},{"floor":12,"key":"EssenceOfSteel"}],"is_trial":false,"path_per_floor":["M","M","M","$","M","M","E","M","T","$","?","?","?","M","R"],"character_chosen":"THE_SILENT","items_purchased":["Caltrops","Noxious Fumes+1"],"campfire_rested":1,"item_purchase_floors":[4,10],"current_hp_per_floor":[70,70,70,70,52,51,17,14,14,14,14,14,14,14,35,12],"gold":134,"neow_bonus":"TRANSFORM_CARD","is_prod":false,"is_daily":false,"chose_seed":false,"campfire_upgraded":0,"win_rate":0.0,"timestamp":1539490926,"path_taken":["M","?","M","?","M","M","E","M","T","$","?","?","?","M","R","BOSS"],"build_version":"2018-10-11","purchased_purges":1,"victory":false,"max_hp_per_floor":[70,70,70,70,70,70,70,70,70,70,70,70,70,70,70,70],"card_choices":[{"not_picked":["Deadly Poison","Backflip"],"picked":"Quick Slash","floor":1},{"not_picked":["Dagger Spray","Predator"],"picked":"Sucker Punch","floor":2},{"not_picked":["Sucker Punch","Escape Plan"],"picked":"Choke","floor":3},{"not_picked":["Dodge and Roll","Flying Knee"],"picked":"Heel Hook","floor":5},{"not_picked":["Dagger Spray","Deadly Poison"],"picked":"Flechettes","floor":6},{"not_picked":["Adrenaline","Bane"],"picked":"PiercingWail","floor":7},{"not_picked":["Deflect","Blur"],"picked":"Blade Dance","floor":8},{"not_picked":["All Out Attack","Slice"],"picked":"Quick Slash","floor":14}],"player_experience":36376,"relics_obtained":[{"floor":7,"key":"Frozen Egg 2"},{"floor":9,"key":"Nunchaku"}],"event_choices":[{"event_name":"Golden Wing","player_choice":"Gained Gold","floor":11,"damage_taken":0},{"event_name":"The Lab","player_choice":"Got Potions","floor":12,"damage_taken":0},{"event_name":"Shining Light","player_choice":"Ignored","floor":13,"damage_taken":0}],"is_beta":false,"boss_relics":[],"items_purged_floors":[4],"is_endless":false,"potions_floor_spawned":[2,5,6,7],"killed_by":"The Guardian","ascension_level":0}