{"gold_per_floor":[111,127,147,4,4,4,14,27,50,50,125,125,125,5,5,108,108,128,128,111,123,123],"floor_reached":22,"playtime":1442,"items_purged":["Strike_G"],"score":176,"play_id":"b8786e77-14ad-43d6-ab7e-29efbfa827ae","local_time":"20181208161342","is_ascension_mode":false,"campfire_choices":[{"data":"Infinite Blades","floor":6,"key":"SMITH"},{"data":"Caltrops","floor":10,"key":"SMITH"},{"data":"Bouncing Flask","floor":12,"key":"SMITH"},{"data":"Neutralize","floor":15,"key":"SMITH"}],"neow_cost":"NONE","seed_source_timestamp":75776468965740,"circlet_count":0,"master_deck":["Defend_G","Defend_G","Defend_G+1","Defend_G","Defend_G+1","Strike_G","Strike_G","Strike_G","Strike_G","Survivor","Neutralize+1","Acrobatics","Bouncing Flask+1","Poisoned Stab","Infinite Blades+1","Blur","Caltrops+1","Accuracy","Finesse","Backflip","Night Terror","Dash+1","Poisoned Stab","Skewer+1"],"relics":["Eternal Feather","War Paint","White Beast Statue","FaceOfCleric"],"potions_floor_usage":[7,20,21,22],"damage_taken":[{"damage":2,"enemies":"Jaw Worm","floor":1,"turns":5},{"damage":0,"enemies":"Small Slimes","floor":2,"turns":5},{"damage":0,"enemies":"Cultist","floor":3,"turns":4},{"damage":22,"enemies":"Lots of Slimes","floor":7,"turns":5},{"damage":12,"enemies":"3 Louse","floor":8,"turns":5},{"damage":20,"enemies":"Hexaghost","floor":16,"turns":8},{"damage":16,"enemies":"Shell Parasite","floor":18,"turns":9},{"damage":16,"enemies":"2 Thieves","floor":20,"turns":4},{"damage":26,"enemies":"Centurion and Healer","floor":21,"turns":10},{"damage":16,"enemies":"Chosen and Byrds","floor":22,"turns":6}],"seed_played":"2542570139467960573","potions_obtained":[{"floor":3,"key":"Regen Potion"},{"floor":7,"key":"LiquidBronze"},{"floor":18,"key":"SpeedPotion"},{"floor":20,"key":"AttackPotion"},{"floor":21,"key":"GamblersBrew"}],"is_trial":false,"path_per_floor":["M","M","M","$","?","R","M","M","T","R","?","R","?","$","R","B",null,"M","?","M","M","M"],"character_chosen":"THE_SILENT","items_purchased":["Infinite Blades","Finesse","Backflip"],"campfire_rested":0,"item_purchase_floors":[4,14,14],"current_hp_per_floor":[68,68,68,68,68,70,60,48,48,57,46,55,55,55,67,47,70,54,54,39,14,0],"gold":123,"neow_bonus":"BOSS_RELIC","is_prod":false,"is_daily":false,"chose_seed":false,"campfire_upgraded":4,"win_rate":0.0,"timestamp":1544238822,"path_taken":["M","M","M","$","?","R","M","M","T","R","?","R","?","$","R","BOSS","M","?","M","?","M"],"build_version":"2018-12-06","purchased_purges":1,"victory":false,"max_hp_per_floor":[70,70,70,70,70,70,70,70,70,70,70,70,70,70,70,70,70,70,70,71,72,72],"card_choices":[{"not_picked":["Flying Knee","Sucker Punch"],"picked":"Acrobatics","floor":1},{"not_picked":["Caltrops","Slice"],"picked":"Bouncing Flask","floor":2},{"not_picked":["Outmaneuver","PiercingWail"],"picked":"Poisoned Stab","floor":3},{"not_picked":["Acrobatics","PiercingWail"],"picked":"Blur","floor":7},{"not_picked":["Skewer","Outmaneuver"],"picked":"Caltrops","floor":8},{"not_picked":["Grand Finale","Wraith Form v2"],"picked":"Night Terror","floor":16},{"not_picked":["Catalyst","Infinite Blades"],"picked":"Dash+1","floor":18},{"not_picked":["Flying Knee","Dagger Spray"],"picked":"Poisoned Stab","floor":20},{"not_picked":["Blade Dance","Flying Knee"],"picked":"Skewer+1","floor":21}],"player_experience":448192,"relics_obtained":[{"floor":9,"key":"War Paint"}],"event_choices":[{"damage_healed":0,"gold_gain":0,"player_choice":"Leave","damage_taken":0,"max_hp_gain":0,"max_hp_loss":0,"event_name":"The Cleric","floor":5,"gold_loss":0},{"damage_healed":0,"gold_gain":75,"player_choice":"Gather Gold","damage_taken":11,"max_hp_gain":0,"max_hp_loss":0,"event_name":"World of Goop","floor":11,"gold_loss":0},{"damage_healed":0,"gold_gain":0,"player_choice":"1 cards matched","damage_taken":0,"max_hp_gain":0,"max_hp_loss":0,"event_name":"Match and Keep!","floor":13,"gold_loss":0,"cards_obtained":["Accuracy"]},{"damage_healed":0,"gold_gain":0,"player_choice":"Trade","damage_taken":0,"relics_obtained":["FaceOfCleric"],"max_hp_gain":0,"max_hp_loss":0,"event_name":"FaceTrader","floor":19,"gold_loss":0}],"is_beta":false,"boss_relics":[{"not_picked":["HoveringKite","Runic Dome"],"picked":"White Beast Statue"}],"items_purged_floors":[4],"is_endless":false,"potions_floor_spawned":[3,7,18,20,21],"killed_by":"Chosen and Byrds","ascension_level":0}