{"gold_per_floor":[218,233,233,233,233,233,249,249,249,324,355,368,368,41,41,134,134,155,70,95,95,118,118,118],"floor_reached":24,"playtime":772,"items_purged":["Strike_B"],"score":340,"play_id":"396d83f7-cf99-48b8-8f1a-fa2dc0d9eabd","local_time":"20190131113740","is_ascension_mode":true,"campfire_choices":[{"data":"Zap","floor":6.0,"key":"SMITH"},{"data":"Rebound","floor":8.0,"key":"SMITH"},{"data":"Gash","floor":13.0,"key":"SMITH"},{"data":"Go for the Eyes","floor":15,"key":"SMITH"},{"floor":23,"key":"REST"}],"neow_cost":"NONE","seed_source_timestamp":6132385200192,"circlet_count":0,"master_deck":["AscendersBane","Strike_B","Strike_B","Strike_B","Defend_B","Defend_B+1","Defend_B","Defend_B+1","Zap+1","Dualcast","Cold Snap","Rebound+1","Gash+1","Reinforced Body","FTL","Go for the Eyes+1","Electrodynamics","Gash+1","Fusion+1","Gash+1"],"special_seed":0,"relics":["Cracked Core","Golden Idol","Shuriken","Matryoshka","Meat on the Bone","Happy Flower","Nuclear Battery","Symbiotic Virus"],"potions_floor_usage":[16,18],"damage_taken":[{"damage":1.0,"enemies":"Cultist","floor":1.0,"turns":3.0},{"damage":6.0,"enemies":"Small Slimes","floor":2.0,"turns":4.0},{"damage":3.0,"enemies":"Jaw Worm","floor":7.0,"turns":4.0},{"damage":23.0,"enemies":"Lagavulin","floor":11.0,"turns":5.0},{"damage":0.0,"enemies":"3 Louse","floor":12.0,"turns":4.0},{"damage":13,"enemies":"Hexaghost","floor":16,"turns":10},{"damage":4,"enemies":"3 Byrds","floor":18,"turns":4},{"damage":12,"enemies":"2 Thieves","floor":20,"turns":3},{"damage":16,"enemies":"Shelled Parasite and Fungi","floor":22,"turns":5},{"damage":60,"enemies":"Book of Stabbing","floor":24,"turns":5}],"seed_played":"4910785563597970237","potions_obtained":[{"floor":2.0,"key":"SpeedPotion"},{"floor":11.0,"key":"Ancient Potion"},{"floor":12.0,"key":"Explosive Potion"}],"is_trial":false,"path_per_floor":["M","M","?","?","T","R","M","R","T","?","E","M","R","$","R","B",null,"M","?","M","?","M","R","E"],"character_chosen":"DEFECT","items_purchased":["Go for the Eyes","Happy Flower","Regen Potion"],"campfire_rested":1,"item_purchase_floors":[14,14,14],"current_hp_per_floor":[63,57,57,38,38,38,35,35,35,24,1,13,13,13,13,27,55,51,51,39,39,35,54,0],"gold":118,"neow_bonus":"HUNDRED_GOLD","is_prod":false,"is_daily":false,"chose_seed":false,"campfire_upgraded":4,"win_rate":0,"timestamp":1548931060,"path_taken":["M","?","?","?","?","R","M","R","T","?","E","M","R","$","R","BOSS","M","?","M","?","M","R","E"],"build_version":"2019-01-23","purchased_purges":1,"victory":false,"max_hp_per_floor":[71,71,64,64,64,64,64,64,64,64,64,64,64,64,64,64,64,64,64,64,64,64,64,64],"card_choices":[{"not_picked":["Streamline","BootSequence"],"picked":"Cold Snap","floor":1.0},{"not_picked":["Steam","Double Energy"],"picked":"Rebound","floor":2.0},{"not_picked":["Coolheaded","Redo"],"picked":"Gash","floor":7.0},{"not_picked":["Storm","Coolheaded"],"picked":"Reinforced Body","floor":11.0},{"not_picked":["Leap","Storm"],"picked":"FTL","floor":12.0},{"not_picked":["Seek","Buffer"],"picked":"Electrodynamics","floor":16},{"not_picked":["Beam Cell","Leap"],"picked":"Gash+1","floor":18},{"not_picked":["Redo","Chaos"],"picked":"Fusion+1","floor":20},{"not_picked":["Rebound","Go for the Eyes","Turbo"],"picked":"SKIP","floor":22}],"player_experience":1153040,"relics_obtained":[{"floor":5.0,"key":"Shuriken"},{"floor":9.0,"key":"Matryoshka"},{"floor":11.0,"key":"Meat on the Bone"}],"event_choices":[{"damage_healed":0.0,"max_hp_gain":0.0,"max_hp_loss":7.0,"gold_gain":0.0,"event_name":"Golden Idol","player_choice":"Lose Max HP","floor":3.0,"gold_loss":0.0,"damage_taken":0.0,"relics_obtained":["Golden Idol"]},{"damage_healed":0.0,"max_hp_gain":0.0,"max_hp_loss":0.0,"gold_gain":0.0,"event_name":"Shining Light","player_choice":"Entered Light","floor":4.0,"gold_loss":0.0,"damage_taken":19.0,"cards_upgraded":["Defend_B","Defend_B"]},{"damage_healed":0.0,"max_hp_gain":0.0,"max_hp_loss":0.0,"gold_gain":75.0,"event_name":"World of Goop","player_choice":"Gather Gold","floor":10.0,"gold_loss":0.0,"damage_taken":11.0},{"damage_healed":0,"gold_gain":0,"player_choice":"Obtained Relic","damage_taken":0,"relics_obtained":["Symbiotic Virus"],"max_hp_gain":0,"max_hp_loss":0,"event_name":"Addict","floor":19,"gold_loss":85},{"damage_healed":0,"gold_gain":0,"player_choice":"Copied","damage_taken":0,"max_hp_gain":0,"max_hp_loss":0,"event_name":"Duplicator","floor":21,"gold_loss":0,"cards_obtained":["Gash"]}],"is_beta":false,"boss_relics":[{"not_picked":["Inserter","Snecko Eye"],"picked":"Nuclear Battery"}],"items_purged_floors":[14],"is_endless":false,"potions_floor_spawned":[2,11,12],"killed_by":"Book of Stabbing","ascension_level":15}