{"gold_per_floor":[109,120,120,45,45,71,83,126,165,197,223,245,274,306,318,428,440,464,491,162,162,182,182,182],"floor_reached":24,"playtime":1515,"items_purged":["Strike_B","Strike_B"],"score":210,"play_id":"d9ff03e1-051d-4372-af60-137f1d385dc4","local_time":"20190201190525","is_ascension_mode":false,"campfire_choices":[{"data":"Self Repair","floor":7,"key":"SMITH"},{"data":"Fusion","floor":15,"key":"SMITH"},{"floor":23,"key":"REST"}],"neow_cost":"NONE","seed_source_timestamp":5328373948862,"circlet_count":0,"master_deck":["Strike_B","Strike_B","Defend_B","Defend_B","Defend_B","Defend_B","Zap+1","Dualcast+1","Self Repair+1","Storm+1","Hologram","Glacier","Fusion+1","Cold Snap","Capacitor","Core Surge","Streamline","Machine Learning","Coolheaded","Stack","RitualDagger","Auto Shields+1"],"relics":["Cracked Core","Ancient Tea Set","MawBank","Pocketwatch","War Paint","Velvet Choker","Toxic Egg 2"],"potions_floor_usage":[6,8],"damage_taken":[{"damage":6,"enemies":"Jaw Worm","floor":1,"turns":4},{"damage":0,"enemies":"Cultist","floor":2,"turns":4},{"damage":8,"enemies":"Gremlin Nob","floor":6,"turns":3},{"damage":34,"enemies":"Lagavulin","floor":8,"turns":6},{"damage":0,"enemies":"2 Louse","floor":10,"turns":3},{"damage":0,"enemies":"Exordium Thugs","floor":11,"turns":5},{"damage":16,"enemies":"Lots of Slimes","floor":12,"turns":5},{"damage":0,"enemies":"Large Slime","floor":13,"turns":5},{"damage":2,"enemies":"2 Fungi Beasts","floor":14,"turns":3},{"damage":24,"enemies":"Slime Boss","floor":16,"turns":9},{"damage":3,"enemies":"Shell Parasite","floor":18,"turns":5},{"damage":35,"enemies":"2 Thieves","floor":19,"turns":4},{"damage":30,"enemies":"Snake Plant","floor":22,"turns":4},{"damage":48,"enemies":"Book of Stabbing","floor":24,"turns":10}],"seed_played":"-4460591002799648910","potions_obtained":[{"floor":2,"key":"FearPotion"},{"floor":3,"key":"PowerPotion"},{"floor":3,"key":"Poison Potion"},{"floor":8,"key":"Energy Potion"},{"floor":12,"key":"FearPotion"},{"floor":13,"key":"Ancient Potion"}],"is_trial":false,"path_per_floor":["M","M","?","$","?","E","R","E","T","M","M","M","M","M","R","B",null,"M","M","$","?","M","R","E"],"character_chosen":"DEFECT","items_purchased":["Toxic Egg 2"],"campfire_rested":1,"item_purchase_floors":[20],"current_hp_per_floor":[69,75,75,75,75,74,74,50,50,60,70,64,74,75,75,61,75,75,50,50,44,24,46,0],"gold":182,"neow_bonus":"RANDOM_COMMON_RELIC","is_prod":false,"is_daily":false,"chose_seed":false,"campfire_upgraded":2,"win_rate":0,"timestamp":1549069525,"path_taken":["M","M","?","?","?","E","R","E","T","M","M","M","M","?","R","BOSS","M","?","$","?","M","R","E"],"build_version":"2019-01-23","purchased_purges":2,"victory":false,"max_hp_per_floor":[75,75,75,75,75,75,75,75,75,75,75,75,75,75,75,75,75,75,75,75,75,75,75,75],"card_choices":[{"not_picked":["Ball Lightning","Undo"],"picked":"Self Repair","floor":1},{"not_picked":["Gash","Go for the Eyes"],"picked":"Storm","floor":2},{"not_picked":["Compile Driver","Force Field"],"picked":"Hologram","floor":6},{"not_picked":["Compile Driver","White Noise"],"picked":"Glacier","floor":8},{"not_picked":["Compile Driver","Hologram"],"picked":"Fusion","floor":10},{"not_picked":["Darkness","Leap"],"picked":"Cold Snap","floor":11},{"not_picked":["Compile Driver","Reinforced Body"],"picked":"Capacitor","floor":12},{"not_picked":["Tempest","Streamline"],"picked":"Core Surge","floor":13},{"not_picked":["Beam Cell","Steam"],"picked":"Streamline","floor":14},{"not_picked":["All For One","Echo Form"],"picked":"Machine Learning","floor":16},{"not_picked":["Leap","Rebound"],"picked":"Coolheaded","floor":18},{"not_picked":["Glacier","Turbo"],"picked":"Stack","floor":19},{"not_picked":["Barrage","Coolheaded+1"],"picked":"Auto Shields+1","floor":22}],"player_experience":70757,"relics_obtained":[{"floor":6,"key":"MawBank"},{"floor":8,"key":"Pocketwatch"},{"floor":9,"key":"War Paint"}],"event_choices":[{"damage_healed":0,"gold_gain":0,"player_choice":"Got Potions","damage_taken":0,"max_hp_gain":0,"max_hp_loss":0,"event_name":"Lab","floor":3,"gold_loss":0},{"damage_healed":0,"gold_gain":0,"player_choice":"Upgraded","damage_taken":0,"max_hp_gain":0,"max_hp_loss":0,"event_name":"Upgrade Shrine","floor":5,"gold_loss":0,"cards_upgraded":["Storm"]},{"damage_healed":0,"gold_gain":0,"player_choice":"Joined the Cult","damage_taken":6,"max_hp_gain":0,"max_hp_loss":0,"event_name":"Nest","floor":21,"gold_loss":0,"cards_obtained":["RitualDagger"]}],"is_beta":false,"boss_relics":[{"not_picked":["Runic Dome","Empty Cage"],"picked":"Velvet Choker"}],"items_purged_floors":[4,20],"is_endless":false,"potions_floor_spawned":[2,8,12,13,18],"killed_by":"Book of Stabbing","ascension_level":0}