{"path_per_floor":["M","?","M","M","?","R","E","$","T","R","E","M","E","M","R","B",null,"M","M","$","M","?","E","R","$","T","M","?","R","M","M","R","B",null,"M","?","?","M","M","R","E","R","T","E","R","M","R","$","R","B"],"character_chosen":"THE_SILENT","items_purchased":["Footwork","Backstab","Mind Blast","Dramatic Entrance","Dash","Dramatic Entrance","Escape Plan"],"gold_per_floor":[117,117,128,140,105,105,136,20,20,20,53,70,100,115,115,210,210,222,235,69,81,81,113,113,10,34,49,49,49,59,75,75,172,172,185,185,240,259,275,275,300,300,300,326,326,343,343,25,25,25],"floor_reached":51,"campfire_rested":2,"playtime":5036,"current_hp_per_floor":[70,56,56,56,70,70,64,64,64,64,63,63,71,71,71,71,84,84,83,83,67,67,61,61,61,61,54,54,54,54,54,54,23,84,67,67,60,59,49,49,29,29,29,12,52,52,52,52,84,23],"items_purged":["Riddle With Holes","Glass Knife"],"gold":25,"score":919,"play_id":"27f9cc33-cd8e-4365-a7c9-74618d110b11","local_time":"20180408225715","is_prod":false,"is_daily":false,"is_ascension_mode":true,"campfire_upgraded":9,"timestamp":1523221035,"path_taken":["M","?","M","M","?","R","E","$","T","R","E","M","E","?","R","BOSS","M","M","$","M","?","E","R","?","T","M","?","R","M","?","R","BOSS","M","?","?","M","M","R","E","R","T","E","R","M","R","?","R","BOSS"],"build_version":"2018-04-05v2","purchased_purges":4,"victory":true,"master_deck":["Survivor","Neutralize+1","All Out Attack","Flying Knee","Glass Knife+1","Footwork+1","Backstab","Leg Sweep","Infinite Blades","Acrobatics+1","Die Die Die","Bane","Leg Sweep","Quick Slash","Noxious Fumes+1","Cloak And Dagger","Deflect","Slice","Deadly Poison+1","Calculated Gamble+1","Dagger Spray+1","Mind Blast+1","Bane+1","Cloak And Dagger+1","Dramatic Entrance","Tactician+1","Doppelganger+1","Burst","Noxious Fumes+1","Flying Knee+1","Deflect+1","A Thousand Cuts+1","Underhanded Strike+1","Dash","Dramatic Entrance","Escape Plan"],"max_hp_per_floor":[70,70,70,70,70,70,70,70,70,70,70,70,84,84,84,84,84,84,84,84,84,84,84,84,84,84,84,84,84,84,84,84,84,84,84,84,84,84,84,84,84,84,84,84,84,84,84,84,84,84],"relics":["Ring of the Snake","Bronze Scales","Torii","Dead Branch","Mercury Hourglass","Mango","Pandora\u0027s Box","Bag of Marbles","War Paint","Lizard Tail","The Specimen","Blue Candle","Sundial","Regal Pillow"],"card_choices":[{"not_picked":["Setup","Underhanded Strike"],"picked":"All Out Attack","floor":1.0},{"not_picked":["Deflect","Calculated Gamble"],"picked":"Flying Knee","floor":3.0},{"not_picked":["Masterful Stab","Bane"],"picked":"Dagger Spray","floor":4.0},{"not_picked":["All Out Attack","Bane"],"picked":"Glass Knife","floor":7.0},{"not_picked":["Catalyst","Sucker Punch"],"picked":"Glass Knife","floor":11.0},{"not_picked":["Dagger Spray","Dash"],"picked":"Leg Sweep","floor":12.0},{"not_picked":["Deflect","Poisoned Stab"],"picked":"Infinite Blades","floor":13.0},{"not_picked":["Outmaneuver","Dagger Throw"],"picked":"Acrobatics","floor":14.0},{"not_picked":["Burst","Tools of the Trade"],"picked":"Die Die Die","floor":16.0},{"not_picked":["Cloak And Dagger","Acrobatics"],"picked":"Dagger Spray","floor":19.0},{"not_picked":["Underhanded Strike","Cloak And Dagger"],"picked":"Bane","floor":21.0},{"not_picked":["Backflip","Deadly Poison"],"picked":"Cloak And Dagger","floor":23.0},{"not_picked":["Deflect","Dagger Spray"],"picked":"Tactician","floor":27.0},{"not_picked":["Bane","PiercingWail"],"picked":"Doppelganger","floor":31.0},{"not_picked":["Grand Finale","Corpse Explosion"],"picked":"Burst","floor":33.0},{"not_picked":["Slice","Prepared"],"picked":"Flying Knee","floor":37.0},{"not_picked":["Quick Slash","Poisoned Stab"],"picked":"Deflect","floor":38.0},{"not_picked":["Leg Sweep","Blur"],"picked":"A Thousand Cuts","floor":41.0},{"not_picked":["Dash","Dagger Spray"],"picked":"Underhanded Strike","floor":44.0}],"player_experience":483860,"potions_floor_usage":[],"damage_taken":[{"damage":0.0,"enemies":"2 Louse","floor":1.0,"turns":4.0},{"damage":0.0,"enemies":"Jaw Worm","floor":3.0,"turns":4.0},{"damage":0.0,"enemies":"Small Slimes","floor":4.0,"turns":3.0},{"damage":6.0,"enemies":"3 Sentries","floor":7.0,"turns":6.0},{"damage":1.0,"enemies":"Gremlin Nob","floor":11.0,"turns":3.0},{"damage":0.0,"enemies":"2 Fungi Beasts","floor":12.0,"turns":1.0},{"damage":6.0,"enemies":"Lagavulin","floor":13.0,"turns":5.0},{"damage":0.0,"enemies":"3 Louse","floor":14.0,"turns":1.0},{"damage":0.0,"enemies":"Slime Boss","floor":16.0,"turns":6.0},{"damage":0.0,"enemies":"Spheric Guardian","floor":18.0,"turns":2.0},{"damage":1.0,"enemies":"Shell Parasite","floor":19.0,"turns":2.0},{"damage":16.0,"enemies":"Centurion and Healer","floor":21.0,"turns":3.0},{"damage":6.0,"enemies":"Slavers","floor":23.0,"turns":3.0},{"damage":7.0,"enemies":"Snake Plant","floor":27.0,"turns":2.0},{"damage":0.0,"enemies":"3 Cultists","floor":30.0,"turns":2.0},{"damage":0.0,"enemies":"Slaver and Parasite","floor":31.0,"turns":1.0},{"damage":31.0,"enemies":"Automaton","floor":33.0,"turns":9.0},{"damage":17.0,"enemies":"3 Shapes","floor":35.0,"turns":3.0},{"damage":7.0,"enemies":"Mysterious Sphere","floor":37.0,"turns":5.0},{"damage":1.0,"enemies":"Orb Walker","floor":38.0,"turns":2.0},{"damage":10.0,"enemies":"Sphere and 2 Shapes","floor":39.0,"turns":5.0},{"damage":32.0,"enemies":"Giant Head","floor":41.0,"turns":7.0},{"damage":17.0,"enemies":"2 Orb Walkers","floor":44.0,"turns":3.0},{"damage":0.0,"enemies":"4 Shapes","floor":46.0,"turns":4.0},{"damage":106,"enemies":"Awakened One","floor":50,"turns":14}],"event_choices":[{"event_name":"Shining Light","player_choice":"Entered Light","floor":2.0,"damage_taken":0.0},{"event_name":"The Cleric","player_choice":"Healed","floor":5.0,"damage_taken":0.0},{"event_name":"The Lab","player_choice":"Got Potions","floor":22.0,"damage_taken":0.0},{"event_name":"Back to Basics","player_choice":"Elegance","floor":28.0,"damage_taken":0.0},{"event_name":"Duplicator","player_choice":"One dupe","floor":36.0,"damage_taken":0.0},{"event_name":"Mysterious Sphere","player_choice":"Fight","floor":37.0,"damage_taken":0.0}],"boss_relics":[],"potions_floor_spawned":[1,11,12,16,21,23,33,35,38,41],"seed_played":"-6555127046338343847","ascension_level":4,"is_trial":false}