{"path_per_floor":["M","?","M","M","?","R","E","M","T","$","?","M","R","M","R","B",null,"M","?","?","$","M","E"],"character_chosen":"THE_SILENT","items_purchased":["Noxious Fumes","Orichalcum"],"gold_per_floor":[116,116,126,138,138,138,171,188,233,1,59,71,71,84,84,180,180,164,164,89,39,50,79],"floor_reached":24,"campfire_rested":3,"playtime":2440,"current_hp_per_floor":[70,70,70,70,56,70,64,57,57,57,33,28,49,49,70,42,70,60,60,60,60,55,10],"items_purged":["Doubt"],"gold":79,"score":216,"play_id":"ebce3222-75e1-49c4-861e-ecf4222ba7c4","local_time":"20180320142520","is_prod":false,"is_daily":false,"is_ascension_mode":false,"campfire_upgraded":0,"timestamp":1521552320,"path_taken":["M","?","M","?","?","R","E","M","T","?","?","M","R","M","R","BOSS","M","?","?","$","M","E","M"],"build_version":"2018-03-15v3","purchased_purges":1,"victory":false,"master_deck":["Defend_G","Defend_G","Defend_G","Defend_G","Defend_G+1","Strike_G","Strike_G","Strike_G","Strike_G","Strike_G","Survivor","Neutralize","Adrenaline","Slice","Quick Slash","Poisoned Stab+1","Sucker Punch","Deadly Poison","Noxious Fumes","Poisoned Stab","Flechettes","Poisoned Stab","Night Terror","Parasite","Flying Knee","Writhe","Flying Knee+1","PiercingWail"],"max_hp_per_floor":[70,70,70,70,70,70,70,70,70,70,70,70,70,70,70,70,70,70,70,67,67,67,67],"relics":["Ring of the Snake","Smiling Mask","Bronze Scales","Orichalcum","Happy Flower","Calling Bell","Blood Vial","Calipers","Lantern","Gremlin Horn","Omamori"],"card_choices":[{"not_picked":["Eviscerate","Skewer"],"picked":"Slice"},{"not_picked":["Accuracy","Heel Hook"],"picked":"Quick Slash"},{"not_picked":["Prepared","Grand Finale"],"picked":"Poisoned Stab"},{"not_picked":["Poisoned Stab","Reflex"],"picked":"Sucker Punch"},{"not_picked":["Deflect","Riddle With Holes"],"picked":"Deadly Poison"},{"not_picked":["Acrobatics","Outmaneuver"],"picked":"Poisoned Stab"},{"not_picked":["Underhanded Strike","Tools of the Trade"],"picked":"Flechettes"},{"not_picked":["Acrobatics","Quick Slash"],"picked":"Poisoned Stab"},{"not_picked":["Glass Knife","Tactician"],"picked":"Night Terror"},{"not_picked":["Setup","Bane"],"picked":"Flying Knee"},{"not_picked":["Acrobatics","Glass Knife"],"picked":"Flying Knee"},{"not_picked":["After Image","Acrobatics"],"picked":"PiercingWail"}],"player_experience":214201,"potions_floor_usage":[16,16,18],"damage_taken":[{"damage":0,"enemies":"2 Louse","floor":1,"turns":3},{"damage":0,"enemies":"Small Slimes","floor":3,"turns":5},{"damage":0,"enemies":"Jaw Worm","floor":4,"turns":4},{"damage":6,"enemies":"Gremlin Nob","floor":7,"turns":4},{"damage":7,"enemies":"Red Slaver","floor":8,"turns":4},{"damage":24,"enemies":"Lagavulin Event","floor":11,"turns":6},{"damage":5,"enemies":"2 Fungi Beasts","floor":12,"turns":3},{"damage":0,"enemies":"Exordium Wildlife","floor":14,"turns":2},{"damage":28,"enemies":"Hexaghost","floor":16,"turns":7},{"damage":10,"enemies":"2 Thieves","floor":18,"turns":4},{"damage":7,"enemies":"Shell Parasite","floor":22,"turns":5},{"damage":47,"enemies":"Gremlin Leader","floor":23,"turns":7},{"damage":18,"enemies":"3 Cultists","floor":24,"turns":4}],"event_choices":[{"event_name":"Golden Wing","player_choice":"Ignored","floor":2,"damage_taken":0},{"event_name":"Shining Light","player_choice":"Entered Light","floor":5,"damage_taken":0},{"event_name":"Dead Adventurer","player_choice":"Searched \u00271\u0027 times","floor":11,"damage_taken":0},{"event_name":"The Mausoleum","player_choice":"Yes","floor":19,"damage_taken":0},{"event_name":"Beggar","player_choice":"Gave Gold","floor":20,"damage_taken":0}],"boss_relics":[{"not_picked":["Cursed Key","Runic Pyramid"],"picked":"Calling Bell"}],"potions_floor_spawned":[3,4,8,11],"seed_played":"-8196614803788924650","killed_by":"3 Cultists","ascension_level":0,"is_trial":false}