{"gold_per_floor":[114,39,54,69,84,84,84,84,84,84,99,114,64,94,94,194,194,209,224,224,224,239,239,254,254,279,279],"floor_reached":27,"playtime":1419,"items_purged":["Defend_B"],"score":215,"play_id":"98404f3f-37db-4585-8241-5c3f75f99642","local_time":"20180719013435","daily_mods":["Heirloom","Uncertain Future","Binary"],"is_ascension_mode":false,"campfire_choices":[{"data":"Zap","floor":6,"key":"SMITH"},{"data":"Dualcast","floor":8,"key":"SMITH"},{"floor":15,"key":"REST"},{"data":"Electrodynamics","floor":23,"key":"SMITH"},{"data":"Self Repair","floor":25,"key":"SMITH"}],"neow_cost":"","seed_source_timestamp":0,"circlet_count":0,"master_deck":["Strike_B+1","Strike_B","Strike_B+1","Defend_B","Defend_B","Defend_B","Zap+1","Dualcast+1","Recycle","BootSequence","Self Repair+1","Reprogram","Redo","Electrodynamics+1","Loop","Sweeping Beam","Capacitor"],"special_seed":17730,"relics":["Cracked Core","Unceasing Top","Whetstone","Bronze Scales","Coffee Dripper","Anchor"],"potions_floor_usage":[16,16,16,27],"damage_taken":[{"damage":1,"enemies":"Small Slimes","floor":1,"turns":3},{"damage":10,"enemies":"2 Louse","floor":3,"turns":3},{"damage":5,"enemies":"Jaw Worm","floor":4,"turns":4},{"damage":12,"enemies":"Blue Slaver","floor":5,"turns":3},{"damage":0,"enemies":"Large Slime","floor":11,"turns":5},{"damage":5,"enemies":"3 Louse","floor":12,"turns":4},{"damage":36,"enemies":"3 Sentries","floor":14,"turns":8},{"damage":62,"enemies":"The Guardian","floor":16,"turns":10},{"damage":23,"enemies":"Shell Parasite","floor":18,"turns":4},{"damage":30,"enemies":"2 Thieves","floor":19,"turns":3},{"damage":17,"enemies":"Snake Plant","floor":22,"turns":4},{"damage":18,"enemies":"3 Cultists","floor":24,"turns":3},{"damage":17,"enemies":"Gremlin Leader","floor":27,"turns":2}],"seed_played":"-3893125077617489196","potions_obtained":[{"floor":1,"key":"Regen Potion"},{"floor":5,"key":"Poison Potion"},{"floor":12,"key":"SkillPotion"},{"floor":24,"key":"SpeedPotion"}],"is_trial":false,"path_per_floor":["M","$","M","M","M","R","?","R","T","?","M","M","?","E","R","B",null,"M","M","?","?","M","R","M","R","T"],"character_chosen":"DEFECT","items_purchased":[],"campfire_rested":1,"item_purchase_floors":[],"current_hp_per_floor":[74,74,64,59,47,47,47,47,47,65,65,67,67,38,59,19,72,56,33,33,33,23,23,12,12,12,0],"gold":279,"neow_bonus":"","is_prod":false,"is_daily":true,"chose_seed":false,"campfire_upgraded":4,"win_rate":0.0,"timestamp":1531956875,"path_taken":["M","$","M","M","M","R","?","R","T","?","M","M","?","E","R","BOSS","M","M","?","?","M","R","M","R","T","E"],"build_version":"2018-07-12","purchased_purges":1,"victory":false,"max_hp_per_floor":[75,75,75,75,75,75,75,75,75,75,75,75,72,72,72,72,72,72,72,72,72,72,72,72,72,72,72],"card_choices":[{"not_picked":["Darkness"],"picked":"Recycle","floor":1},{"not_picked":["Heatsinks","Gash"],"picked":"SKIP","floor":3},{"not_picked":["Gash"],"picked":"BootSequence","floor":4},{"not_picked":["Steam","Gash"],"picked":"SKIP","floor":5},{"not_picked":["Skim"],"picked":"Self Repair","floor":11},{"not_picked":["Double Energy"],"picked":"Reprogram","floor":12},{"not_picked":["Conserve Battery"],"picked":"Redo","floor":14},{"not_picked":["Thunder Strike"],"picked":"Electrodynamics","floor":16},{"not_picked":["Turbo+1"],"picked":"Loop","floor":18},{"not_picked":["Cold Snap"],"picked":"Sweeping Beam","floor":19},{"not_picked":["Compile Driver","Skim"],"picked":"SKIP","floor":22},{"not_picked":["Steam+1"],"picked":"Capacitor","floor":24}],"player_experience":216717,"relics_obtained":[{"floor":9,"key":"Whetstone"},{"floor":14,"key":"Bronze Scales"},{"floor":26,"key":"Anchor"}],"event_choices":[{"event_name":"Living Wall","player_choice":"Forget","floor":7,"damage_taken":0},{"event_name":"Mushrooms","player_choice":"Healed and dodged fight","floor":10,"damage_taken":0},{"event_name":"The Cleric","player_choice":"Card Removal","floor":13,"damage_taken":0},{"event_name":"Vampires","player_choice":"Ignored","floor":20,"damage_taken":0},{"event_name":"Cursed Tome","player_choice":"Ignored","floor":21,"damage_taken":0}],"boss_relics":[{"not_picked":["Runic Pyramid","Nuclear Battery"],"picked":"Coffee Dripper"}],"items_purged_floors":[2],"is_endless":false,"potions_floor_spawned":[1,5,12,24],"killed_by":"Gremlin Leader","ascension_level":0}