{"gold_per_floor":[111,111,111,44,44,75,75,93,118,152,170,180,180,193,193,270,270,289,1,11,61,16,16,42,42,95,115,133,159,159],"floor_reached":30,"playtime":718,"items_purged":[],"score":495,"play_id":"7f860b38-937e-415d-badc-2ea3366c17fb","local_time":"20180703160359","is_ascension_mode":true,"campfire_choices":[{"data":"Carnage","floor":7,"key":"SMITH"},{"data":"Bash","floor":13,"key":"SMITH"},{"data":"Clothesline","floor":15,"key":"SMITH"},{"data":"Immolate","floor":23,"key":"SMITH"},{"data":"Metallicize","floor":25,"key":"SMITH"}],"neow_cost":"NONE","seed_source_timestamp":66545417084454,"circlet_count":0,"master_deck":["Strike_R","Strike_R","Defend_R","Defend_R","Bash+1","AscendersBane","Thunderclap","Carnage+1","Dropkick+1","Armaments+1","Clothesline+1","Immolate+1","True Grit+1","Bludgeon+1","Clash+1","Metallicize+1","Headbutt+1","Shrug It Off+1","Impervious+1"],"relics":["Burning Blood","NeowsBlessing","Bag of Preparation","Anchor","Toxic Egg 2","Astrolabe","Bottled Lightning","Ancient Tea Set","Whetstone","Red Mask"],"potions_floor_usage":[10,16,30],"damage_taken":[{"damage":0,"enemies":"Small Slimes","floor":1,"turns":1},{"damage":0,"enemies":"3 Sentries","floor":6,"turns":1},{"damage":0,"enemies":"Cultist","floor":8,"turns":1},{"damage":18,"enemies":"Lagavulin","floor":10,"turns":4},{"damage":0,"enemies":"2 Louse","floor":11,"turns":3},{"damage":0,"enemies":"Looter","floor":12,"turns":1},{"damage":2,"enemies":"Exordium Wildlife","floor":14,"turns":3},{"damage":28,"enemies":"Slime Boss","floor":16,"turns":9},{"damage":2,"enemies":"Spheric Guardian","floor":18,"turns":3},{"damage":11,"enemies":"2 Thieves","floor":20,"turns":3},{"damage":28,"enemies":"Slavers","floor":24,"turns":4},{"damage":3,"enemies":"Snecko","floor":27,"turns":3},{"damage":9,"enemies":"Chosen and Byrds","floor":28,"turns":6},{"damage":28,"floor":29,"turns":6},{"damage":25,"enemies":"Gremlin Leader","floor":30,"turns":4}],"seed_played":"4470277426985511319","potions_obtained":[{"floor":1,"key":"SteroidPotion"},{"floor":2,"key":"Block Potion"},{"floor":14,"key":"EssenceOfSteel"},{"floor":16,"key":"Ancient Potion"},{"floor":27,"key":"SmokeBomb"}],"is_trial":false,"path_per_floor":["M","?","?","$","?","E","R","M","T","E","M","M","R","M","R","B",null,"M","$","M","?","$","R","E","R","T","M","M","?"],"character_chosen":"IRONCLAD","items_purchased":["Carnage","Metallicize","Bottled Lightning","Headbutt"],"campfire_rested":0,"item_purchase_floors":[4,19,19,22],"current_hp_per_floor":[74,74,67,67,67,73,73,75,75,63,69,75,75,75,75,53,70,74,74,69,69,69,69,47,47,47,50,47,25,0],"gold":159,"neow_bonus":"THREE_ENEMY_KILL","is_prod":false,"is_daily":false,"chose_seed":false,"campfire_upgraded":5,"win_rate":0,"timestamp":1530659039,"path_taken":["M","?","?","$","?","E","R","?","T","E","M","M","R","M","R","BOSS","M","$","M","?","?","R","E","R","T","M","M","?","E"],"build_version":"2018-07-02","purchased_purges":0,"victory":false,"max_hp_per_floor":[75,75,75,75,75,75,75,75,75,75,75,75,75,75,75,75,75,75,75,75,75,75,75,75,75,75,75,75,75,75],"card_choices":[{"not_picked":["Fire Breathing","Clash"],"picked":"Thunderclap","floor":1},{"not_picked":["Clash","Corruption"],"picked":"Dropkick","floor":8},{"not_picked":["Pommel Strike","Headbutt"],"picked":"Armaments","floor":10},{"not_picked":["Wild Strike","Thunderclap"],"picked":"Clothesline","floor":12},{"not_picked":["Dark Embrace","Berserk"],"picked":"Immolate","floor":16},{"not_picked":["Perfected Strike","True Grit+1"],"picked":"Shrug It Off+1","floor":27},{"not_picked":["Heavy Blade","Hemokinesis"],"picked":"Impervious+1","floor":28}],"player_experience":472575,"relics_obtained":[{"floor":6,"key":"Bag of Preparation"},{"floor":9,"key":"Anchor"},{"floor":10,"key":"Toxic Egg 2"},{"floor":24,"key":"Ancient Tea Set"},{"floor":26,"key":"Whetstone"},{"floor":29,"key":"Red Mask"}],"event_choices":[{"event_name":"The Lab","player_choice":"Got Potions","floor":2,"damage_taken":0},{"event_name":"Golden Wing","player_choice":"Card Removal","floor":3,"damage_taken":0},{"event_name":"Bonfire Elementals","player_choice":"BASIC","floor":5,"damage_taken":0},{"event_name":"Golden Shrine","player_choice":"Pray","floor":21,"damage_taken":0},{"event_name":"Masked Bandits","player_choice":"Fought over 133 gold","floor":29,"damage_taken":0}],"boss_relics":[{"not_picked":["Calling Bell","Orrery"],"picked":"Astrolabe"}],"items_purged_floors":[],"is_endless":false,"potions_floor_spawned":[1,6,14,16,27,28],"killed_by":"Gremlin Leader","ascension_level":15}