{"path_per_floor":["M","M","?","M","?","E","M","M","T","$","E","?","R","M","R","B",null,"M","?","?","?","?"],"character_chosen":"IRONCLAD","items_purchased":["Juzu Bracelet"],"gold_per_floor":[144,189,139,184,184,274,319,364,364,139,229,229,229,274,274,574,574,619,619,619,619,619,619],"floor_reached":23,"campfire_rested":2,"playtime":2737,"current_hp_per_floor":[80,75,75,80,72,48,44,43,43,43,26,19,44,52,77,39,88,68,61,61,61,30,21],"items_purged":["Defend_R"],"gold":619,"score":226,"play_id":"6bc45952-b99a-494a-b9f9-bca344779a86","local_time":"20180401145058","daily_mods":["Diverse","Midas","Elite Swarm"],"is_prod":false,"is_daily":true,"is_ascension_mode":false,"campfire_upgraded":0,"timestamp":1522587058,"path_taken":["M","M","?","M","?","E","?","M","T","$","E","?","R","M","R","BOSS","M","?","?","?","?","E"],"build_version":"2018-03-29v2","purchased_purges":1,"victory":false,"master_deck":["Defend_R","Bash","Blade Dance","Malaise","Flex","Seeing Red","Reaper","Pommel Strike","Bite","Bite","Bite","Bite","Bite","Flex","Writhe","Ghostly","Ghostly","Ghostly","Ghostly","Ghostly"],"max_hp_per_floor":[80,80,80,80,80,82,84,84,84,84,84,84,84,86,86,88,88,88,61,61,61,30,30],"relics":["Black Blood","Singing Bowl","Sundial","Juzu Bracelet","Whetstone","Prayer Wheel"],"card_choices":[{"not_picked":["True Grit","Headbutt"],"picked":"Flex","floor":2},{"not_picked":["Perfected Strike","Pummel"],"picked":"Seeing Red","floor":8},{"not_picked":["Limit Break","Dark Embrace"],"picked":"Reaper","floor":11},{"not_picked":["Clothesline","Iron Wave"],"picked":"Pommel Strike","floor":18}],"player_experience":174627,"potions_floor_usage":[8,11,11,14,23,23],"damage_taken":[{"damage":2,"enemies":"2 Louse","floor":1,"turns":4},{"damage":11,"enemies":"Jaw Worm","floor":2,"turns":3},{"damage":0,"enemies":"Small Slimes","floor":4,"turns":2},{"damage":32,"enemies":"Gremlin Nob","floor":6,"turns":4},{"damage":12,"enemies":"Blue Slaver","floor":7,"turns":2},{"damage":16,"enemies":"Exordium Thugs","floor":8,"turns":5},{"damage":23,"enemies":"Lagavulin","floor":11,"turns":6},{"damage":0,"enemies":"Lots of Slimes","floor":14,"turns":1},{"damage":53,"enemies":"Hexaghost","floor":16,"turns":9},{"damage":30,"enemies":"Spheric Guardian","floor":18,"turns":4},{"damage":32,"enemies":"Slavers","floor":23,"turns":6}],"event_choices":[{"event_name":"The Cleric","player_choice":"Card Removal","floor":3,"damage_taken":0},{"event_name":"Wheel of Change","player_choice":"Damage","floor":5,"damage_taken":0},{"event_name":"Golden Wing","player_choice":"Card Removal","floor":12,"damage_taken":0},{"event_name":"Vampires","player_choice":"Became a vampire","floor":19,"damage_taken":0},{"event_name":"The Library","player_choice":"Read","floor":20,"damage_taken":0},{"event_name":"The Mausoleum","player_choice":"Yes","floor":21,"damage_taken":0},{"event_name":"Ghosts","player_choice":"Became a Ghost","floor":22,"damage_taken":0}],"boss_relics":[{"not_picked":["Pandora\u0027s Box","Philosopher\u0027s Stone"],"picked":"Black Blood"}],"potions_floor_spawned":[6,7,8,11,16,18],"seed_played":"2322324997357656423","killed_by":"Slavers","ascension_level":0,"is_trial":false}