{"path_per_floor":["M","M","$","?","M","E","R","M","T","$","E","R","?","E","R","B",null,"M","?","M","$","M","R","?","M","T","R","M","M","?","M","R","B",null,"M","?","?","M","$","R","?","R","T","M","M","M","$","M","R"],"character_chosen":"IRONCLAD","items_purchased":["Inflame","Metallicize","Toolbox","Pen Nib"],"gold_per_floor":[113,132,57,57,76,102,102,121,121,50,84,84,84,118,118,214,214,232,147,164,64,81,81,81,98,98,98,114,128,328,346,346,448,448,461,461,561,575,119,119,119,119,119,130,144,160,8,23,23,23],"floor_reached":50,"campfire_rested":4,"playtime":2142,"current_hp_per_floor":[79,80,80,80,80,73,73,74,74,74,60,60,80,76,76,38,83,41,41,39,39,25,58,41,9,9,45,47,50,50,40,77,8,97,49,49,49,47,47,57,57,67,67,40,41,42,42,16,58,0],"items_purged":["Strike_R","Parasite","Strike_R"],"gold":23,"score":489,"play_id":"a871c0f6-7f5d-4944-80e6-be8534494ca7","local_time":"20180329200734","is_prod":false,"is_daily":false,"is_ascension_mode":false,"campfire_upgraded":2,"timestamp":1522346854,"path_taken":["M","M","$","?","M","E","R","M","T","?","E","R","?","E","R","BOSS","M","?","M","$","M","R","?","M","T","R","M","?","?","M","R","BOSS","M","?","?","M","$","R","?","R","T","M","M","M","$","?","R","BOSS"],"build_version":"2018-03-22v2","purchased_purges":3,"victory":false,"master_deck":["Strike_R","Strike_R","Strike_R","Defend_R","Defend_R","Defend_R","Defend_R","Bash","Sword Boomerang","Perfected Strike+1","Clash","Infernal Blade+1","Iron Wave","Clothesline","Inflame","Pommel Strike","Feed","Reaper","Iron Wave","Clash","Twin Strike","Offering","Ghostly Armor+1","Flame Barrier+1","Metallicize","Injury","Corruption","Rage+1","Shrug It Off","Spot Weakness"],"max_hp_per_floor":[80,80,80,80,80,80,80,80,80,80,80,80,80,80,80,83,83,86,86,86,83,86,86,91,94,94,94,94,94,94,97,97,97,97,97,97,97,97,97,97,97,97,97,100,100,100,100,100,100,100],"relics":["Burning Blood","Kunai","Art of War","Girya","Blood Vial","Eternal Feather","Gambling Chip","Shovel","Cursed Key","Toolbox","Oddly Smooth Stone","Bag of Marbles","Pen Nib"],"card_choices":[{"not_picked":["Wild Strike","True Grit"],"picked":"Sword Boomerang","floor":0},{"not_picked":["Feel No Pain","Shockwave"],"picked":"Perfected Strike","floor":1},{"not_picked":["Reckless Charge","Bloodletting"],"picked":"Clash","floor":2},{"not_picked":["Havoc","Headbutt"],"picked":"Infernal Blade","floor":5},{"not_picked":["True Grit","Rupture"],"picked":"Iron Wave","floor":6},{"not_picked":["Dark Embrace","Sword Boomerang"],"picked":"Clothesline","floor":8},{"not_picked":["Clash","Warcry"],"picked":"Pommel Strike","floor":11},{"not_picked":["Infernal Blade","Power Through"],"picked":"Feed","floor":14},{"not_picked":["Impervious","Double Tap"],"picked":"Reaper","floor":16},{"not_picked":["Body Slam","Havoc"],"picked":"Iron Wave","floor":18},{"not_picked":["True Grit","Shockwave"],"picked":"Clash","floor":20},{"not_picked":["Cleave","Barricade"],"picked":"Twin Strike","floor":25},{"not_picked":["Exhume","Reaper"],"picked":"Offering","floor":33},{"not_picked":["Dropkick","Clash"],"picked":"Ghostly Armor","floor":35},{"not_picked":["Anger","Hemokinesis"],"picked":"Flame Barrier","floor":38},{"not_picked":["Body Slam","True Grit"],"picked":"Corruption","floor":44},{"not_picked":["Armaments","Sword Boomerang"],"picked":"Rage","floor":45},{"not_picked":["Hemokinesis","Clothesline"],"picked":"Shrug It Off","floor":46},{"not_picked":["Thunderclap","Sword Boomerang"],"picked":"Spot Weakness","floor":48}],"player_experience":216244,"potions_floor_usage":[11,18,25,28,33,44,45,50,50,50],"damage_taken":[{"damage":7,"enemies":"Small Slimes","floor":1,"turns":3},{"damage":1,"enemies":"2 Louse","floor":2,"turns":4},{"damage":6,"enemies":"Jaw Worm","floor":5,"turns":3},{"damage":13,"enemies":"Gremlin Nob","floor":6,"turns":3},{"damage":5,"enemies":"Looter","floor":8,"turns":2},{"damage":20,"enemies":"Lagavulin","floor":11,"turns":6},{"damage":10,"enemies":"3 Sentries","floor":14,"turns":6},{"damage":49,"enemies":"Slime Boss","floor":16,"turns":11},{"damage":57,"enemies":"3 Byrds","floor":18,"turns":7},{"damage":10,"enemies":"Spheric Guardian","floor":20,"turns":3},{"damage":25,"enemies":"Centurion and Healer","floor":22,"turns":5},{"damage":43,"enemies":"Cultist and Chosen","floor":25,"turns":5},{"damage":21,"enemies":"Chosen and Byrds","floor":28,"turns":6},{"damage":12,"enemies":"Sentry and Sphere","floor":29,"turns":5},{"damage":28,"enemies":"Cultist and Chosen","floor":31,"turns":6},{"damage":77,"enemies":"Automaton","floor":33,"turns":11},{"damage":54,"enemies":"3 Darklings","floor":35,"turns":6},{"damage":10,"enemies":"Orb Walker","floor":38,"turns":3},{"damage":50,"enemies":"Maw","floor":44,"turns":9},{"damage":7,"enemies":"Sphere and 2 Shapes","floor":45,"turns":6},{"damage":22,"enemies":"4 Shapes","floor":46,"turns":4},{"damage":40,"enemies":"Maw","floor":48,"turns":8},{"damage":119,"enemies":"Donu and Deca","floor":50,"turns":9}],"event_choices":[{"event_name":"Liars Game","player_choice":"disagreed","floor":4,"damage_taken":0},{"event_name":"Mushrooms","player_choice":"Healed and dodged fight","floor":13,"damage_taken":0},{"event_name":"Addict","player_choice":"Obtained Relic","floor":19,"damage_taken":0},{"event_name":"Forgotten Altar","player_choice":"Shed Blood","floor":24,"damage_taken":0},{"event_name":"The Joust","player_choice":"Bet on Owner","floor":30,"damage_taken":0},{"event_name":"Match and Keep!","player_choice":"0 cards matched","floor":36,"damage_taken":0},{"event_name":"Golden Shrine","player_choice":"Pray","floor":37,"damage_taken":0},{"event_name":"Tomb of Lord Red Mask","player_choice":"Ignored","floor":41,"damage_taken":0}],"boss_relics":[{"not_picked":["Question Card","Orrery"],"picked":"Eternal Feather"},{"not_picked":["Velvet Choker","Snecko Eye"],"picked":"Cursed Key"}],"potions_floor_spawned":[1,6,8,14,20,22,31,33,38,45,48],"seed_played":"-3740011400024941957","killed_by":"Donu and Deca","ascension_level":0,"is_trial":false}