{"gold_per_floor":[111,129,129,129,145,145,176,188,188,206,206,217,233,233],"floor_reached":14,"playtime":290,"items_purged":[],"score":183,"play_id":"8e6dc98d-5963-4e70-adf2-80bfe0f440e3","local_time":"20181214040825","is_ascension_mode":true,"campfire_choices":[{"data":"Zap","floor":6,"key":"SMITH"},{"data":"Dualcast","floor":11,"key":"SMITH"}],"neow_cost":"NONE","seed_source_timestamp":154718817511400,"circlet_count":0,"master_deck":["AscendersBane","Strike_B","Strike_B","Strike_B","Strike_B","Defend_B","Defend_B","Defend_B","Defend_B","Zap+1","Dualcast+1","Ball Lightning","Darkness+1","Ball Lightning","Double Energy","Amplify","Redo","White Noise","Conserve Battery"],"relics":["Cracked Core","Gremlin Horn","Mummified Hand"],"potions_floor_usage":[10,13],"damage_taken":[{"damage":9,"enemies":"Small Slimes","floor":1,"turns":3},{"damage":2,"enemies":"Jaw Worm","floor":2,"turns":3},{"damage":1,"enemies":"Cultist","floor":5,"turns":3},{"damage":30,"enemies":"3 Sentries","floor":7,"turns":6},{"damage":12,"enemies":"Looter","floor":8,"turns":3},{"damage":0,"enemies":"3 Louse","floor":10,"turns":1},{"damage":12,"enemies":"Large Slime","floor":12,"turns":3},{"damage":0,"enemies":"2 Fungi Beasts","floor":13,"turns":2},{"damage":17,"enemies":"The Mushroom Lair","floor":14,"turns":2}],"seed_played":"-8012057875325844032","potions_obtained":[{"floor":7,"key":"LiquidBronze"},{"floor":8,"key":"Explosive Potion"},{"floor":10,"key":"Ancient Potion"}],"is_trial":false,"path_per_floor":["M","M","?","?","M","R","E","M","T","M","R","M","M","?"],"character_chosen":"DEFECT","items_purchased":[],"campfire_rested":0,"item_purchase_floors":[],"current_hp_per_floor":[62,60,65,65,64,64,34,22,22,22,22,10,10,0],"gold":233,"neow_bonus":"TEN_PERCENT_HP_BONUS","is_prod":false,"is_daily":false,"chose_seed":false,"campfire_upgraded":2,"win_rate":0,"timestamp":1544728105,"path_taken":["M","M","?","?","M","R","E","M","T","?","R","M","M","?"],"build_version":"2018-12-06","purchased_purges":0,"victory":false,"max_hp_per_floor":[78,78,83,83,83,83,83,83,83,83,83,83,83,83],"card_choices":[{"not_picked":["Turbo","Rebound"],"picked":"Ball Lightning","floor":1},{"not_picked":["Barrage","Hologram"],"picked":"Darkness","floor":2},{"not_picked":["Streamline","Consume"],"picked":"Ball Lightning","floor":5},{"not_picked":["Go for the Eyes","Sunder"],"picked":"Double Energy","floor":7},{"not_picked":["Steam","Cold Snap"],"picked":"Amplify","floor":8},{"not_picked":["Coolheaded","Scrape"],"picked":"Redo","floor":10},{"not_picked":["Gash","Cold Snap"],"picked":"White Noise","floor":12},{"not_picked":["Fusion","Rebound"],"picked":"Conserve Battery","floor":13}],"player_experience":995732,"relics_obtained":[{"floor":7,"key":"Gremlin Horn"},{"floor":9,"key":"Mummified Hand"}],"event_choices":[{"damage_healed":0,"gold_gain":0,"player_choice":"Donut","damage_taken":0,"max_hp_gain":5,"max_hp_loss":0,"event_name":"Big Fish","floor":3,"gold_loss":0},{"damage_healed":0,"gold_gain":0,"player_choice":"Upgraded","damage_taken":0,"max_hp_gain":0,"max_hp_loss":0,"event_name":"Upgrade Shrine","floor":4,"gold_loss":0,"cards_upgraded":["Darkness"]},{"damage_healed":0,"gold_gain":0,"player_choice":"Fought Mushrooms","damage_taken":0,"max_hp_gain":0,"max_hp_loss":0,"event_name":"Mushrooms","floor":14,"gold_loss":0}],"is_beta":false,"boss_relics":[],"items_purged_floors":[],"is_endless":false,"potions_floor_spawned":[7,8,10,12],"killed_by":"The Mushroom Lair","ascension_level":19}