{"path_per_floor":["M","M","M","$","M","R","E","R","T","R","M","?","M","$","R","B",null,"M","M","M","$","M","R","M","R","T","M","$","M","R","?","R","B",null,"M","?","$","?","M","R","$","R","T","$","R","M","M","M","R"],"character_chosen":"THE_SILENT","items_purchased":["Sucker Punch","Flying Knee","Terror","Footwork","Flash of Steel","Dash","Caltrops"],"gold_per_floor":[113,132,150,48,65,65,100,100,100,100,111,137,153,31,31,127,127,147,162,173,65,76,76,92,92,92,112,25,45,45,45,45,144,174,187,187,25,0,16,16,16,16,39,2,2,14,25,37,37,37],"floor_reached":50,"campfire_rested":2,"playtime":2787,"current_hp_per_floor":[70,70,68,68,62,62,54,54,54,54,54,54,54,54,54,24,70,70,70,68,68,68,68,63,63,63,63,63,70,70,54,70,59,75,65,56,56,56,56,56,56,56,56,56,56,54,52,52,74,0],"items_purged":["Strike_G","Strike_G","Strike_G"],"gold":37,"score":471,"play_id":"776eb6a0-bba7-4b0c-a8c5-562c179eec4b","local_time":"20180405235542","is_prod":false,"is_daily":false,"is_ascension_mode":false,"campfire_upgraded":10,"timestamp":1522965342,"path_taken":["M","M","M","$","M","R","E","R","T","R","M","?","M","$","R","BOSS","M","M","M","$","M","R","M","R","T","M","$","M","R","?","R","BOSS","M","?","$","?","M","R","$","R","T","$","R","?","M","M","R","BOSS"],"build_version":"2018-03-29v2","purchased_purges":3,"victory":false,"master_deck":["Defend_G","Defend_G","Defend_G","Defend_G","Defend_G","Strike_G","Strike_G","Survivor+1","Neutralize+1","Phantasmal Killer+1","Predator+1","Dodge and Roll","Quick Slash","Sucker Punch+1","Leg Sweep+1","Venomology+1","Dagger Spray","Flying Knee+1","Burst+1","Backflip+1","Prepared+1","Terror+1","Footwork+1","Noxious Fumes+1","Deadly Poison+1","Clumsy","Deflect+1","Flash of Steel","Burst+1","Deadly Poison+1","All Out Attack","Madness+1","Madness+1","Dash+1","Deadly Poison+1","Writhe","Caltrops+1","Bullet Time+1"],"max_hp_per_floor":[70,70,70,70,70,70,70,70,70,70,70,70,70,70,70,70,70,70,70,70,70,70,70,70,70,70,70,70,70,70,70,70,70,75,75,75,75,75,75,75,75,75,75,75,75,75,75,75,75,75],"relics":["Ring of the Snake","Orichalcum","Toxic Egg 2","Odd Mushroom","Cursed Key","Gambling Chip","Enchiridion","Tiny House","Red Mask","Anchor"],"card_choices":[{"not_picked":["Deflect","Slice"],"picked":"Predator","floor":1},{"not_picked":["Cloak And Dagger","Acrobatics"],"picked":"Dodge and Roll","floor":2},{"not_picked":["Acrobatics","Bane"],"picked":"Quick Slash","floor":3},{"not_picked":["Dagger Throw","Bane"],"picked":"Leg Sweep","floor":7},{"not_picked":["PiercingWail","Dodge and Roll"],"picked":"Venomology","floor":11},{"not_picked":["Choke","Poisoned Stab"],"picked":"Dagger Spray","floor":12},{"not_picked":["Corpse Explosion","Phantasmal Killer"],"picked":"Burst","floor":16},{"not_picked":["Skewer","Poisoned Stab"],"picked":"Backflip","floor":18},{"not_picked":["Quick Slash","Underhanded Strike"],"picked":"Prepared","floor":19},{"not_picked":["Flying Knee","Prepared"],"picked":"Noxious Fumes","floor":22},{"not_picked":["Prepared","Terror"],"picked":"Deadly Poison","floor":24},{"not_picked":["Deadly Poison","Backflip"],"picked":"Deflect","floor":27},{"not_picked":["A Thousand Cuts","Unload"],"picked":"Burst","floor":33},{"not_picked":["Bane","Blade Dance"],"picked":"Deadly Poison","floor":34},{"not_picked":["Prepared","Slice"],"picked":"All Out Attack","floor":35},{"not_picked":["Well Laid Plans","Quick Slash"],"picked":"Deadly Poison","floor":39},{"not_picked":["Dagger Spray","Heel Hook"],"picked":"Bullet Time","floor":47}],"player_experience":332363,"potions_floor_usage":[7,12,16,16,18,22,24,27,27,29,29,29,33,33,33,35,35,46,47,48,50,50,50,50],"damage_taken":[{"damage":0,"enemies":"Small Slimes","floor":1,"turns":5},{"damage":0,"enemies":"2 Louse","floor":2,"turns":3},{"damage":2,"enemies":"Jaw Worm","floor":3,"turns":3},{"damage":6,"enemies":"Exordium Wildlife","floor":5,"turns":5},{"damage":8,"enemies":"3 Sentries","floor":7,"turns":7},{"damage":0,"enemies":"Looter","floor":11,"turns":3},{"damage":0,"enemies":"The Mushroom Lair","floor":12,"turns":4},{"damage":0,"enemies":"2 Fungi Beasts","floor":13,"turns":3},{"damage":30,"enemies":"Slime Boss","floor":16,"turns":10},{"damage":0,"enemies":"Chosen","floor":18,"turns":6},{"damage":0,"enemies":"3 Byrds","floor":19,"turns":3},{"damage":2,"enemies":"Centurion and Healer","floor":20,"turns":7},{"damage":0,"enemies":"Slaver and Parasite","floor":22,"turns":7},{"damage":5,"enemies":"Snake Plant","floor":24,"turns":4},{"damage":15,"enemies":"Cultist and Chosen","floor":27,"turns":5},{"damage":0,"enemies":"Centurion and Healer","floor":29,"turns":4},{"damage":11,"enemies":"Collector","floor":33,"turns":10},{"damage":10,"enemies":"3 Shapes","floor":35,"turns":6},{"damage":0,"enemies":"Orb Walker","floor":39,"turns":4},{"damage":2,"enemies":"Sphere and 2 Shapes","floor":46,"turns":5},{"damage":2,"enemies":"4 Shapes","floor":47,"turns":5},{"damage":0,"enemies":"3 Darklings","floor":48,"turns":4},{"damage":76,"enemies":"Awakened One","floor":50,"turns":16}],"event_choices":[{"event_name":"Mushrooms","player_choice":"Fought Mushrooms","floor":12,"damage_taken":0},{"event_name":"Cursed Tome","player_choice":"Obtained Book","floor":31,"damage_taken":0},{"event_name":"Winding Halls","player_choice":"Embrace Madness","floor":36,"damage_taken":0},{"event_name":"Tomb of Lord Red Mask","player_choice":"Paid","floor":38,"damage_taken":0}],"boss_relics":[{"not_picked":["Eternal Feather","Pandora\u0027s Box"],"picked":"Cursed Key"},{"not_picked":["Sozu","Snecko Eye"],"picked":"Tiny House"}],"potions_floor_spawned":[3,5,11,13,18,22,27,33,46,47],"seed_played":"-8051627673165924037","killed_by":"Awakened One","ascension_level":0,"is_trial":false}