{"gold_per_floor":[115,115,115,134,209,209,233,261,261,278,278,291,34,47,47,145,145,162,262,114,126,142,172,190,190,190,203,60,74,74,90,90,191,191,208,208,220,274,274,300,310,310,310,9,9,29,29,47,47,47],"floor_reached":50,"playtime":4387,"items_purged":["Strike_B","Strike_B"],"score":569,"play_id":"78edf82b-4955-4d4d-8d8a-c488c7fcb00c","local_time":"20181126132119","is_ascension_mode":false,"campfire_choices":[{"data":"Zap","floor":6,"key":"SMITH"},{"data":"Dualcast","floor":11,"key":"SMITH"},{"floor":15,"key":"REST"},{"floor":25,"key":"REST"},{"floor":32,"key":"REST"},{"floor":42,"key":"REST"},{"floor":47,"key":"REST"},{"data":"Thunder Strike","floor":49,"key":"SMITH"}],"neow_cost":"TEN_PERCENT_HP_LOSS","seed_source_timestamp":3718347619069,"circlet_count":0,"master_deck":["Strike_B+1","Defend_B+1","Defend_B","Defend_B","Zap+1","Dualcast+1","Skim","Ball Lightning","Ball Lightning","Defragment","Lockon","Biased Cognition","Loop","Tempest","White Noise+1","Thunder Strike+1","Redo","Melter","Double Energy","Fission","Madness","Madness","Rebound+1"],"relics":["Cracked Core","Calipers","Strawberry","Lantern","Dead Branch","Mummified Hand","White Beast Statue","Nunchaku","Matryoshka","Happy Flower","Busted Crown","Gambling Chip","Molten Egg 2","Bag of Marbles","Letter Opener","Blood Vial"],"potions_floor_usage":[16,23,29,31,33,33,37,38,38,40,40,41,49,50,50],"damage_taken":[{"damage":6,"enemies":"2 Louse","floor":1,"turns":2},{"damage":1,"enemies":"Jaw Worm","floor":4,"turns":4},{"damage":13,"enemies":"Lagavulin","floor":8,"turns":7},{"damage":0,"enemies":"Small Slimes","floor":10,"turns":2},{"damage":11,"enemies":"Exordium Wildlife","floor":12,"turns":2},{"damage":8,"enemies":"Red Slaver","floor":14,"turns":2},{"damage":0,"enemies":"Slime Boss","floor":16,"turns":7},{"damage":0,"enemies":"Chosen","floor":18,"turns":3},{"damage":4,"enemies":"Shell Parasite","floor":21,"turns":3},{"damage":8,"enemies":"3 Cultists","floor":22,"turns":4},{"damage":29,"enemies":"Slavers","floor":23,"turns":3},{"damage":10,"enemies":"Cultist and Chosen","floor":24,"turns":3},{"damage":10,"enemies":"Chosen and Byrds","floor":27,"turns":3},{"damage":0,"enemies":"Snecko","floor":29,"turns":3},{"damage":0,"enemies":"Sentry and Sphere","floor":31,"turns":2},{"damage":37,"enemies":"Automaton","floor":33,"turns":5},{"damage":18,"enemies":"3 Darklings","floor":35,"turns":3},{"damage":0,"enemies":"Orb Walker","floor":37,"turns":2},{"damage":29,"enemies":"2 Orb Walkers","floor":38,"turns":3},{"damage":15,"enemies":"Nemesis","floor":40,"turns":5},{"damage":0,"enemies":"Transient","floor":41,"turns":5},{"damage":31,"enemies":"4 Shapes","floor":46,"turns":3},{"damage":0,"enemies":"Jaw Worm Horde","floor":48,"turns":1},{"damage":83,"enemies":"Time Eater","floor":50,"turns":8}],"seed_played":"3059503528330443940","potions_obtained":[{"floor":1,"key":"SneckoOil"},{"floor":4,"key":"SpeedPotion"},{"floor":18,"key":"Swift Potion"},{"floor":21,"key":"Block Potion"},{"floor":22,"key":"PowerPotion"},{"floor":23,"key":"FocusPotion"},{"floor":24,"key":"Block Potion"},{"floor":27,"key":"AttackPotion"},{"floor":29,"key":"Fire Potion"},{"floor":31,"key":"Explosive Potion"},{"floor":33,"key":"Regen Potion"},{"floor":35,"key":"SkillPotion"},{"floor":37,"key":"Dexterity Potion"},{"floor":38,"key":"Block Potion"},{"floor":40,"key":"AttackPotion"},{"floor":41,"key":"SpeedPotion"},{"floor":46,"key":"PowerPotion"},{"floor":48,"key":"Fruit Juice"}],"is_trial":false,"path_per_floor":["M","?","?","M","?","R","T","E","T","M","R","M","$","M","R","B",null,"M","?","$","M","M","E","M","R","T","M","$","M","?","M","R","B",null,"M","?","M","?","?","E","M","R","T","$","?","M","R","M","R","B"],"character_chosen":"DEFECT","items_purchased":["Mummified Hand","Loop","Happy Flower","Rebound+1","Blood Vial"],"campfire_rested":5,"item_purchase_floors":[13,20,28,44,44],"current_hp_per_floor":[62,62,48,47,36,36,43,30,30,30,30,19,19,11,33,33,75,75,75,75,71,63,34,24,46,46,36,36,36,36,36,58,21,75,57,48,48,28,28,13,13,35,35,35,75,44,66,68,73,0],"gold":47,"neow_bonus":"ONE_RARE_RELIC","is_prod":false,"is_daily":false,"chose_seed":false,"campfire_upgraded":3,"win_rate":0,"timestamp":1543234879,"path_taken":["M","?","?","?","?","R","?","E","T","M","R","?","?","M","R","BOSS","M","?","$","M","?","E","M","R","T","M","$","M","?","?","R","BOSS","M","?","M","?","?","E","M","R","T","$","?","?","R","M","R","BOSS"],"build_version":"2018-11-15","purchased_purges":2,"victory":false,"max_hp_per_floor":[68,68,68,68,68,68,75,75,75,75,75,75,75,75,75,75,75,75,75,75,75,75,75,75,75,75,75,75,75,75,75,75,75,75,75,75,75,75,75,75,75,75,75,75,75,75,75,75,80,80],"card_choices":[{"not_picked":["Capacitor","Go for the Eyes"],"picked":"Skim","floor":1},{"not_picked":["Streamline","Consume","Stack"],"picked":"SKIP","floor":4},{"not_picked":["Rip and Tear","Leap"],"picked":"Ball Lightning","floor":8},{"not_picked":["Barrage","Echo Form"],"picked":"Ball Lightning","floor":10},{"not_picked":["Steam Power","Turbo"],"picked":"Defragment","floor":12},{"not_picked":["Turbo","Beam Cell"],"picked":"Lockon","floor":14},{"not_picked":["Creative AI","Machine Learning"],"picked":"Biased Cognition","floor":16},{"not_picked":["Leap+1","Hologram+1","Genetic Algorithm"],"picked":"SKIP","floor":18},{"not_picked":["Chaos+1","Glacier"],"picked":"Tempest","floor":21},{"not_picked":["Leap","Chill+1"],"picked":"White Noise+1","floor":22},{"not_picked":["Darkness","Gash"],"picked":"Thunder Strike","floor":23},{"not_picked":["Go for the Eyes+1","Beam Cell"],"picked":"Reprogram","floor":24},{"not_picked":["Chill+1","Coolheaded"],"picked":"Redo","floor":27},{"not_picked":["Turbo","Streamline+1","Cold Snap"],"picked":"SKIP","floor":29},{"not_picked":["Hello World","Chaos"],"picked":"Double Energy","floor":31},{"not_picked":["Rainbow","Hyperbeam"],"picked":"Fission","floor":33},{"not_picked":["Streamline"],"picked":"SKIP","floor":35},{"not_picked":["Turbo"],"picked":"SKIP","floor":37},{"not_picked":["Aggregate+1"],"picked":"SKIP","floor":40},{"not_picked":["Coolheaded"],"picked":"SKIP","floor":41},{"not_picked":["Streamline+1"],"picked":"SKIP","floor":46},{"not_picked":["Self Repair+1"],"picked":"SKIP","floor":48}],"player_experience":242421,"relics_obtained":[{"floor":7,"key":"Strawberry"},{"floor":8,"key":"Lantern"},{"floor":9,"key":"Dead Branch"},{"floor":23,"key":"Nunchaku"},{"floor":26,"key":"Matryoshka"},{"floor":38,"key":"Gambling Chip"},{"floor":40,"key":"Molten Egg 2"},{"floor":43,"key":"Bag of Marbles"},{"floor":43,"key":"Letter Opener"}],"event_choices":[{"cards_removed":["Defend_B"],"damage_healed":0,"gold_gain":0,"player_choice":"Forget","damage_taken":0,"max_hp_gain":0,"max_hp_loss":0,"event_name":"Living Wall","floor":2,"gold_loss":0},{"damage_healed":0,"gold_gain":0,"player_choice":"Entered Light","damage_taken":14,"max_hp_gain":0,"max_hp_loss":0,"event_name":"Shining Light","floor":3,"gold_loss":0,"cards_upgraded":["Defend_B","Strike_B"]},{"damage_healed":0,"gold_gain":75,"player_choice":"Gather Gold","damage_taken":11,"max_hp_gain":0,"max_hp_loss":0,"event_name":"World of Goop","floor":5,"gold_loss":0},{"damage_healed":0,"gold_gain":100,"player_choice":"Pray","damage_taken":0,"max_hp_gain":0,"max_hp_loss":0,"event_name":"Golden Shrine","floor":19,"gold_loss":0},{"damage_healed":0,"gold_gain":0,"cards_transformed":["Strike_B"],"player_choice":"Transformed","damage_taken":0,"max_hp_gain":0,"max_hp_loss":0,"event_name":"Transmorgrifier","floor":30,"gold_loss":0,"cards_obtained":["Melter"]},{"damage_healed":0,"gold_gain":0,"player_choice":"Embrace Madness","damage_taken":9,"max_hp_gain":0,"max_hp_loss":0,"event_name":"Winding Halls","floor":36,"gold_loss":0,"cards_obtained":["Madness","Madness"]},{"damage_healed":0,"gold_gain":0,"player_choice":"Fight","damage_taken":0,"max_hp_gain":0,"max_hp_loss":0,"event_name":"Mysterious Sphere","floor":38,"gold_loss":0},{"damage_healed":0,"gold_gain":0,"player_choice":"Ignored","damage_taken":0,"max_hp_gain":0,"max_hp_loss":0,"event_name":"Tomb of Lord Red Mask","floor":39,"gold_loss":0},{"cards_removed":["Reprogram"],"damage_healed":40,"gold_gain":0,"player_choice":"Offered Uncommon","damage_taken":0,"max_hp_gain":0,"max_hp_loss":0,"event_name":"Bonfire Elementals","floor":45,"gold_loss":0}],"is_beta":false,"boss_relics":[{"not_picked":["Philosopher\u0027s Stone","FrozenCore"],"picked":"White Beast Statue"},{"not_picked":["Runic Pyramid","Empty Cage"],"picked":"Busted Crown"}],"items_purged_floors":[20,44],"is_endless":false,"potions_floor_spawned":[1,4,18,21,22,23,24,27,29,31,33,35,37,38,40,41,46,48],"killed_by":"Time Eater","ascension_level":0}