{"gold_per_floor":[112,130,130,130,148,148,159,159,159,159,171,19,33,49,49,152,152,166,182,97,0,0,10,10,30,83,83,93,105,115,215,215,317,317,336,354,374,39,139,139,154,154,202,236,236,247,264,264,264,264],"floor_reached":50,"playtime":5124,"items_purged":["Defend_G"],"score":470,"play_id":"91929d6d-6077-49bb-9325-102a003b87d3","local_time":"20181208140638","is_ascension_mode":false,"campfire_choices":[{"data":"Neutralize","floor":6,"key":"SMITH"},{"data":"Dodge and Roll","floor":8,"key":"SMITH"},{"floor":10,"key":"REST"},{"data":"Noxious Fumes","floor":15,"key":"SMITH"},{"floor":24,"key":"REST"},{"data":"After Image","floor":27,"key":"SMITH"},{"data":"Adrenaline","floor":32,"key":"SMITH"},{"floor":40,"key":"REST"},{"floor":42,"key":"REST"},{"floor":45,"key":"REST"},{"data":"Bullet Time","floor":49,"key":"SMITH"}],"neow_cost":"TEN_PERCENT_HP_LOSS","seed_source_timestamp":64468461555175,"circlet_count":0,"master_deck":["Defend_G","Survivor","Neutralize+1","Poisoned Stab","Outmaneuver","Deadly Poison","Dodge and Roll+1","Noxious Fumes+1","Backflip","Expertise","Adrenaline+1","Acrobatics+1","Flechettes+1","Phantasmal Killer","After Image+1","Deadly Poison","Crippling Poison","Dash","Acrobatics+1","Deadly Poison+1","Bullet Time+1","Quick Slash+1","Prepared+1","Skewer+1","Cloak And Dagger+1","Catalyst","Outmaneuver+1","Sucker Punch+1","Blur+1","Night Terror","Bane+1","Parasite","After Image+1","Writhe"],"relics":["Ring of the Snake","Bronze Scales","Centennial Puzzle","Eternal Feather","Dodecahedron","Vajra","Astrolabe","Frozen Egg 2","Tough Bandages","PreservedInsect","Pocketwatch"],"potions_floor_usage":[14,16,25,25,28,33,35,41,41,47,47],"damage_taken":[{"damage":1,"enemies":"2 Louse","floor":1,"turns":3},{"damage":1,"enemies":"Jaw Worm","floor":2,"turns":4},{"damage":1,"enemies":"Cultist","floor":5,"turns":4},{"damage":16,"enemies":"Large Slime","floor":7,"turns":9},{"damage":1,"enemies":"Looter","floor":11,"turns":3},{"damage":0,"enemies":"Red Slaver","floor":13,"turns":4},{"damage":9,"enemies":"Exordium Thugs","floor":14,"turns":6},{"damage":36,"enemies":"Slime Boss","floor":16,"turns":8},{"damage":13,"enemies":"3 Byrds","floor":18,"turns":3},{"damage":3,"enemies":"Shell Parasite","floor":19,"turns":6},{"damage":17,"enemies":"Centurion and Healer","floor":23,"turns":6},{"damage":3,"enemies":"Snake Plant","floor":25,"turns":4},{"damage":4,"enemies":"Sentry and Sphere","floor":28,"turns":6},{"damage":0,"enemies":"Chosen and Byrds","floor":29,"turns":4},{"damage":6,"enemies":"Shelled Parasite and Fungi","floor":30,"turns":7},{"damage":62,"enemies":"Collector","floor":33,"turns":8},{"damage":17,"enemies":"3 Darklings","floor":35,"turns":3},{"damage":0,"enemies":"3 Shapes","floor":36,"turns":5},{"damage":12,"enemies":"Maw","floor":37,"turns":7},{"damage":13,"enemies":"Mind Bloom Boss Battle","floor":39,"turns":5},{"damage":32,"enemies":"Transient","floor":41,"turns":5},{"damage":27,"enemies":"Nemesis","floor":44,"turns":6},{"damage":0,"enemies":"4 Shapes","floor":46,"turns":4},{"damage":10,"enemies":"Writhing Mass","floor":47,"turns":7},{"damage":77,"enemies":"Time Eater","floor":50,"turns":9}],"seed_played":"-6537414502615486985","potions_obtained":[{"floor":5,"key":"SteroidPotion"},{"floor":13,"key":"AttackPotion"},{"floor":14,"key":"GamblersBrew"},{"floor":16,"key":"Dexterity Potion"},{"floor":18,"key":"Swift Potion"},{"floor":30,"key":"Weak Potion"},{"floor":33,"key":"PowerPotion"},{"floor":35,"key":"Poison Potion"},{"floor":39,"key":"Strength Potion"},{"floor":44,"key":"Block Potion"},{"floor":46,"key":"Explosive Potion"}],"is_trial":false,"path_per_floor":["M","M","?","?","M","R","M","R","T","R","M","$","M","M","R","B",null,"M","M","?","?","?","M","R","M","T","R","M","M","M","?","R","B",null,"M","M","M","$","?","R","M","R","T","E","R","M","M","?","R","B"],"character_chosen":"THE_SILENT","items_purchased":["Centennial Puzzle","Frozen Egg 2"],"campfire_rested":5,"item_purchase_floors":[12,38],"current_hp_per_floor":[62,61,54,59,58,58,42,42,42,62,61,61,61,52,52,16,68,55,52,52,52,52,35,67,64,64,68,64,64,58,58,68,6,68,51,51,39,39,26,61,29,64,64,37,68,68,58,68,68,0],"gold":264,"neow_bonus":"REMOVE_TWO","is_prod":false,"is_daily":false,"chose_seed":false,"campfire_upgraded":6,"win_rate":0.0,"timestamp":1544231198,"path_taken":["M","M","?","?","M","R","?","R","T","R","M","$","M","M","R","BOSS","M","M","?","?","?","M","R","M","T","R","M","M","M","?","R","BOSS","M","M","M","$","?","R","M","R","T","E","R","M","M","?","R","BOSS"],"build_version":"2018-12-06","purchased_purges":1,"victory":false,"max_hp_per_floor":[63,63,63,68,68,68,68,68,68,68,68,68,68,68,68,68,68,68,68,68,68,68,68,68,68,68,68,68,68,68,68,68,68,68,68,68,68,68,68,68,68,68,68,68,68,68,68,68,68,68],"card_choices":[{"not_picked":["Dagger Throw","Calculated Gamble"],"picked":"Poisoned Stab","floor":1},{"not_picked":["Eviscerate","Deflect"],"picked":"Outmaneuver","floor":2},{"not_picked":["PiercingWail","Dodge and Roll"],"picked":"Deadly Poison","floor":5},{"not_picked":["Outmaneuver","Sucker Punch"],"picked":"Dodge and Roll","floor":7},{"not_picked":["Riddle With Holes","Tactician"],"picked":"Noxious Fumes","floor":11},{"not_picked":["PiercingWail","Expertise"],"picked":"Backflip","floor":13},{"not_picked":["Dagger Spray","Caltrops"],"picked":"Expertise","floor":14},{"not_picked":["Bullet Time","Envenom"],"picked":"Adrenaline","floor":16},{"not_picked":["Prepared","Dodge and Roll+1"],"picked":"Acrobatics+1","floor":18},{"not_picked":["Crippling Poison","Outmaneuver"],"picked":"Flechettes+1","floor":19},{"not_picked":["Dagger Throw","Glass Knife"],"picked":"Deadly Poison","floor":23},{"not_picked":["Dodge and Roll+1","Poisoned Stab"],"picked":"Crippling Poison","floor":25},{"not_picked":["Outmaneuver","Prepared"],"picked":"Dash","floor":28},{"not_picked":["Flying Knee","Footwork"],"picked":"Acrobatics+1","floor":29},{"not_picked":["Well Laid Plans","Blade Dance+1"],"picked":"Deadly Poison+1","floor":30},{"not_picked":["Malaise","Storm of Steel"],"picked":"Bullet Time","floor":33},{"not_picked":["Blade Dance","Deflect"],"picked":"Cloak And Dagger+1","floor":35},{"not_picked":["Accuracy+1","Underhanded Strike+1"],"picked":"Catalyst","floor":36},{"not_picked":["Dagger Spray","Skewer+1"],"picked":"Outmaneuver+1","floor":37},{"not_picked":["Accuracy+1","Setup"],"picked":"Sucker Punch+1","floor":39},{"not_picked":["Terror+1","Accuracy+1"],"picked":"Blur+1","floor":41},{"not_picked":["All Out Attack","Cloak And Dagger+1"],"picked":"Night Terror","floor":44},{"not_picked":["Dodge and Roll+1","Sucker Punch+1"],"picked":"Bane+1","floor":46},{"not_picked":["Terror+1","PiercingWail"],"picked":"After Image+1","floor":47}],"player_experience":440201,"relics_obtained":[{"floor":9,"key":"Bronze Scales"},{"floor":26,"key":"Vajra"},{"floor":39,"key":"Tough Bandages"},{"floor":43,"key":"PreservedInsect"},{"floor":44,"key":"Pocketwatch"}],"event_choices":[{"cards_removed":["Strike_G"],"damage_healed":0,"gold_gain":0,"player_choice":"Card Removal","damage_taken":7,"max_hp_gain":0,"max_hp_loss":0,"event_name":"Golden Wing","floor":3,"gold_loss":0},{"damage_healed":0,"gold_gain":0,"player_choice":"Donut","damage_taken":0,"max_hp_gain":5,"max_hp_loss":0,"event_name":"Big Fish","floor":4,"gold_loss":0},{"damage_healed":0,"gold_gain":0,"player_choice":"Obtained Relic","damage_taken":0,"relics_obtained":["Dodecahedron"],"max_hp_gain":0,"max_hp_loss":0,"event_name":"Addict","floor":20,"gold_loss":85},{"damage_healed":0,"gold_gain":0,"player_choice":"Paid Fearfully","damage_taken":0,"max_hp_gain":0,"max_hp_loss":0,"event_name":"Masked Bandits","floor":21,"gold_loss":97},{"damage_healed":0,"gold_gain":0,"cards_transformed":["Defend_G","Strike_G"],"player_choice":"Became Test Subject","damage_taken":0,"max_hp_gain":0,"max_hp_loss":0,"event_name":"Drug Dealer","floor":22,"gold_loss":0,"cards_obtained":["Phantasmal Killer","After Image"]},{"damage_healed":0,"gold_gain":100,"player_choice":"Pray","damage_taken":0,"max_hp_gain":0,"max_hp_loss":0,"event_name":"Golden Shrine","floor":31,"gold_loss":0},{"damage_healed":0,"gold_gain":0,"player_choice":"Fight","damage_taken":0,"max_hp_gain":0,"max_hp_loss":0,"event_name":"MindBloom","floor":39,"gold_loss":0},{"damage_healed":17,"gold_gain":0,"player_choice":"Writhe","damage_taken":0,"max_hp_gain":0,"max_hp_loss":0,"event_name":"Winding Halls","floor":48,"gold_loss":0,"cards_obtained":["Writhe"]}],"is_beta":false,"boss_relics":[{"not_picked":["Runic Dome","Philosopher\u0027s Stone"],"picked":"Eternal Feather"},{"not_picked":["Busted Crown","Coffee Dripper"],"picked":"Astrolabe"}],"items_purged_floors":[38],"is_endless":false,"potions_floor_spawned":[5,13,14,16,18,30,33,35,39,44,46],"killed_by":"Time Eater","ascension_level":0}