{"gold_per_floor":[114,289,289,15,30,30,60,60,60,90,105,105,75,105,105,205,205,220,70,169,184,184,214,214,244,269,19,34,64,64,94,94,194,194,209,209,209,209,209,239,45,60,140,40,70,70,100,115,115,115],"floor_reached":51,"playtime":4449,"items_purged":["Doubt"],"score":1123,"play_id":"460236af-0da2-4922-be0b-a73105bab92b","local_time":"20181006192354","daily_mods":["Draft","Blue Cards","Elite Swarm"],"is_ascension_mode":false,"campfire_choices":[{"data":"Backstab","floor":6.0,"key":"SMITH"},{"data":"Envenom","floor":8.0,"key":"SMITH"},{"data":"Tempest","floor":12.0,"key":"SMITH"},{"data":"Recycle","floor":15.0,"key":"SMITH"},{"data":"Streamline","floor":30.0,"key":"PURGE"},{"floor":32.0,"key":"DIG"},{"floor":46.0,"key":"DIG"},{"floor":49.0,"key":"DIG"}],"neow_cost":"","seed_source_timestamp":0,"circlet_count":0,"master_deck":["BootSequence+1","Tempest+1","Turbo","Go for the Eyes","Footwork+1","Coolheaded","Dagger Spray","Recycle+1","Endless Agony+1","FTL","Masterful Stab","Distraction","Stack","Backstab+1","Cold Snap+1","Envenom+1","Adrenaline","Ball Lightning","Envenom","Corpse Explosion","Dagger Spray+1","Backflip+1","Corpse Explosion","Glass Knife","Self Repair+1","Envenom+1","Adrenaline","Buffer+1","Blade Dance+1","Dark Shackles","Dark Shackles","Chrysalis","Buffer+1","Capacitor+1","Backflip+1","Backstab+1","Wraith Form v2+1","Doppelganger","Calculated Gamble+1"],"special_seed":17810,"relics":["Ring of the Snake","Membership Card","PreservedInsect","Omamori","Nunchaku","Peace Pipe","Fusion Hammer","Vajra","Lantern","Mummified Hand","Bottled Lightning","MutagenicStrength","Frozen Egg 2","War Paint","Ice Cream","Chemical X","Pear","Shovel","Whetstone","Black Star","Dodecahedron","StoneCalendar","Gambling Chip","Lee\u0027s Waffle","Bronze Scales","Tiny Chest","DollysMirror","Singing Bowl","Sundial","Blood Vial","Du-Vu Doll","Incense Burner","Orichalcum"],"potions_floor_usage":[50,50,50],"damage_taken":[{"damage":0.0,"enemies":"Jaw Worm","floor":1.0,"turns":2.0},{"damage":0.0,"enemies":"2 Louse","floor":5.0,"turns":1.0},{"damage":4.0,"enemies":"Lagavulin","floor":7.0,"turns":4.0},{"damage":0.0,"enemies":"Gremlin Nob","floor":10.0,"turns":2.0},{"damage":0.0,"enemies":"Small Slimes","floor":11.0,"turns":2.0},{"damage":0.0,"enemies":"3 Sentries","floor":14.0,"turns":2.0},{"damage":27.0,"enemies":"The Guardian","floor":16.0,"turns":8.0},{"damage":0.0,"enemies":"Chosen","floor":18.0,"turns":2.0},{"damage":0.0,"enemies":"Shell Parasite","floor":21.0,"turns":2.0},{"damage":0.0,"enemies":"Book of Stabbing","floor":23.0,"turns":3.0},{"damage":0.0,"enemies":"Gremlin Leader","floor":25.0,"turns":2.0},{"damage":0.0,"enemies":"3 Cultists","floor":28.0,"turns":1.0},{"damage":0.0,"enemies":"Slavers","floor":29.0,"turns":1.0},{"damage":0.0,"enemies":"Gremlin Leader","floor":31.0,"turns":2.0},{"damage":22.0,"enemies":"Automaton","floor":33.0,"turns":6.0},{"damage":11.0,"enemies":"3 Darklings","floor":35.0,"turns":2.0},{"damage":0.0,"enemies":"2 Orb Walkers","floor":40.0,"turns":1.0},{"damage":0.0,"enemies":"3 Shapes","floor":42.0,"turns":5.0},{"damage":0.0,"enemies":"Nemesis","floor":45.0,"turns":1.0},{"damage":0.0,"enemies":"2 Orb Walkers","floor":47.0,"turns":1.0},{"damage":0.0,"enemies":"3 Darklings","floor":48.0,"turns":2.0},{"damage":33,"enemies":"Time Eater","floor":50,"turns":9}],"seed_played":"-894642481113240428","potions_obtained":[{"floor":1.0,"key":"LiquidBronze"},{"floor":13.0,"key":"Ancient Potion"},{"floor":13.0,"key":"Swift Potion"},{"floor":16.0,"key":"LiquidBronze"},{"floor":18.0,"key":"GamblersBrew"},{"floor":21.0,"key":"Fruit Juice"},{"floor":25.0,"key":"Fire Potion"},{"floor":29.0,"key":"Strength Potion"},{"floor":48.0,"key":"Dexterity Potion"}],"is_trial":false,"path_per_floor":["M","?","?","$","M","R","E","R","T","E","M","R","?","E","R","B",null,"M","$","?","M","?","E","?","E","T","$","M","E","R","E","R","B",null,"M","?","?","?","?","E","$","M","T","$","E","R","E","M","R","B"],"character_chosen":"THE_SILENT","items_purchased":["Membership Card","Backstab","Vajra","Lantern","Ice Cream","Chemical X","Capacitor+1","Lee\u0027s Waffle","Bronze Scales","DollysMirror"],"campfire_rested":0,"item_purchase_floors":[4,4,19,19,27,27,41,41,41,44],"current_hp_per_floor":[70,70,70,70,70,70,66,66,66,66,66,66,66,66,66,39,70,70,70,70,75,75,75,75,75,75,75,75,85,85,85,85,73,85,74,64,64,64,64,64,88,88,88,88,88,88,88,88,88,65],"gold":115,"neow_bonus":"","is_prod":false,"is_daily":true,"chose_seed":false,"campfire_upgraded":4,"win_rate":0,"timestamp":1538846634,"path_taken":["M","?","?","$","M","R","E","R","T","E","M","R","?","E","R","BOSS","M","$","?","M","?","E","?","E","T","$","M","E","R","E","R","BOSS","M","?","?","?","?","E","$","M","T","?","E","R","E","?","R","BOSS"],"build_version":"2018-10-04v2","purchased_purges":1,"victory":true,"max_hp_per_floor":[70,70,70,70,70,70,70,70,70,70,70,70,70,70,70,70,70,70,70,70,75,75,75,75,75,75,75,75,85,85,85,85,85,85,85,85,81,81,81,81,88,88,88,88,88,88,88,88,88,88],"card_choices":[{"not_picked":["Finisher","Acrobatics"],"picked":"BootSequence","floor":0.0},{"not_picked":["Terror","Turbo"],"picked":"Tempest","floor":0.0},{"not_picked":["Deadly Poison","Cloak And Dagger"],"picked":"Streamline","floor":0.0},{"not_picked":["Redo","Bane"],"picked":"Turbo","floor":0.0},{"not_picked":["Streamline","Flying Knee"],"picked":"Sweeping Beam","floor":0.0},{"not_picked":["Blade Dance","Dagger Throw"],"picked":"Go for the Eyes","floor":0.0},{"not_picked":["Rip and Tear","Compile Driver"],"picked":"Footwork","floor":0.0},{"not_picked":["Reflex","Terror"],"picked":"PiercingWail","floor":0.0},{"not_picked":["Double Energy","Turbo"],"picked":"Coolheaded","floor":0.0},{"not_picked":["Compile Driver","Slice"],"picked":"Dagger Spray","floor":0.0},{"not_picked":["Catalyst","Rebound"],"picked":"Recycle","floor":0.0},{"not_picked":["Underhanded Strike","Deflect"],"picked":"Endless Agony","floor":0.0},{"not_picked":["Quick Slash","Gash"],"picked":"FTL","floor":0.0},{"not_picked":["Streamline","Acrobatics"],"picked":"Masterful Stab","floor":0.0},{"not_picked":["Underhanded Strike","Flying Knee"],"picked":"Distraction","floor":0.0},{"not_picked":["Tactician","Outmaneuver"],"picked":"Stack","floor":1.0},{"not_picked":["Outmaneuver","Riddle With Holes"],"picked":"Cold Snap","floor":5.0},{"not_picked":["Meteor Strike","After Image"],"picked":"Envenom","floor":7.0},{"not_picked":["Tools of the Trade","Rainbow"],"picked":"Adrenaline","floor":10.0},{"not_picked":["Outmaneuver","Cold Snap"],"picked":"Ball Lightning","floor":11.0},{"not_picked":["Grand Finale","Fission"],"picked":"Envenom","floor":14.0},{"not_picked":["Creative AI","Fission"],"picked":"Corpse Explosion","floor":16.0},{"not_picked":["Double Energy","Riddle With Holes"],"picked":"Dagger Spray+1","floor":18.0},{"not_picked":["Slice","Blizzard"],"picked":"Backflip","floor":21.0},{"not_picked":["Thunder Strike","Amplify"],"picked":"Corpse Explosion","floor":23.0},{"not_picked":["Meteor Strike","Burst"],"picked":"Glass Knife","floor":25.0},{"not_picked":["Dodge and Roll","Darkness+1"],"picked":"Self Repair+1","floor":28.0},{"not_picked":["Storm of Steel","Corpse Explosion"],"picked":"Envenom+1","floor":29.0},{"not_picked":["Machine Learning+1","Fission"],"picked":"Adrenaline","floor":31.0},{"not_picked":["Machine Learning+1","Seek"],"picked":"Buffer+1","floor":33.0},{"not_picked":["Bane+1","Ball Lightning"],"picked":"Blade Dance+1","floor":35.0},{"not_picked":["Forethought","Jack Of All Trades"],"picked":"Dark Shackles","floor":36.0},{"not_picked":["PanicButton","Trip"],"picked":"Dark Shackles","floor":36.0},{"not_picked":["Finesse","Violence"],"picked":"Chrysalis","floor":36.0},{"not_picked":["Night Terror","Unload"],"picked":"Buffer+1","floor":40.0},{"not_picked":["Chaos+1","Hologram"],"picked":"Backflip+1","floor":42.0},{"not_picked":["Bullet Time","Thunder Strike"],"picked":"Wraith Form v2+1","floor":45.0},{"not_picked":["Meteor Strike","Multi-Cast"],"picked":"Doppelganger","floor":47.0},{"not_picked":["Accuracy+1","Outmaneuver"],"picked":"Calculated Gamble+1","floor":48.0}],"player_experience":1318257,"relics_obtained":[{"floor":7.0,"key":"PreservedInsect"},{"floor":9.0,"key":"Omamori"},{"floor":10.0,"key":"Nunchaku"},{"floor":14.0,"key":"Peace Pipe"},{"floor":23.0,"key":"Bottled Lightning"},{"floor":25.0,"key":"Frozen Egg 2"},{"floor":26.0,"key":"War Paint"},{"floor":29.0,"key":"Pear"},{"floor":31.0,"key":"Shovel"},{"floor":32.0,"key":"Whetstone"},{"floor":40.0,"key":"StoneCalendar"},{"floor":40.0,"key":"Gambling Chip"},{"floor":43.0,"key":"Tiny Chest"},{"floor":45.0,"key":"Singing Bowl"},{"floor":45.0,"key":"Sundial"},{"floor":46.0,"key":"Blood Vial"},{"floor":47.0,"key":"Du-Vu Doll"},{"floor":47.0,"key":"Incense Burner"},{"floor":49.0,"key":"Orichalcum"}],"event_choices":[{"event_name":"Liars Game","player_choice":"agreed","floor":2.0,"damage_taken":0.0},{"event_name":"Living Wall","player_choice":"Grow","floor":3.0,"damage_taken":0.0},{"event_name":"The Woman in Blue","player_choice":"Bought 2 Potions","floor":13.0,"damage_taken":0.0},{"event_name":"Nest","player_choice":"Stole From Cult","floor":20.0,"damage_taken":0.0},{"event_name":"Addict","player_choice":"Stole Relic","floor":22.0,"damage_taken":0.0},{"event_name":"Drug Dealer","player_choice":"Inject Mutagens","floor":24.0,"damage_taken":0.0},{"event_name":"SensoryStone","player_choice":"Memory 3","floor":36.0,"damage_taken":0.0},{"event_name":"Winding Halls","player_choice":"Max HP","floor":37.0,"damage_taken":0.0},{"event_name":"Purifier","player_choice":"One Purge","floor":38.0,"damage_taken":0.0},{"event_name":"WeMeetAgain","player_choice":"Card","floor":39.0,"damage_taken":0.0}],"is_beta":false,"boss_relics":[{"not_picked":["White Beast Statue","Eternal Feather"],"picked":"Fusion Hammer"},{"not_picked":["Astrolabe","Calling Bell"],"picked":"Black Star"}],"items_purged_floors":[4],"is_endless":false,"potions_floor_spawned":[1,14,16,18,21,25,29,48],"ascension_level":0}