{"gold_per_floor":[114,73,73,88,88,118,118,178,178,178,208,208,57,72,72,172,172,187,187,112,127,27,27,57,57,57,87,102,117,147,147,147,247,247,262,0,15,30,30,60,60,90,90,90,120,120,120,135,135,135],"floor_reached":50,"playtime":2864,"items_purged":["Meteor Strike","All For One"],"score":877,"play_id":"034deb95-c4ae-4bac-8beb-29beb6345d62","local_time":"20180719130206","daily_mods":["Shiny","Elite Swarm","Terminal"],"is_ascension_mode":false,"campfire_choices":[{"data":"Biased Cognition","floor":7,"key":"SMITH"},{"data":"Electrodynamics","floor":10,"key":"SMITH"},{"data":"Buffer","floor":15,"key":"SMITH"},{"data":"Seek","floor":23,"key":"SMITH"},{"data":"Defragment","floor":25,"key":"SMITH"},{"floor":32,"key":"REST"},{"floor":41,"key":"REST"},{"floor":44,"key":"REST"},{"data":"Thunder Strike","floor":46,"key":"SMITH"},{"data":"Buffer","floor":49,"key":"SMITH"}],"neow_cost":"","seed_source_timestamp":0,"circlet_count":0,"master_deck":["Multi-Cast","Hyperbeam","Thunder Strike+1","Biased Cognition+1","Machine Learning","Electrodynamics+1","Buffer+1","Rainbow","Seek+1","Echo Form+1","Reboot","Amplify+1","Fission","Core Surge","Storm","Core Surge","Defragment+1","Seek+1","Biased Cognition","Redo+1","Biased Cognition","Writhe","Buffer+1"],"special_seed":17731,"relics":["Cracked Core","Boot","Ice Cream","Tiny Chest","Bottled Lightning","Bottled Tornado","Incense Burner","Cursed Key","Ancient Tea Set","Ginger","Nuclear Battery","Red Mask","Symbiotic Virus","Emotion Chip","Omamori"],"potions_floor_usage":[6,31,40,40,40,40,40,50],"damage_taken":[{"damage":0,"enemies":"2 Louse","floor":1,"turns":1},{"damage":6,"enemies":"Jaw Worm","floor":4,"turns":3},{"damage":3,"enemies":"3 Sentries","floor":6,"turns":3},{"damage":0,"enemies":"Gremlin Nob","floor":8,"turns":2},{"damage":13,"enemies":"Lagavulin","floor":11,"turns":4},{"damage":0,"enemies":"Cultist","floor":14,"turns":2},{"damage":0,"enemies":"The Guardian","floor":16,"turns":5},{"damage":0,"enemies":"2 Thieves","floor":18,"turns":1},{"damage":0,"enemies":"Shell Parasite","floor":21,"turns":4},{"damage":0,"enemies":"Slavers","floor":24,"turns":1},{"damage":0,"enemies":"Gremlin Leader","floor":27,"turns":2},{"damage":0,"enemies":"Snecko","floor":28,"turns":2},{"damage":0,"enemies":"Centurion and Healer","floor":29,"turns":1},{"damage":0,"enemies":"Slavers","floor":30,"turns":1},{"damage":0,"enemies":"Collector","floor":33,"turns":5},{"damage":0,"enemies":"Flame Bruiser 1 Orb","floor":35,"turns":1},{"damage":0,"enemies":"3 Shapes","floor":37,"turns":1},{"damage":0,"enemies":"3 Darklings","floor":38,"turns":1},{"damage":34,"enemies":"Nemesis","floor":40,"turns":3},{"damage":0,"enemies":"Giant Head","floor":42,"turns":3},{"damage":0,"enemies":"2 Orb Walkers","floor":45,"turns":1},{"damage":0,"enemies":"Maw","floor":48,"turns":3},{"damage":28,"enemies":"Time Eater","floor":50,"turns":2}],"seed_played":"-3692985004623791933","potions_obtained":[{"floor":1,"key":"Regen Potion"},{"floor":8,"key":"Weak Potion"},{"floor":18,"key":"EssenceOfSteel"},{"floor":21,"key":"LiquidBronze"},{"floor":28,"key":"PowerPotion"},{"floor":30,"key":"Fruit Juice"},{"floor":35,"key":"EntropicBrew"}],"is_trial":false,"path_per_floor":["M","$","?","M","?","E","R","E","T","R","E","T","$","M","R","B",null,"M","?","?","M","$","R","E","R","T","E","M","M","E","?","R","B",null,"M","?","M","M","?","E","R","E","T","R","E","R","?","M","R"],"character_chosen":"DEFECT","items_purchased":["Storm","Defragment"],"campfire_rested":3,"item_purchase_floors":[2,13],"current_hp_per_floor":[73,72,58,52,49,55,55,55,55,55,42,42,42,42,42,42,57,56,55,54,53,52,51,50,49,48,47,46,45,44,33,47,46,45,44,43,42,41,40,6,17,17,17,27,27,27,27,27,27,0],"gold":135,"neow_bonus":"","is_prod":false,"is_daily":true,"chose_seed":false,"campfire_upgraded":7,"win_rate":0.0,"timestamp":1531998126,"path_taken":["M","$","?","?","?","E","R","E","T","R","E","?","?","M","R","BOSS","M","?","?","?","$","R","E","R","T","E","?","?","E","?","R","BOSS","M","?","?","?","?","E","R","E","T","R","E","R","?","M","R","BOSS"],"build_version":"2018-07-12","purchased_purges":2,"victory":false,"max_hp_per_floor":[73,72,71,70,69,68,67,66,65,64,63,62,61,60,59,58,57,56,55,54,53,52,51,50,49,48,47,46,45,44,48,47,46,45,44,43,42,41,40,39,38,37,36,35,34,33,32,31,30,30],"card_choices":[{"not_picked":["Glacier","Streamline","Auto Shields"],"picked":"SKIP","floor":1},{"not_picked":["Cold Snap","Coolheaded","Doom and Gloom"],"picked":"SKIP","floor":4},{"not_picked":["Meteor Strike","Echo Form"],"picked":"Core Surge","floor":6},{"not_picked":["Buffer","All For One","Amplify"],"picked":"SKIP","floor":8},{"not_picked":["Fission","Echo Form","Electrodynamics"],"picked":"SKIP","floor":11},{"not_picked":["Steam","Hello World","Stack"],"picked":"SKIP","floor":14},{"not_picked":["Core Surge","Multi-Cast"],"picked":"Seek","floor":16},{"not_picked":["Leap","BootSequence+1","Sweeping Beam"],"picked":"SKIP","floor":18},{"not_picked":["Glacier","Recycle","Gash"],"picked":"SKIP","floor":21},{"not_picked":["Electrodynamics","Creative AI"],"picked":"Biased Cognition","floor":24},{"not_picked":["Machine Learning","Seek","All For One"],"picked":"SKIP","floor":27},{"not_picked":["Go for the Eyes","Sweeping Beam+1"],"picked":"Redo+1","floor":28},{"not_picked":["Coolheaded","Skim+1","Gash+1"],"picked":"SKIP","floor":29},{"not_picked":["Reboot","All For One","Echo Form"],"picked":"SKIP","floor":30},{"not_picked":["Hyperbeam","Reboot"],"picked":"Biased Cognition","floor":33},{"not_picked":["Conserve Battery","Streamline","Melter+1"],"picked":"SKIP","floor":35},{"not_picked":["Beam Cell","Rebound+1","Self Repair+1"],"picked":"SKIP","floor":37},{"not_picked":["Gash","Chill+1","Genetic Algorithm"],"picked":"SKIP","floor":38},{"not_picked":["Fission","Biased Cognition","Creative AI"],"picked":"SKIP","floor":40},{"not_picked":["Creative AI","Amplify"],"picked":"Buffer","floor":42},{"not_picked":["Fission","Core Surge","Multi-Cast"],"picked":"SKIP","floor":45},{"not_picked":["Sunder+1","Hologram+1","Compile Driver"],"picked":"SKIP","floor":48}],"player_experience":218136,"relics_obtained":[{"floor":6,"key":"Ice Cream"},{"floor":8,"key":"Tiny Chest"},{"floor":9,"key":"Bottled Lightning"},{"floor":11,"key":"Bottled Tornado"},{"floor":12,"key":"Incense Burner"},{"floor":24,"key":"Ancient Tea Set"},{"floor":30,"key":"Ginger"},{"floor":40,"key":"Symbiotic Virus"},{"floor":42,"key":"Emotion Chip"},{"floor":45,"key":"Omamori"}],"event_choices":[{"event_name":"Shining Light","player_choice":"Entered Light","floor":3,"damage_taken":0},{"event_name":"Scrap Ooze","player_choice":"success","floor":5,"damage_taken":3},{"event_name":"Accursed Blacksmith","player_choice":"Forge","floor":19,"damage_taken":0},{"event_name":"Beggar","player_choice":"Gave Gold","floor":20,"damage_taken":0},{"event_name":"Cursed Tome","player_choice":"Obtained Book","floor":31,"damage_taken":0},{"event_name":"Tomb of Lord Red Mask","player_choice":"Paid","floor":36,"damage_taken":0},{"event_name":"Winding Halls","player_choice":"Writhe","floor":39,"damage_taken":0},{"event_name":"SensoryStone","player_choice":"Memory 1","floor":47,"damage_taken":0}],"boss_relics":[{"not_picked":["Philosopher\u0027s Stone","Snecko Eye"],"picked":"Cursed Key"},{"not_picked":["Fusion Hammer","Black Star"],"picked":"Nuclear Battery"}],"items_purged_floors":[13,22],"is_endless":false,"potions_floor_spawned":[1,8,18,21,28,30,35],"killed_by":"Time Eater","ascension_level":0}