{"gold_per_floor":[114,289,289,304,38,38,50,69,69,69,42,42,317,337,337,440,440,460,25,25,44,56,56,76,76],"floor_reached":25,"playtime":1206,"items_purged":["Strike_B"],"score":193,"play_id":"d07ceac3-fa49-43d2-b51d-13a553399d2a","local_time":"20181020182700","is_ascension_mode":false,"campfire_choices":[{"data":"Zap","floor":6,"key":"SMITH"},{"data":"Echo Form","floor":10,"key":"SMITH"},{"floor":15,"key":"REST"},{"floor":23,"key":"REST"}],"neow_cost":"CURSE","seed_source_timestamp":780177819896130,"circlet_count":0,"master_deck":["Strike_B","Strike_B","Defend_B+1","Defend_B","Defend_B","Zap+1","Dualcast+1","Writhe","Lockon","Seek","Ball Lightning","Ball Lightning","Cold Snap","Redo","Echo Form+1","Go for the Eyes","Regret","Capacitor","Multi-Cast","Chaos","Go for the Eyes","Rip and Tear","Beam Cell+1","Self Repair"],"relics":["FrozenCore","Letter Opener","Bottled Tornado","Incense Burner","Ginger"],"potions_floor_usage":[18,24],"damage_taken":[{"damage":6,"enemies":"Jaw Worm","floor":1,"turns":3},{"damage":2,"enemies":"2 Louse","floor":4,"turns":2},{"damage":5,"enemies":"Small Slimes","floor":7,"turns":2},{"damage":12,"enemies":"Exordium Wildlife","floor":8,"turns":2},{"damage":4,"enemies":"Large Slime","floor":14,"turns":5},{"damage":32,"enemies":"Hexaghost","floor":16,"turns":9},{"damage":12,"enemies":"Shell Parasite","floor":18,"turns":6},{"damage":11,"enemies":"Spheric Guardian","floor":21,"turns":4},{"damage":18,"enemies":"Snecko","floor":22,"turns":5},{"damage":5,"enemies":"Snake Plant","floor":24,"turns":4},{"damage":54,"enemies":"Slavers","floor":25,"turns":5}],"seed_played":"3263006479285116960","potions_obtained":[{"floor":7,"key":"FairyPotion"},{"floor":16,"key":"SteroidPotion"},{"floor":21,"key":"SteroidPotion"}],"is_trial":false,"path_per_floor":["M","?","?","M","$","R","M","M","T","R","$","T","?","M","R","B",null,"M","$","?","M","M","R","M"],"character_chosen":"DEFECT","items_purchased":["Letter Opener","Cold Snap","Go for the Eyes","Ginger","Go for the Eyes"],"campfire_rested":2,"item_purchase_floors":[5,5,11,19,19],"current_hp_per_floor":[69,69,54,52,52,52,47,35,35,35,35,35,35,31,53,21,75,63,63,63,52,34,56,51,5],"gold":76,"neow_bonus":"TRANSFORM_TWO_CARDS","is_prod":false,"is_daily":false,"chose_seed":false,"campfire_upgraded":2,"win_rate":0.0,"timestamp":1540013220,"path_taken":["M","?","?","M","$","R","M","M","T","R","$","?","?","M","R","BOSS","M","$","?","M","M","R","M","E"],"build_version":"2018-10-18","purchased_purges":1,"victory":false,"max_hp_per_floor":[75,75,75,75,75,75,75,75,75,75,75,75,75,75,75,75,75,75,75,75,75,75,75,75,75],"card_choices":[{"not_picked":["Cold Snap","Rebound"],"picked":"Ball Lightning","floor":1},{"not_picked":["Turbo","Undo"],"picked":"Ball Lightning","floor":4},{"not_picked":["Conserve Battery","Barrage"],"picked":"Redo","floor":7},{"not_picked":["Streamline","Doom and Gloom"],"picked":"Echo Form","floor":8},{"not_picked":["Aggregate","Turbo"],"picked":"Capacitor","floor":14},{"not_picked":["Biased Cognition","Meteor Strike"],"picked":"Multi-Cast","floor":16},{"not_picked":["Streamline","Leap+1"],"picked":"Chaos","floor":18},{"not_picked":["Stack","Skim"],"picked":"Rip and Tear","floor":21},{"not_picked":["Cold Snap+1","Go for the Eyes+1"],"picked":"Beam Cell+1","floor":22},{"not_picked":["Hologram","Streamline"],"picked":"Self Repair","floor":24}],"player_experience":135843,"relics_obtained":[{"floor":9,"key":"Bottled Tornado"},{"floor":12,"key":"Incense Burner"}],"event_choices":[{"damage_healed":0,"gold_gain":175,"player_choice":"AGREE","damage_taken":0,"max_hp_gain":0,"max_hp_loss":0,"event_name":"Liars Game","floor":2,"gold_loss":0,"cards_obtained":["Doubt"]},{"damage_healed":0,"gold_gain":0,"player_choice":"Entered Light","damage_taken":15,"max_hp_gain":0,"max_hp_loss":0,"event_name":"Shining Light","floor":3,"gold_loss":0,"cards_upgraded":["Defend_B","Dualcast"]},{"damage_healed":0,"gold_gain":275,"player_choice":"Desecrate","damage_taken":0,"max_hp_gain":0,"max_hp_loss":0,"event_name":"Golden Shrine","floor":13,"gold_loss":0,"cards_obtained":["Regret"]},{"cards_removed":["Doubt"],"damage_healed":0,"gold_gain":0,"player_choice":"Purged","damage_taken":0,"max_hp_gain":0,"max_hp_loss":0,"event_name":"Purifier","floor":20,"gold_loss":0}],"is_beta":false,"boss_relics":[{"not_picked":["Snecko Eye","White Beast Statue"],"picked":"FrozenCore"}],"items_purged_floors":[19],"is_endless":false,"potions_floor_spawned":[7,16,21],"killed_by":"Slavers","ascension_level":0}