{"path_per_floor":["M","M","?","?","$","R","?","?","T","R","M","E","M","M","R","B",null,"M","?","?","M","M","R","M","?","T","R","M","$","E","M","R","B",null,"M","?","?","M","M","R","E","R","T","R","M","E","R","M","R","B"],"character_chosen":"DEFECT","items_purchased":["Explosive Potion","Toolbox"],"gold_per_floor":[115,127,127,127,1,1,1,1,1,1,19,58,77,97,97,226,226,251,251,251,272,286,286,305,349,349,349,365,27,67,85,85,214,214,237,237,237,258,279,279,314,314,314,314,329,373,373,386,386,386],"floor_reached":51,"campfire_rested":4,"playtime":3633,"current_hp_per_floor":[74,74,74,59,59,59,59,59,59,59,59,38,38,40,62,18,75,74,74,74,67,55,55,49,53,53,53,34,34,23,15,37,47,75,70,70,70,70,64,64,25,47,47,69,58,72,72,79,79,14],"items_purged":["Regret","Strike_B"],"gold":386,"score":701,"play_id":"162a4f15-95ab-4dde-a7dd-8895f5f2ae91","local_time":"20180428154244","is_prod":false,"is_daily":false,"chose_seed":false,"is_ascension_mode":false,"campfire_upgraded":7,"timestamp":1524922964,"path_taken":["M","M","?","?","$","R","?","?","T","R","?","E","M","M","R","BOSS","M","?","?","M","M","R","M","?","T","R","M","$","E","?","R","BOSS","M","?","?","?","M","R","E","R","T","R","M","E","R","M","R","BOSS"],"build_version":"2018-04-27v3","seed_source_timestamp":8887881844619,"purchased_purges":2,"victory":true,"master_deck":["Strike_B+1","Defend_B+1","Defend_B","Defend_B","Zap+1","Dualcast+1","Leap","Self Repair","Beam Cell","Defragment+1","Ball Lightning","Rainbow+1","FTL","Streamline+1","Capacitor+1","Blaster+1","Conserve Battery+1","Redo+1","Hello World+1","Machine Learning+1","Defragment+1","Chaos+1","Biased Cognition+1","Barrage+1","Double Energy","Buffer+1","Coolheaded+1"],"max_hp_per_floor":[75,75,75,75,75,75,75,75,75,75,75,75,75,75,75,75,75,75,75,75,75,75,75,75,75,75,75,75,75,75,75,75,75,75,75,75,75,75,75,75,75,75,75,75,75,89,89,89,89,89],"relics":["Cracked Core","Gremlin Horn","Golden Idol","Question Card","Centennial Puzzle","Nuclear Battery","Spirit Poop","Red Mask","Letter Opener","Toolbox","Ginger","Astrolabe","Thread and Needle","Darkstone Periapt","Mango"],"card_choices":[{"not_picked":["Sweeping Beam","Reinforced Body"],"picked":"Leap","floor":1.0},{"not_picked":["Streamline","Leap","Rip and Tear"],"picked":"Self Repair","floor":11.0},{"not_picked":["Storm","Blizzard","Buffer"],"picked":"Beam Cell","floor":12.0},{"not_picked":["Barrage","Cold Snap","Seek"],"picked":"Defragment","floor":13.0},{"not_picked":["Darkness","Skim","Capacitor"],"picked":"Ball Lightning","floor":14.0},{"not_picked":["Amplify","Reboot","Fusion"],"picked":"Rainbow","floor":16.0},{"not_picked":["Streamline","Hologram","Loop"],"picked":"FTL","floor":18.0},{"not_picked":["Sweeping Beam","Scrape","Beam Cell"],"picked":"Streamline","floor":21.0},{"not_picked":["Leap","Flux Capacitor","Sweeping Beam"],"picked":"Capacitor","floor":22.0},{"not_picked":["White Noise","Blizzard","Axe Kick"],"picked":"Blaster","floor":25.0},{"not_picked":["Streamline","Cold Snap","Leap"],"picked":"Conserve Battery","floor":28.0},{"not_picked":["Reinforced Body","Melter","Force Field"],"picked":"Redo","floor":30.0},{"not_picked":["Barrage","Axe Kick","Stack"],"picked":"Hello World","floor":31.0},{"not_picked":["Thunder Strike","Creative AI","All For One"],"picked":"Machine Learning","floor":33.0},{"not_picked":["Streamline","Ball Lightning","Reprogram"],"picked":"Barrage","floor":35.0},{"not_picked":["Leap","Beam Cell","Barrage"],"picked":"Double Energy","floor":39.0},{"not_picked":["Gash","Fission","Conserve Battery"],"picked":"Buffer","floor":41.0},{"not_picked":["Cold Snap","Stack","Chaos"],"picked":"Coolheaded","floor":48.0}],"player_experience":4432,"potions_floor_usage":[50,50,50],"damage_taken":[{"damage":1.0,"enemies":"Jaw Worm","floor":1.0,"turns":5.0},{"damage":0.0,"enemies":"Small Slimes","floor":2.0,"turns":3.0},{"damage":0.0,"enemies":"2 Louse","floor":11.0,"turns":3.0},{"damage":28.0,"enemies":"Gremlin Nob","floor":12.0,"turns":4.0},{"damage":7.0,"enemies":"Blue Slaver","floor":13.0,"turns":3.0},{"damage":5.0,"enemies":"Looter","floor":14.0,"turns":3.0},{"damage":51.0,"enemies":"Hexaghost","floor":16.0,"turns":9.0},{"damage":8.0,"enemies":"2 Thieves","floor":18.0,"turns":3.0},{"damage":14.0,"enemies":"3 Byrds","floor":21.0,"turns":4.0},{"damage":19.0,"enemies":"Cultist and Chosen","floor":22.0,"turns":5.0},{"damage":13.0,"enemies":"Centurion and Healer","floor":24.0,"turns":6.0},{"damage":3.0,"enemies":"Masked Bandits","floor":25.0,"turns":3.0},{"damage":26.0,"enemies":"Cultist and Chosen","floor":28.0,"turns":5.0},{"damage":18.0,"enemies":"Slavers","floor":30.0,"turns":5.0},{"damage":15.0,"enemies":"Sentry and Sphere","floor":31.0,"turns":4.0},{"damage":12.0,"enemies":"Champ","floor":33.0,"turns":17.0},{"damage":12.0,"enemies":"3 Darklings","floor":35.0,"turns":4.0},{"damage":7.0,"enemies":"Orb Walker","floor":38.0,"turns":3.0},{"damage":13.0,"enemies":"Sphere and 2 Shapes","floor":39.0,"turns":6.0},{"damage":46.0,"enemies":"Giant Head","floor":41.0,"turns":9.0},{"damage":18.0,"enemies":"Spire Growth","floor":45.0,"turns":4.0},{"damage":7.0,"enemies":"Nemesis","floor":46.0,"turns":11.0},{"damage":0.0,"enemies":"4 Shapes","floor":48.0,"turns":6.0},{"damage":65,"enemies":"Awakened One","floor":50,"turns":15}],"event_choices":[{"event_name":"Big Fish","player_choice":"Box","floor":3.0,"damage_taken":0.0},{"event_name":"Shining Light","player_choice":"Entered Light","floor":4.0,"damage_taken":0.0},{"event_name":"Golden Idol","player_choice":"Take Wound","floor":7.0,"damage_taken":0.0},{"event_name":"The Cleric","player_choice":"Leave","floor":8.0,"damage_taken":0.0},{"event_name":"Bonfire Elementals","player_choice":"CURSE","floor":19.0,"damage_taken":0.0},{"event_name":"Ghosts","player_choice":"Ignored","floor":20.0,"damage_taken":0.0},{"event_name":"Masked Bandits","player_choice":"Fought over 305 gold","floor":25.0,"damage_taken":0.0},{"event_name":"Accursed Blacksmith","player_choice":"Forge","floor":36.0,"damage_taken":0.0},{"event_name":"Tomb of Lord Red Mask","player_choice":"Ignored","floor":37.0,"damage_taken":0.0}],"boss_relics":[],"potions_floor_spawned":[12,16,18,25,31,41,45,46],"seed_played":"3331881623916072025","ascension_level":0,"is_trial":false}