{"gold_per_floor":[116,116,128,148,163,163,176,176,176,193,193,213,231,251,251,346,346,319,319,59,59,86,86,99,109,109,109,109,109,109,128,128,128],"floor_reached":33,"playtime":1269,"items_purged":[],"score":337,"play_id":"68c8f7f7-51f6-4b13-a236-42274dba25c7","local_time":"20190201021724","is_ascension_mode":true,"campfire_choices":[{"floor":6,"key":"REST"},{"data":"True Grit","floor":8,"key":"SMITH"},{"data":"Demon Form","floor":11,"key":"SMITH"},{"floor":15,"key":"REST"},{"data":"True Grit","floor":23,"key":"SMITH"},{"floor":27,"key":"REST"},{"data":"Shockwave","floor":29,"key":"SMITH"},{"floor":32,"key":"REST"}],"neow_cost":"NONE","seed_source_timestamp":706078787767978,"circlet_count":0,"master_deck":["Strike_R+1","Strike_R+1","Strike_R+1","Strike_R+1","Strike_R+1","Defend_R+1","Defend_R+1","Defend_R+1","Defend_R+1","Bash","Berserk","Headbutt","Iron Wave","Demon Form+1","Fire Breathing","True Grit+1","Iron Wave","True Grit+1","Power Through","Double Tap","Dropkick+1","Shockwave+1","Havoc+1","Double Tap"],"relics":["Burning Blood","Oddly Smooth Stone","Philosopher\u0027s Stone","Shuriken","Bag of Preparation","Ancient Tea Set"],"potions_floor_usage":[14,16,18,33,33],"damage_taken":[{"damage":18,"enemies":"Jaw Worm","floor":1,"turns":4},{"damage":4,"enemies":"Cultist","floor":3,"turns":3},{"damage":7,"enemies":"Small Slimes","floor":4,"turns":3},{"damage":51,"enemies":"Exordium Thugs","floor":5,"turns":5},{"damage":1,"enemies":"2 Fungi Beasts","floor":7,"turns":3},{"damage":8,"enemies":"Red Slaver","floor":10,"turns":4},{"damage":1,"enemies":"Looter","floor":12,"turns":3},{"damage":17,"enemies":"Exordium Wildlife","floor":13,"turns":9},{"damage":19,"enemies":"Large Slime","floor":14,"turns":4},{"damage":31,"enemies":"Slime Boss","floor":16,"turns":8},{"damage":20,"enemies":"2 Thieves","floor":18,"turns":5},{"damage":6,"enemies":"Shell Parasite","floor":24,"turns":4},{"damage":32,"enemies":"Sentry and Sphere","floor":25,"turns":5},{"damage":14,"enemies":"Chosen and Byrds","floor":31,"turns":6},{"damage":67,"enemies":"Champ","floor":33,"turns":6}],"seed_played":"6050079375702866904","potions_obtained":[{"floor":3,"key":"Fire Potion"},{"floor":10,"key":"Dexterity Potion"},{"floor":13,"key":"GamblersBrew"},{"floor":16,"key":"Fire Potion"},{"floor":25,"key":"FearPotion"}],"is_trial":false,"path_per_floor":["M","$","M","M","M","R","M","R","T","M","R","M","M","M","R","B",null,"M","?","$","?","T","R","M","M","T","R","$","R","?","M","R","B"],"character_chosen":"IRONCLAD","items_purchased":["Shuriken"],"campfire_rested":4,"item_purchase_floors":[20],"current_hp_per_floor":[60,60,62,61,16,40,45,45,45,43,43,48,37,24,48,23,66,52,37,37,37,37,37,37,11,11,36,36,36,36,28,53,0],"gold":128,"neow_bonus":"ONE_RANDOM_RARE_CARD","is_prod":false,"is_daily":false,"chose_seed":false,"campfire_upgraded":4,"win_rate":0,"timestamp":1548962244,"path_taken":["M","$","M","M","M","R","M","R","T","M","R","M","M","M","R","BOSS","M","?","$","?","?","R","?","M","T","R","?","R","?","M","R","BOSS"],"build_version":"2019-01-23","purchased_purges":0,"victory":false,"max_hp_per_floor":[80,80,80,80,80,80,80,80,80,80,80,80,80,80,80,80,80,80,85,85,85,85,85,85,85,85,85,85,85,85,85,85,85],"card_choices":[{"not_picked":["Thunderclap","Flex"],"picked":"Headbutt","floor":1},{"not_picked":["Heavy Blade","Body Slam"],"picked":"Iron Wave","floor":3},{"not_picked":["Sever Soul","Armaments"],"picked":"Demon Form","floor":4},{"not_picked":["Heavy Blade","Rupture"],"picked":"Fire Breathing","floor":5},{"not_picked":["Iron Wave","Headbutt"],"picked":"True Grit","floor":7},{"not_picked":["Perfected Strike","Sword Boomerang"],"picked":"Iron Wave","floor":10},{"not_picked":["Iron Wave","Clothesline"],"picked":"True Grit","floor":12},{"not_picked":["Twin Strike","Cleave","Headbutt"],"picked":"SKIP","floor":13},{"not_picked":["True Grit","Intimidate"],"picked":"Power Through","floor":14},{"not_picked":["Immolate","Dark Embrace"],"picked":"Double Tap","floor":16},{"not_picked":["Headbutt","Sword Boomerang"],"picked":"Dropkick+1","floor":18},{"not_picked":["Iron Wave","Bloodletting"],"picked":"Shockwave","floor":24},{"not_picked":["Iron Wave","Body Slam"],"picked":"Havoc+1","floor":25},{"not_picked":["Clash+1","Armaments","Thunderclap"],"picked":"SKIP","floor":31}],"player_experience":299576,"relics_obtained":[{"floor":9,"key":"Oddly Smooth Stone"},{"floor":22,"key":"Bag of Preparation"},{"floor":26,"key":"Ancient Tea Set"}],"event_choices":[{"damage_healed":0,"gold_gain":0,"player_choice":"Shed Blood","damage_taken":20,"max_hp_gain":5,"max_hp_loss":0,"event_name":"Forgotten Altar","floor":19,"gold_loss":0},{"damage_healed":0,"gold_gain":0,"player_choice":"Simplicity","damage_taken":0,"max_hp_gain":0,"max_hp_loss":0,"event_name":"Back to Basics","floor":21,"gold_loss":0,"cards_upgraded":["Strike_R","Strike_R","Strike_R","Strike_R","Strike_R","Defend_R","Defend_R","Defend_R","Defend_R"]},{"damage_healed":0,"gold_gain":0,"player_choice":"1 cards matched","damage_taken":0,"max_hp_gain":0,"max_hp_loss":0,"event_name":"Match and Keep!","floor":30,"gold_loss":0,"cards_obtained":["Double Tap"]}],"is_beta":false,"boss_relics":[{"not_picked":["Coffee Dripper","Lizard Tail"],"picked":"Philosopher\u0027s Stone"}],"items_purged_floors":[],"is_endless":false,"potions_floor_spawned":[3,10,13,16,25],"killed_by":"Champ","ascension_level":8}