{"path_per_floor":["M","$","?","?","M","R","?","M","T","E","M","E","M","?","R","B",null,"M","?","M","?","$","R","?","R","T","E","R","$","?","E","R","B",null,"M","?","M","M","M","R","M","E","T","M","R","?","R","M","R","B"],"character_chosen":"THE_SILENT","items_purchased":["War Paint","Ninja Scroll","Deadly Poison"],"gold_per_floor":[114,39,39,39,54,54,229,244,244,274,289,319,334,334,334,434,434,449,449,464,464,64,64,64,64,64,94,94,41,41,71,71,171,171,186,221,236,251,266,266,281,311,611,626,626,626,626,641,641,641],"floor_reached":51,"campfire_rested":4,"playtime":2141,"current_hp_per_floor":[69,69,69,69,69,69,75,75,81,71,67,63,54,42,42,7,88,65,55,49,30,30,30,30,30,36,30,61,61,61,47,78,10,111,111,85,44,38,26,59,55,25,31,21,56,102,102,101,101,33],"items_purged":["Strike_G"],"gold":641,"score":924,"play_id":"71d38597-55e3-4c9c-b83d-47dfaad5c6e4","local_time":"20180325205732","daily_mods":["Heirloom","Cursed Run","Elite Swarm"],"is_prod":false,"is_daily":true,"is_ascension_mode":false,"campfire_upgraded":2,"timestamp":1522004252,"path_taken":["M","$","?","?","M","R","?","?","T","E","M","E","M","?","R","BOSS","M","?","M","?","$","R","?","R","T","E","R","$","?","E","R","BOSS","M","?","?","M","M","R","M","E","T","M","R","?","R","M","R","BOSS"],"build_version":"2018-03-22v2","purchased_purges":1,"victory":true,"master_deck":["Defend_G+1","Defend_G","Defend_G","Defend_G","Defend_G","Strike_G","Strike_G","Strike_G","Survivor+1","Neutralize+1","Blur","Poisoned Stab+1","Doubt","Deadly Poison+1","Writhe","Corpse Explosion+1","Storm of Steel","Deadly Poison","Decay","Venomology","Necronomicurse","Deadly Poison+1","Writhe","Deadly Poison","Pain","Dash","Dash","Doubt","Writhe"],"max_hp_per_floor":[70,70,70,70,70,70,76,76,82,82,82,82,82,82,82,88,88,88,94,94,99,99,99,99,99,105,105,105,105,105,105,105,111,111,111,111,111,111,111,111,111,111,117,117,117,102,102,104,104,110],"relics":["Cursed Key","Darkstone Periapt","Du-Vu Doll","Girya","Bronze Scales","Shovel","Orichalcum","Lizard Tail","Necronomicon","War Paint","Ninja Scroll","Vajra","Dodecahedron","Bird Faced Urn","Oddly Smooth Stone","Whetstone","Ginger","Toxic Egg 2","Old Coin","Singing Bowl","Ancient Tea Set"],"card_choices":[{"not_picked":["Deflect","Eviscerate"],"picked":"Blur","floor":1},{"not_picked":["Predator","Prepared"],"picked":"Poisoned Stab","floor":5},{"not_picked":["Bane","Deflect"],"picked":"Deadly Poison","floor":8},{"not_picked":["After Image","Envenom"],"picked":"Corpse Explosion","floor":10},{"not_picked":["Phantasmal Killer","Night Terror"],"picked":"Storm of Steel","floor":12},{"not_picked":["Sucker Punch","Dagger Spray"],"picked":"Deadly Poison","floor":13},{"not_picked":["Tactician","Tools of the Trade"],"picked":"Venomology","floor":16},{"not_picked":["Prepared","Leg Sweep"],"picked":"Deadly Poison","floor":20},{"not_picked":["Underhanded Strike","Bane"],"picked":"Dash","floor":35},{"not_picked":["Flying Knee","Blade Dance"],"picked":"Dash","floor":38}],"player_experience":165358,"potions_floor_usage":[12,12,16,20,20,27,27,31,31,33,33,33,33,36,39,42,42,42,42,50,50],"damage_taken":[{"damage":1,"enemies":"Jaw Worm","floor":1,"turns":4},{"damage":0,"enemies":"Cultist","floor":5,"turns":5},{"damage":0,"enemies":"2 Louse","floor":8,"turns":3},{"damage":10,"enemies":"3 Sentries","floor":10,"turns":9},{"damage":4,"enemies":"Blue Slaver","floor":11,"turns":3},{"damage":13,"enemies":"Gremlin Nob","floor":12,"turns":5},{"damage":9,"enemies":"3 Louse","floor":13,"turns":2},{"damage":41,"enemies":"Slime Boss","floor":16,"turns":12},{"damage":23,"enemies":"Spheric Guardian","floor":18,"turns":6},{"damage":6,"enemies":"3 Byrds","floor":20,"turns":3},{"damage":18,"enemies":"Book of Stabbing","floor":27,"turns":5},{"damage":14,"enemies":"Slavers","floor":31,"turns":5},{"damage":74,"enemies":"Collector","floor":33,"turns":9},{"damage":0,"enemies":"Orb Walker","floor":35,"turns":3},{"damage":26,"enemies":"Mysterious Sphere","floor":36,"turns":5},{"damage":41,"enemies":"3 Darklings","floor":37,"turns":4},{"damage":6,"enemies":"4 Shapes","floor":38,"turns":6},{"damage":12,"enemies":"Maw","floor":39,"turns":7},{"damage":4,"enemies":"Sphere and 2 Shapes","floor":41,"turns":3},{"damage":30,"enemies":"2 Orb Walkers","floor":42,"turns":5},{"damage":10,"enemies":"4 Shapes","floor":44,"turns":5},{"damage":3,"enemies":"Maw","floor":48,"turns":6},{"damage":130,"enemies":"Awakened One","floor":50,"turns":18}],"event_choices":[{"event_name":"Match and Keep!","player_choice":"0 cards matched","floor":3,"damage_taken":0},{"event_name":"The Cleric","player_choice":"Leave","floor":4,"damage_taken":0},{"event_name":"Liars Game","player_choice":"agreed","floor":7,"damage_taken":0},{"event_name":"Scrap Ooze","player_choice":"success","floor":14,"damage_taken":12},{"event_name":"Cursed Tome","player_choice":"Obtained Book","floor":19,"damage_taken":0},{"event_name":"Forgotten Altar","player_choice":"Shed Blood","floor":21,"damage_taken":0},{"event_name":"Addict","player_choice":"Ignored","floor":24,"damage_taken":0},{"event_name":"Purifier","player_choice":"One Purge","floor":30,"damage_taken":0},{"event_name":"Mysterious Sphere","player_choice":"Fight","floor":36,"damage_taken":0},{"event_name":"The Moai Head","player_choice":"Heal","floor":46,"damage_taken":0}],"boss_relics":[{"not_picked":["Eternal Feather","White Beast Statue"],"picked":"Lizard Tail"},{"not_picked":["Pandora\u0027s Box","Runic Dome","Calling Bell"]}],"potions_floor_spawned":[1,10,12,16,18,20,27,31,37,38,39,42],"seed_played":"-458385073084776932","ascension_level":0,"is_trial":false}