{"gold_per_floor":[118,7,182,132,132,163,182,182,208,208,208,223,18,43,43,43],"floor_reached":16,"playtime":801,"items_purged":[],"score":122,"play_id":"64a507b4-7481-4a3c-b74e-b1a418422aed","local_time":"20190201091616","is_ascension_mode":true,"campfire_choices":[{"data":"Strike_G","floor":8,"key":"PURGE"},{"data":"Strike_G","floor":11,"key":"PURGE"},{"floor":15,"key":"REST"}],"neow_cost":"NONE","seed_source_timestamp":1260195688030958,"circlet_count":0,"master_deck":["Defend_G","Defend_G","Defend_G","Defend_G","Defend_G","Strike_G","Strike_G","Strike_G","Survivor","Neutralize","Cloak And Dagger","Noxious Fumes","Expertise","Escape Plan","Cloak And Dagger","Escape Plan"],"relics":["Ring of the Snake","Peace Pipe","Bag of Preparation","Boot","GremlinMask","Sling","Omamori"],"potions_floor_usage":[],"damage_taken":[{"damage":0,"enemies":"Cultist","floor":1,"turns":4},{"damage":46,"enemies":"Gremlin Nob","floor":6,"turns":5},{"damage":0,"enemies":"Small Slimes","floor":7,"turns":3},{"damage":0,"enemies":"2 Louse","floor":12,"turns":3},{"damage":27,"enemies":"3 Sentries","floor":14,"turns":10},{"damage":30,"enemies":"Hexaghost","floor":16,"turns":12}],"seed_played":"-3551369936462531415","potions_obtained":[{"floor":1,"key":"Explosive Potion"},{"floor":6,"key":"Strength Potion"},{"floor":7,"key":"Energy Potion"}],"is_trial":false,"path_per_floor":["M","$","?","?","T","E","M","R","T","?","R","M","$","E","R","B"],"character_chosen":"THE_SILENT","items_purchased":["Noxious Fumes","Expertise","Sling"],"campfire_rested":1,"item_purchase_floors":[2,2,13],"current_hp_per_floor":[77,77,77,77,77,31,31,31,31,31,31,31,31,4,27,0],"gold":43,"neow_bonus":"TEN_PERCENT_HP_BONUS","is_prod":false,"is_daily":false,"chose_seed":false,"campfire_upgraded":0,"win_rate":0,"timestamp":1549008976,"path_taken":["M","?","?","?","?","E","?","R","T","?","R","M","$","E","R","BOSS"],"build_version":"2019-01-23","purchased_purges":0,"victory":false,"max_hp_per_floor":[77,77,77,77,77,77,77,77,77,77,77,77,77,77,77,77],"card_choices":[{"not_picked":["Masterful Stab","Blade Dance"],"picked":"Cloak And Dagger","floor":1},{"not_picked":["Deflect","Masterful Stab"],"picked":"Escape Plan","floor":6},{"not_picked":["Blade Dance","Acrobatics"],"picked":"Cloak And Dagger","floor":7},{"not_picked":["Blade Dance","Slice","Poisoned Stab"],"picked":"SKIP","floor":12},{"not_picked":["Malaise","Dagger Spray"],"picked":"Escape Plan","floor":14}],"player_experience":476787,"relics_obtained":[{"floor":5,"key":"Peace Pipe"},{"floor":6,"key":"Bag of Preparation"},{"floor":9,"key":"Boot"},{"floor":14,"key":"Omamori"}],"event_choices":[{"damage_healed":0,"gold_gain":175,"player_choice":"AGREE","damage_taken":0,"max_hp_gain":0,"max_hp_loss":0,"event_name":"Liars Game","floor":3,"gold_loss":0,"cards_obtained":["Doubt"]},{"cards_removed":["Doubt"],"damage_healed":0,"gold_gain":0,"player_choice":"Card Removal","damage_taken":0,"max_hp_gain":0,"max_hp_loss":0,"event_name":"The Cleric","floor":4,"gold_loss":50},{"damage_healed":0,"gold_gain":0,"player_choice":"Trade","damage_taken":0,"relics_obtained":["GremlinMask"],"max_hp_gain":0,"max_hp_loss":0,"event_name":"FaceTrader","floor":10,"gold_loss":0}],"is_beta":false,"boss_relics":[],"items_purged_floors":[],"is_endless":false,"potions_floor_spawned":[1,6,7],"killed_by":"Hexaghost","ascension_level":3}