{"gold_per_floor":[115,265,149,162,181,181,210,210,290,290,308,59,72,31,31,109,109,121,64,114,114,14,44,44,44,44,0,20,20,20,34,34,34],"floor_reached":33,"playtime":1816,"items_purged":["Doubt","Writhe"],"score":650,"play_id":"433a086e-73a2-4050-8b63-8abd801a4fce","local_time":"20190123204436","is_ascension_mode":true,"campfire_choices":[{"data":"Footwork","floor":6,"key":"SMITH"},{"data":"Deadly Poison","floor":10,"key":"SMITH"},{"floor":15,"key":"REST"},{"floor":25,"key":"REST"},{"data":"Footwork","floor":30,"key":"SMITH"},{"data":"Escape Plan","floor":32,"key":"SMITH"}],"neow_cost":"NONE","seed_source_timestamp":0,"circlet_count":0,"master_deck":["AscendersBane","Defend_G","Defend_G","Defend_G","Defend_G","Defend_G","Strike_G","Strike_G","Strike_G","Strike_G","Survivor","Neutralize","PiercingWail","Footwork+1","Deadly Poison+1","Dagger Spray","Acrobatics","Adrenaline","Dash","Flying Knee","Footwork+1","After Image","Flying Knee+1","Backflip","Terror","Escape Plan+1","Backstab"],"special_seed":0,"relics":["Ring of the Snake","Lantern","Orichalcum","Matryoshka","Art of War","Philosopher\u0027s Stone","PreservedInsect","Centennial Puzzle","Juzu Bracelet","Shuriken"],"potions_floor_usage":[7,16,23,33],"damage_taken":[{"damage":1,"enemies":"Jaw Worm","floor":1,"turns":4},{"damage":0,"enemies":"2 Louse","floor":4,"turns":5},{"damage":3,"enemies":"Cultist","floor":5,"turns":5},{"damage":22,"enemies":"Gremlin Nob","floor":7,"turns":5},{"damage":12,"enemies":"Large Slime","floor":11,"turns":10},{"damage":0,"enemies":"Blue Slaver","floor":13,"turns":3},{"damage":22,"enemies":"Slime Boss","floor":16,"turns":18},{"damage":4,"enemies":"3 Byrds","floor":18,"turns":6},{"damage":17,"enemies":"Gremlin Leader","floor":23,"turns":7},{"damage":1,"enemies":"Shell Parasite","floor":28,"turns":5},{"damage":6,"enemies":"Shelled Parasite and Fungi","floor":31,"turns":6},{"damage":52,"enemies":"Collector","floor":33,"turns":11}],"seed_played":"4573544940751513833","potions_obtained":[{"floor":1,"key":"SkillPotion"},{"floor":4,"key":"GhostInAJar"},{"floor":18,"key":"Strength Potion"},{"floor":23,"key":"Fruit Juice"}],"is_trial":false,"path_per_floor":["M","?","$","M","M","R","E","?","T","R","M","$","M","$","R","B",null,"M","$","?","?","$","E","$","R","T","?","M","?","R","M","R","B"],"character_chosen":"THE_SILENT","items_purchased":["Footwork","Art of War","Dash","Footwork","Backflip"],"campfire_rested":2,"item_purchase_floors":[3,12,12,14,19],"current_hp_per_floor":[58,58,58,58,55,55,33,33,33,33,21,21,21,21,40,18,54,50,50,50,50,50,33,33,52,52,52,51,51,51,45,45,0],"gold":34,"neow_bonus":"RANDOM_COMMON_RELIC","is_prod":false,"is_daily":false,"chose_seed":false,"campfire_upgraded":4,"win_rate":0,"timestamp":1548272676,"path_taken":["M","?","$","M","M","R","E","?","T","R","?","$","M","$","R","BOSS","M","$","?","?","$","E","$","R","T","?","M","?","R","M","R","BOSS"],"build_version":"2019-01-23","purchased_purges":2,"victory":false,"max_hp_per_floor":[66,66,66,66,66,66,66,66,66,66,66,66,66,66,66,66,66,66,66,66,66,66,66,66,66,66,66,66,66,66,66,66,71],"card_choices":[{"not_picked":["Finisher","Dagger Throw"],"picked":"PiercingWail","floor":1},{"not_picked":["Bane","Sucker Punch"],"picked":"Deadly Poison","floor":4},{"not_picked":["Blade Dance","Outmaneuver"],"picked":"Dagger Spray","floor":5},{"not_picked":["Dagger Spray","Choke"],"picked":"Acrobatics","floor":7},{"not_picked":["Acrobatics","Dodge and Roll"],"picked":"Adrenaline","floor":11},{"not_picked":["PiercingWail","Calculated Gamble"],"picked":"Flying Knee","floor":13},{"not_picked":["Venomology","Phantasmal Killer"],"picked":"After Image","floor":16},{"not_picked":["PiercingWail","Footwork"],"picked":"Flying Knee+1","floor":18},{"not_picked":["Slice","Riddle With Holes","Terror"],"picked":"SKIP","floor":23},{"not_picked":["Slice","Riddle With Holes"],"picked":"Terror","floor":23},{"not_picked":["Flying Knee","Backflip"],"picked":"Escape Plan","floor":28},{"not_picked":["Outmaneuver","Dash"],"picked":"Backstab","floor":31}],"player_experience":1075682,"relics_obtained":[{"floor":7,"key":"Orichalcum"},{"floor":9,"key":"Matryoshka"},{"floor":23,"key":"Centennial Puzzle"},{"floor":26,"key":"Juzu Bracelet"},{"floor":26,"key":"Shuriken"}],"event_choices":[{"damage_healed":0,"gold_gain":150,"player_choice":"AGREE","damage_taken":0,"max_hp_gain":0,"max_hp_loss":0,"event_name":"Liars Game","floor":2,"gold_loss":0,"cards_obtained":["Doubt"]},{"cards_removed":["Strike_G"],"damage_healed":0,"gold_gain":0,"player_choice":"Purged","damage_taken":0,"max_hp_gain":0,"max_hp_loss":0,"event_name":"Purifier","floor":8,"gold_loss":0},{"damage_healed":0,"gold_gain":50,"player_choice":"Stole From Cult","damage_taken":0,"max_hp_gain":0,"max_hp_loss":0,"event_name":"Nest","floor":20,"gold_loss":0},{"damage_healed":0,"gold_gain":0,"player_choice":"Opened","damage_taken":0,"relics_obtained":["PreservedInsect"],"max_hp_gain":0,"max_hp_loss":0,"event_name":"The Mausoleum","floor":21,"gold_loss":0,"cards_obtained":["Writhe"]},{"damage_healed":0,"gold_gain":0,"player_choice":"Paid Fearfully","damage_taken":0,"max_hp_gain":0,"max_hp_loss":0,"event_name":"Masked Bandits","floor":27,"gold_loss":44},{"damage_healed":0,"gold_gain":0,"player_choice":"Ignored","damage_taken":0,"max_hp_gain":0,"max_hp_loss":0,"event_name":"Ghosts","floor":29,"gold_loss":0}],"is_beta":false,"boss_relics":[{"not_picked":["Coffee Dripper","Runic Dome"],"picked":"Philosopher\u0027s Stone"}],"items_purged_floors":[3,22],"is_endless":false,"potions_floor_spawned":[1,4,18,23],"killed_by":"Collector","ascension_level":16}