{"gold_per_floor":[119,133,133,144,122,154,165,165,219,219,219,219,232,232,232,360,360,380,380,403,403],"floor_reached":21,"playtime":889,"items_purged":[],"score":215,"play_id":"cce87aad-6daa-4783-98b8-ddd5a97c9682","local_time":"20181209230242","is_ascension_mode":true,"campfire_choices":[{"data":"Perfected Strike","floor":10,"key":"SMITH"},{"floor":12,"key":"REST"},{"floor":15,"key":"REST"}],"neow_cost":"NONE","seed_source_timestamp":4607331386032,"circlet_count":0,"master_deck":["Strike_R+1","Strike_R+1","Strike_R","Strike_R+1","Strike_R","Defend_R+1","Defend_R","Defend_R","Defend_R","Bash+1","Warcry","Shrug It Off","Perfected Strike+1","Headbutt","Demon Form","Shrug It Off","Offering","Armaments+1"],"relics":["Burning Blood","Darkstone Periapt","Omamori","Golden Idol","Whetstone","FaceOfCleric","Sozu"],"potions_floor_usage":[16],"damage_taken":[{"damage":6,"enemies":"Cultist","floor":1,"turns":3},{"damage":10,"enemies":"Small Slimes","floor":2,"turns":4},{"damage":4,"enemies":"2 Louse","floor":4,"turns":4},{"damage":47,"enemies":"Lagavulin","floor":6,"turns":6},{"damage":0,"enemies":"Large Slime","floor":7,"turns":5},{"damage":13,"enemies":"Red Slaver","floor":13,"turns":3},{"damage":50,"enemies":"Slime Boss","floor":16,"turns":10},{"damage":27,"enemies":"Spheric Guardian","floor":18,"turns":4},{"damage":29,"enemies":"Colosseum Slavers","floor":19,"turns":5},{"damage":18,"enemies":"3 Byrds","floor":20,"turns":6},{"damage":31,"enemies":"3 Cultists","floor":21,"turns":5}],"seed_played":"-2515889749001455816","potions_obtained":[{"floor":2,"key":"Dexterity Potion"},{"floor":4,"key":"FearPotion"},{"floor":6,"key":"PowerPotion"}],"is_trial":false,"path_per_floor":["M","M","?","M","$","E","M","?","T","R","?","R","M","?","R","B",null,"M","?","M","M"],"character_chosen":"IRONCLAD","items_purchased":["Headbutt"],"campfire_rested":2,"item_purchase_floors":[5],"current_hp_per_floor":[80,76,69,71,71,30,36,36,36,36,20,44,37,37,61,18,81,61,39,28,0],"gold":403,"neow_bonus":"UPGRADE_CARD","is_prod":false,"is_daily":false,"chose_seed":false,"campfire_upgraded":1,"win_rate":0,"timestamp":1544371362,"path_taken":["M","?","?","M","$","E","M","?","T","R","?","R","M","?","R","BOSS","M","?","M","M"],"build_version":"2018-12-06","purchased_purges":0,"victory":false,"max_hp_per_floor":[80,80,80,80,80,80,80,80,80,80,80,80,80,80,80,81,81,82,83,84,84],"card_choices":[{"not_picked":["Whirlwind","Combust"],"picked":"Warcry","floor":1},{"not_picked":["Heavy Blade","Clothesline"],"picked":"Shrug It Off","floor":2},{"not_picked":["Clothesline","Iron Wave"],"picked":"Perfected Strike","floor":4},{"not_picked":["Cleave","Carnage"],"picked":"Demon Form","floor":6},{"not_picked":["Entrench","Evolve","Cleave"],"picked":"SKIP","floor":7},{"not_picked":["Heavy Blade","Wild Strike"],"picked":"Shrug It Off","floor":13},{"not_picked":["Limit Break","Feed"],"picked":"Offering","floor":16},{"not_picked":["Wild Strike","Warcry"],"picked":"Armaments+1","floor":18},{"not_picked":["Warcry","Whirlwind","Searing Blow"],"picked":"SKIP","floor":20}],"player_experience":194177,"relics_obtained":[{"floor":6,"key":"Omamori"},{"floor":9,"key":"Whetstone"}],"event_choices":[{"damage_healed":0,"gold_gain":0,"player_choice":"Success","damage_taken":7,"relics_obtained":["Darkstone Periapt"],"max_hp_gain":0,"max_hp_loss":0,"event_name":"Scrap Ooze","floor":3,"gold_loss":0},{"damage_healed":0,"gold_gain":0,"player_choice":"Take Wound","damage_taken":0,"relics_obtained":["Golden Idol"],"max_hp_gain":0,"max_hp_loss":0,"event_name":"Golden Idol","floor":8,"gold_loss":0,"cards_obtained":["Injury"]},{"damage_healed":0,"gold_gain":0,"player_choice":"Entered Light","damage_taken":16,"max_hp_gain":0,"max_hp_loss":0,"event_name":"Shining Light","floor":11,"gold_loss":0,"cards_upgraded":["Strike_R","Defend_R"]},{"damage_healed":0,"gold_gain":0,"player_choice":"Trade","damage_taken":0,"relics_obtained":["FaceOfCleric"],"max_hp_gain":0,"max_hp_loss":0,"event_name":"FaceTrader","floor":14,"gold_loss":0},{"damage_healed":0,"gold_gain":0,"player_choice":"Fight","damage_taken":0,"max_hp_gain":0,"max_hp_loss":0,"event_name":"Colosseum","floor":19,"gold_loss":0},{"damage_healed":0,"gold_gain":0,"player_choice":"Fled From Nobs","damage_taken":0,"max_hp_gain":0,"max_hp_loss":0,"event_name":"Colosseum","floor":19,"gold_loss":0}],"is_beta":false,"boss_relics":[{"not_picked":["Orrery","Runic Pyramid"],"picked":"Sozu"}],"items_purged_floors":[],"is_endless":false,"potions_floor_spawned":[2,4,6],"killed_by":"3 Cultists","ascension_level":4}