{"path_per_floor":["M","M","M","M","$","E","R","E","T","R","M","?","M","?","R","B",null,"M","$","?","?","M","R","M","R","T","M","M","M","T","?","R"],"character_chosen":"IRONCLAD","items_purchased":["Strawberry"],"gold_per_floor":[112,125,145,155,80,106,106,136,136,136,148,148,166,166,166,268,268,284,30,30,30,27,27,39,39,39,59,71,83,83,83,83],"floor_reached":33,"campfire_rested":2,"playtime":1822,"current_hp_per_floor":[80,80,80,77,77,67,67,69,69,69,72,65,71,53,53,8,90,90,97,97,97,81,81,56,85,85,67,45,36,36,36,65],"items_purged":["Strike_R","Strike_R"],"gold":83,"score":310,"play_id":"2aea0077-f5cc-4ce1-b36a-49ff8056c62c","local_time":"20180310114159","is_prod":false,"is_daily":false,"is_ascension_mode":true,"campfire_upgraded":4,"timestamp":1520678519,"path_taken":["M","M","M","M","$","E","R","E","T","R","M","?","M","?","R","BOSS","M","$","?","?","?","R","M","R","T","M","M","M","?","?","R","BOSS"],"build_version":"2018-03-09","purchased_purges":2,"victory":false,"master_deck":["Strike_R","Strike_R","Defend_R+1","Defend_R+1","Defend_R+1","Bash","Pommel Strike+1","Perfected Strike+1","True Grit+1","Twin Strike","Iron Wave+1","Shrug It Off","Shrug It Off+1","Juggernaut+1","Sentinel","Ghostly Armor","Iron Wave+1","Battle Trance","Perfected Strike+1","True Grit","Clothesline+1","Spot Weakness+1","Barricade","Inflame"],"max_hp_per_floor":[80,80,80,80,80,80,80,90,90,90,90,90,90,90,90,90,90,90,97,97,97,97,97,97,97,97,97,97,97,97,97,97],"relics":["Burning Blood","War Paint","Molten Egg 2","Pear","Sundial","Orrery","Strawberry","Meat on the Bone","Bronze Scales"],"card_choices":[{"not_picked":["Cleave","Clothesline"],"picked":"Pommel Strike"},{"not_picked":["Sentinel","Sword Boomerang"],"picked":"Perfected Strike"},{"not_picked":["Wild Strike","Infernal Blade"],"picked":"True Grit"},{"not_picked":["Cleave","Armaments"],"picked":"Twin Strike"},{"not_picked":["Havoc","Corruption"],"picked":"Iron Wave"},{"not_picked":["Sever Soul","Pommel Strike"],"picked":"Shrug It Off"},{"not_picked":["Twin Strike","Dropkick"],"picked":"Shrug It Off"},{"not_picked":["Berserk","Bludgeon"],"picked":"Juggernaut"},{"not_picked":["Warcry","Whirlwind"],"picked":"Sentinel"},{"not_picked":["Perfected Strike","Dropkick"],"picked":"Ghostly Armor"},{"not_picked":["Reckless Charge","Searing Blow"],"picked":"Iron Wave"},{"not_picked":["Rage","Pommel Strike"],"picked":"Battle Trance"},{"not_picked":["Rupture","Reckless Charge"],"picked":"Perfected Strike"},{"not_picked":["True Grit","Iron Wave"],"picked":"Clothesline"},{"not_picked":["Clothesline","Hemokinesis"],"picked":"Spot Weakness"},{"not_picked":["Infernal Blade","Feel No Pain"],"picked":"Barricade"},{"not_picked":["Battle Trance","Armaments"],"picked":"Inflame"}],"player_experience":181819,"potions_floor_usage":[16,27,28,33,33],"damage_taken":[{"damage":0,"enemies":"Cultist","floor":1,"turns":3},{"damage":0,"enemies":"2 Louse","floor":2,"turns":2},{"damage":0,"enemies":"Small Slimes","floor":3,"turns":2},{"damage":9,"enemies":"2 Fungi Beasts","floor":4,"turns":3},{"damage":16,"enemies":"Lagavulin","floor":6,"turns":6},{"damage":14,"enemies":"Gremlin Nob","floor":8,"turns":4},{"damage":3,"enemies":"Looter","floor":11,"turns":3},{"damage":0,"enemies":"Large Slime","floor":13,"turns":4},{"damage":51,"enemies":"Slime Boss","floor":16,"turns":12},{"damage":5,"enemies":"Spheric Guardian","floor":18,"turns":6},{"damage":22,"enemies":"2 Thieves","floor":22,"turns":4},{"damage":31,"enemies":"Chosen and Byrds","floor":24,"turns":10},{"damage":24,"enemies":"3 Cultists","floor":27,"turns":6},{"damage":49,"enemies":"Cultist and Chosen","floor":28,"turns":8},{"damage":27,"enemies":"Sentry and Sphere","floor":29,"turns":9},{"damage":68,"enemies":"Champ","floor":33,"turns":14}],"event_choices":[{"event_name":"Golden Wing","player_choice":"Card Removal","floor":12,"damage_taken":0},{"event_name":"Shining Light","player_choice":"Entered Light","floor":14,"damage_taken":0},{"event_name":"Drug Dealer","player_choice":"Ignored","floor":20,"damage_taken":0},{"event_name":"Transmorgrifier","player_choice":"Transform","floor":21,"damage_taken":0},{"event_name":"The Lab","player_choice":"Got Potions","floor":31,"damage_taken":0}],"boss_relics":[{"not_picked":["Eternal Feather","Runic Dome"],"picked":"Orrery"}],"potions_floor_spawned":[4,8,13,18,24,27],"seed_played":"3200324358094546062","killed_by":"Champ","ascension_level":2,"is_trial":false}