{"gold_per_floor":[360,435,710,724,55,20,20,50,130,130,130,130,163,188,188,188],"floor_reached":16,"playtime":1041,"items_purged":["Regret"],"score":208,"play_id":"cf126ac0-c0e7-4aca-b094-b03aab52971f","local_time":"20181218152810","is_ascension_mode":true,"campfire_choices":[{"data":"Skewer","floor":7,"key":"SMITH"},{"data":"Neutralize","floor":10,"key":"SMITH"},{"floor":12,"key":"REST"},{"data":"Envenom","floor":15,"key":"SMITH"}],"neow_cost":"PERCENT_DAMAGE","seed_source_timestamp":429682598003,"circlet_count":0,"master_deck":["AscendersBane","Defend_G","Defend_G","Defend_G","Defend_G","Defend_G","Strike_G+1","Strike_G","Strike_G","Strike_G","Strike_G","Survivor","Neutralize+1","Deadly Poison","Slice","Unload","Footwork+1","Skewer+1","Blade Dance","Envenom+1","Dodge and Roll"],"relics":["Ring of the Snake","Torii","Bag of Marbles","The Courier","Gambling Chip","Odd Mushroom"],"potions_floor_usage":[16],"damage_taken":[{"damage":3,"enemies":"2 Louse","floor":1,"turns":4},{"damage":2,"enemies":"Jaw Worm","floor":4,"turns":5},{"damage":17,"enemies":"Lagavulin","floor":8,"turns":7},{"damage":12,"enemies":"3 Sentries","floor":13,"turns":9},{"damage":1,"enemies":"The Mushroom Lair","floor":14,"turns":3},{"damage":13,"enemies":"Hexaghost","floor":16,"turns":9}],"seed_played":"1757282164435506703","potions_obtained":[{"floor":4,"key":"Swift Potion"},{"floor":13,"key":"SteroidPotion"}],"is_trial":false,"path_per_floor":["M","?","?","M","$","?","R","E","T","R","?","R","E","?","R","B"],"character_chosen":"THE_SILENT","items_purchased":["Unload","Footwork","Torii","Skewer"],"campfire_rested":1,"item_purchase_floors":[5,5,5,5],"current_hp_per_floor":[41,30,30,28,28,44,44,27,27,27,7,26,14,13,13,0],"gold":188,"neow_bonus":"TWO_FIFTY_GOLD","is_prod":false,"is_daily":false,"chose_seed":false,"campfire_upgraded":3,"win_rate":0,"timestamp":1545143290,"path_taken":["M","?","?","?","$","?","R","E","T","R","?","R","E","?","R","BOSS"],"build_version":"2018-12-13","purchased_purges":1,"victory":false,"max_hp_per_floor":[66,66,66,66,66,66,66,66,66,66,66,66,66,66,66,66],"card_choices":[{"not_picked":["Poisoned Stab","Escape Plan"],"picked":"Deadly Poison","floor":1},{"not_picked":["Prepared","Expertise"],"picked":"Slice","floor":4},{"not_picked":["Backflip","Underhanded Strike"],"picked":"Blade Dance","floor":8},{"not_picked":["Infinite Blades","Dash"],"picked":"Envenom","floor":13},{"not_picked":["Caltrops","Slice"],"picked":"Dodge and Roll","floor":14}],"player_experience":1884408,"relics_obtained":[{"floor":8,"key":"Bag of Marbles"},{"floor":9,"key":"The Courier"},{"floor":13,"key":"Gambling Chip"},{"floor":14,"key":"Odd Mushroom"}],"event_choices":[{"damage_healed":0,"gold_gain":75,"player_choice":"Gather Gold","damage_taken":11,"max_hp_gain":0,"max_hp_loss":0,"event_name":"World of Goop","floor":2,"gold_loss":0},{"damage_healed":0,"gold_gain":275,"player_choice":"Desecrate","damage_taken":0,"max_hp_gain":0,"max_hp_loss":0,"event_name":"Golden Shrine","floor":3,"gold_loss":0,"cards_obtained":["Regret"]},{"damage_healed":16,"gold_gain":0,"player_choice":"Healed","damage_taken":0,"max_hp_gain":0,"max_hp_loss":0,"event_name":"The Cleric","floor":6,"gold_loss":35},{"damage_healed":0,"gold_gain":0,"player_choice":"Entered Light","damage_taken":20,"max_hp_gain":0,"max_hp_loss":0,"event_name":"Shining Light","floor":11,"gold_loss":0,"cards_upgraded":["Strike_G","Footwork"]},{"damage_healed":0,"gold_gain":0,"player_choice":"Fought Mushrooms","damage_taken":0,"max_hp_gain":0,"max_hp_loss":0,"event_name":"Mushrooms","floor":14,"gold_loss":0}],"is_beta":false,"boss_relics":[],"items_purged_floors":[5],"is_endless":false,"potions_floor_spawned":[4,13],"killed_by":"Hexaghost","ascension_level":20}