{"gold_per_floor":[115,135,135,152,227,255,255,255,255,52,75,75,100,113,113,239,239,259,86,104,119,119],"floor_reached":22,"playtime":970,"items_purged":["Strike_B"],"score":188,"play_id":"3f28d910-eedc-493f-ae1f-2662869e96a8","local_time":"20181021121115","is_ascension_mode":false,"campfire_choices":[{"floor":7.0,"key":"REST"},{"data":"Chill","floor":12.0,"key":"SMITH"},{"floor":15.0,"key":"REST"}],"neow_cost":"NONE","seed_source_timestamp":0,"circlet_count":0,"master_deck":["Strike_B","Strike_B","Strike_B","Defend_B","Defend_B","Defend_B","Defend_B","Zap","Dualcast","Gash","Chill+1","Redo","Barrage","Go for the Eyes","Tempest","Gash","Creative AI","Redo","Gash","Tempest","Redo","Chaos+1"],"special_seed":0,"relics":["Cracked Core","NeowsBlessing","Pear","Kunai","Golden Idol","Mercury Hourglass","MealTicket","Inserter"],"potions_floor_usage":[],"damage_taken":[{"damage":0.0,"enemies":"Small Slimes","floor":1.0,"turns":1.0},{"damage":0.0,"enemies":"2 Louse","floor":2.0,"turns":1.0},{"damage":0.0,"enemies":"Jaw Worm","floor":4.0,"turns":1.0},{"damage":26.0,"enemies":"Lagavulin","floor":6.0,"turns":6.0},{"damage":5.0,"enemies":"2 Fungi Beasts","floor":11.0,"turns":3.0},{"damage":0.0,"enemies":"3 Louse","floor":13.0,"turns":2.0},{"damage":10.0,"enemies":"Gremlin Gang","floor":14.0,"turns":4.0},{"damage":11.0,"enemies":"Slime Boss","floor":16.0,"turns":8.0},{"damage":4.0,"enemies":"Chosen","floor":18.0,"turns":6.0},{"damage":21.0,"enemies":"2 Thieves","floor":20.0,"turns":4.0},{"damage":45.0,"enemies":"Centurion and Healer","floor":21.0,"turns":7.0},{"damage":10,"enemies":"Snake Plant","floor":22,"turns":1}],"seed_played":"-3026180597658658049","potions_obtained":[{"floor":2.0,"key":"AttackPotion"},{"floor":13.0,"key":"Regen Potion"},{"floor":16.0,"key":"Ancient Potion"},{"floor":21,"key":"SpeedPotion"}],"is_trial":false,"path_per_floor":["M","M","?","M","?","E","R","?","T","$","M","R","M","M","R","B",null,"M","$","M","M"],"character_chosen":"DEFECT","items_purchased":["MealTicket","Gash","Tempest"],"campfire_rested":2,"item_purchase_floors":[10,19,19],"current_hp_per_floor":[75,75,67,67,56,30,55,55,55,55,50,50,50,49,72,61,79,75,75,54,9,0],"gold":119,"neow_bonus":"THREE_ENEMY_KILL","is_prod":false,"is_daily":false,"chose_seed":false,"campfire_upgraded":1,"win_rate":0.0,"timestamp":1540077075,"path_taken":["M","M","?","M","?","E","R","?","T","?","?","R","M","M","R","BOSS","M","?","M","M","M"],"build_version":"2018-10-18","purchased_purges":1,"victory":false,"max_hp_per_floor":[75,75,85,85,85,85,85,79,79,79,79,79,79,79,79,79,79,79,79,79,79,79],"card_choices":[{"not_picked":["Rebound","Stack"],"picked":"Gash","floor":1.0},{"not_picked":["Storm","Rebound"],"picked":"Chill","floor":2.0},{"not_picked":["Compile Driver","Conserve Battery"],"picked":"Redo","floor":4.0},{"not_picked":["Turbo","Force Field"],"picked":"Barrage","floor":6.0},{"not_picked":["Steam","Doom and Gloom"],"picked":"Go for the Eyes","floor":11.0},{"not_picked":["Conserve Battery","Auto Shields"],"picked":"Tempest","floor":13.0},{"not_picked":["Compile Driver","Cold Snap"],"picked":"Gash","floor":14.0},{"not_picked":["Multi-Cast","Hyperbeam"],"picked":"Creative AI","floor":16.0},{"not_picked":["Sweeping Beam","Barrage"],"picked":"Redo","floor":18.0},{"not_picked":["Steam","Sweeping Beam+1"],"picked":"Redo","floor":20.0},{"not_picked":["Sweeping Beam","Skim"],"picked":"Chaos+1","floor":21}],"player_experience":155164,"relics_obtained":[{"floor":6.0,"key":"Kunai"},{"floor":9.0,"key":"Mercury Hourglass"}],"event_choices":[{"damage_healed":0.0,"max_hp_gain":0.0,"max_hp_loss":0.0,"gold_gain":0.0,"event_name":"Scrap Ooze","player_choice":"Success","floor":3.0,"gold_loss":0.0,"damage_taken":18.0,"relics_obtained":["Pear"]},{"damage_healed":0.0,"max_hp_gain":0.0,"max_hp_loss":0.0,"gold_gain":75.0,"event_name":"World of Goop","player_choice":"Gather Gold","floor":5.0,"gold_loss":0.0,"damage_taken":11.0},{"damage_healed":0.0,"max_hp_gain":0.0,"max_hp_loss":6.0,"gold_gain":0.0,"event_name":"Golden Idol","player_choice":"Lose Max HP","floor":8.0,"gold_loss":0.0,"damage_taken":0.0,"relics_obtained":["Golden Idol"]}],"is_beta":false,"boss_relics":[{"not_picked":["Runic Pyramid","Philosopher\u0027s Stone"],"picked":"Inserter"}],"items_purged_floors":[19],"is_endless":false,"potions_floor_spawned":[2,13,16,21],"killed_by":"Snake Plant","ascension_level":0}