{"gold_per_floor":[109,109,129,56,71,71,103,103,185,205,22,95,95,95,95,95],"floor_reached":16,"playtime":503,"items_purged":[],"score":167,"play_id":"de1adae8-766d-4b16-8870-b4ebc284e76e","local_time":"20181003231026","is_ascension_mode":true,"campfire_choices":[{"data":"Carnage","floor":6,"key":"SMITH"},{"data":"Berserk","floor":8,"key":"SMITH"},{"floor":13,"key":"REST"},{"data":"Armaments","floor":15,"key":"SMITH"}],"neow_cost":"NONE","seed_source_timestamp":3538999520481,"circlet_count":0,"master_deck":["Strike_R","Strike_R","Strike_R","Strike_R","Strike_R","Defend_R","Defend_R","Defend_R","Defend_R","Bash","AscendersBane","Berserk+1","Shockwave","Flex","Carnage+1","Sword Boomerang","Power Through","Rage","Bludgeon","Armaments+1","Parasite"],"relics":["Burning Blood","Ancient Tea Set","Sundial"],"potions_floor_usage":[],"damage_taken":[{"damage":33,"enemies":"Jaw Worm","floor":1,"turns":8},{"damage":10,"enemies":"Small Slimes","floor":3,"turns":3},{"damage":2,"enemies":"2 Louse","floor":5,"turns":3},{"damage":32,"enemies":"3 Sentries","floor":7,"turns":9},{"damage":20,"enemies":"Gremlin Gang","floor":10,"turns":5},{"damage":74,"enemies":"Slime Boss","floor":16,"turns":12}],"seed_played":"-5990789909202954559","potions_obtained":[{"floor":7,"key":"LiquidBronze"},{"floor":10,"key":"EssenceOfSteel"}],"is_trial":false,"path_per_floor":["M","?","M","$","M","R","E","R","T","M","$","?","R","?","R"],"character_chosen":"IRONCLAD","items_purchased":["Carnage","Bludgeon","Armaments"],"campfire_rested":1,"item_purchase_floors":[4,11,11],"current_hp_per_floor":[41,66,62,62,66,66,40,40,40,26,26,26,48,66,66,0],"gold":95,"neow_bonus":"ONE_RANDOM_RARE_CARD","is_prod":false,"is_daily":false,"chose_seed":false,"campfire_upgraded":3,"win_rate":0,"timestamp":1538601026,"path_taken":["M","?","M","$","M","R","E","R","T","M","$","?","R","?","R","BOSS"],"build_version":"2018-09-27","purchased_purges":0,"victory":false,"max_hp_per_floor":[75,75,75,75,75,75,75,75,75,75,75,75,75,75,75,75],"card_choices":[{"not_picked":["Body Slam","Flex"],"picked":"Shockwave","floor":1},{"not_picked":["Body Slam","Feel No Pain"],"picked":"Flex","floor":3},{"not_picked":["Corruption","Metallicize"],"picked":"Sword Boomerang","floor":5},{"not_picked":["Dual Wield","Combust"],"picked":"Power Through","floor":7},{"not_picked":["Power Through","Pommel Strike"],"picked":"Rage","floor":10}],"player_experience":807630,"relics_obtained":[{"floor":7,"key":"Ancient Tea Set"},{"floor":9,"key":"Sundial"}],"event_choices":[{"event_name":"Big Fish","player_choice":"Banana","floor":2,"damage_taken":0},{"event_name":"Golden Wing","player_choice":"Gained Gold","floor":12,"damage_taken":0},{"event_name":"Mushrooms","player_choice":"Healed and dodged fight","floor":14,"damage_taken":0}],"is_beta":false,"boss_relics":[],"items_purged_floors":[],"is_endless":false,"potions_floor_spawned":[7,10],"killed_by":"Slime Boss","ascension_level":14}