{"gold_per_floor":[112,28,42,117,117,117,141,141,219,219,1,1],"floor_reached":12,"playtime":162,"items_purged":["Regret"],"score":129,"play_id":"bfa226cd-6d13-4984-8205-0610c5c615e5","local_time":"20181207112920","is_ascension_mode":true,"campfire_choices":[{"data":"Perfected Strike","floor":6,"key":"SMITH"},{"data":"Bash","floor":8,"key":"SMITH"}],"neow_cost":"NONE","seed_source_timestamp":59644616863002,"circlet_count":0,"master_deck":["AscendersBane","Strike_R","Strike_R","Strike_R","Strike_R","Strike_R","Defend_R","Defend_R","Defend_R","Defend_R","Bash+1","Perfected Strike+1","Entrench","Pommel Strike","Power Through","Shrug It Off","Blood for Blood"],"relics":["Runic Pyramid","Golden Idol","Matryoshka","Bag of Preparation"],"potions_floor_usage":[],"damage_taken":[{"damage":5,"enemies":"2 Louse","floor":1,"turns":4},{"damage":5,"enemies":"Small Slimes","floor":3,"turns":3},{"damage":1,"enemies":"Cultist","floor":7,"turns":3},{"damage":20,"enemies":"3 Sentries","floor":12,"turns":3}],"seed_played":"-1516691528245700433","potions_obtained":[{"floor":3,"key":"Poison Potion"},{"floor":7,"key":"Strength Potion"}],"is_trial":false,"path_per_floor":["M","$","M","?","?","R","M","R","T","?","$","E"],"character_chosen":"IRONCLAD","items_purchased":["Entrench","Shrug It Off","Blood for Blood"],"campfire_rested":0,"item_purchase_floors":[2,11,11],"current_hp_per_floor":[63,63,58,47,47,47,46,46,46,46,46,26],"gold":1,"neow_bonus":"BOSS_RELIC","is_prod":false,"is_daily":false,"chose_seed":false,"campfire_upgraded":2,"win_rate":0,"timestamp":1544210960,"path_taken":["M","$","M","?","?","R","M","R","T","?","$","E"],"build_version":"2018-12-06","purchased_purges":1,"victory":false,"max_hp_per_floor":[75,75,75,75,68,68,68,68,68,68,68,68],"card_choices":[{"not_picked":["Cleave","Rage"],"picked":"Perfected Strike","floor":1},{"not_picked":["Second Wind","Fire Breathing"],"picked":"Pommel Strike","floor":3},{"not_picked":["Inflame","Heavy Blade"],"picked":"Power Through","floor":7}],"player_experience":980409,"relics_obtained":[{"floor":9,"key":"Matryoshka"}],"event_choices":[{"damage_healed":0,"gold_gain":75,"player_choice":"Gather Gold","damage_taken":11,"max_hp_gain":0,"max_hp_loss":0,"event_name":"World of Goop","floor":4,"gold_loss":0},{"damage_healed":0,"gold_gain":0,"player_choice":"Lose Max HP","damage_taken":0,"relics_obtained":["Golden Idol"],"max_hp_gain":0,"max_hp_loss":7,"event_name":"Golden Idol","floor":5,"gold_loss":0},{"damage_healed":0,"gold_gain":0,"player_choice":"Box","damage_taken":0,"relics_obtained":["Bag of Preparation"],"max_hp_gain":0,"max_hp_loss":0,"event_name":"Big Fish","floor":10,"gold_loss":0,"cards_obtained":["Regret"]}],"is_beta":true,"boss_relics":[],"items_purged_floors":[11],"is_endless":false,"potions_floor_spawned":[3,7],"killed_by":"3 Sentries","ascension_level":19}