{"gold_per_floor":[114,114,114,129,144,174,174,204,204,204,204,204,223,261,261,386,386,405,405,405,424,424,462,62,62,137,137,2,40,40,40,40,165,165,184,9,28,5,5,5,43,43,123,123,123,161,45,64,64,64],"floor_reached":51,"playtime":2734,"items_purged":["Injury"],"score":1128,"play_id":"ee2d3d55-6918-49a5-8473-1d2aa4f1c98a","local_time":"20180810183145","daily_mods":["Heirloom","Terminal","Vintage"],"is_ascension_mode":false,"campfire_choices":[{"data":"Bouncing Flask","floor":10.0,"key":"SMITH"},{"data":"Corpse Explosion","floor":15.0,"key":"SMITH"},{"data":"Bullet Time","floor":25.0,"key":"SMITH"},{"data":"Dagger Throw","floor":30.0,"key":"SMITH"},{"data":"1","floor":32.0,"key":"LIFT"},{"data":"2","floor":40.0,"key":"LIFT"},{"floor":44.0,"key":"REST"},{"data":"3","floor":49.0,"key":"LIFT"}],"neow_cost":"","seed_source_timestamp":0,"circlet_count":0,"master_deck":["Defend_G+1","Defend_G+1","Defend_G+1","Defend_G+1","Strike_G+1","Survivor","Neutralize+1","Corpse Explosion+1","Bouncing Flask+1","Bullet Time+1","Wraith Form v2+1","Crippling Poison+1","Blade Dance+1","Heel Hook+1","Footwork+1","Footwork+1","Mayhem+1","Deflect","Footwork+1","Dagger Throw+1","Footwork+1","Night Terror+1","Well Laid Plans+1","Riddle With Holes+1","Deflect+1","Backflip+1","Backflip+1","Cloak And Dagger+1","Infinite Blades+1","Deflect+1","Bane","Footwork+1","Footwork+1","Deflect+1","Dramatic Entrance","Outmaneuver+1"],"special_seed":17754,"relics":["Ring of the Snake","Girya","Boot","Frozen Egg 2","Paper Crane","Meat on the Bone","Ornamental Fan","Oddly Smooth Stone","Golden Idol","Juzu Bracelet","Anchor","Pen Nib","Astrolabe","Pantograph","Torii","Gambling Chip","Toxic Egg 2","Omamori","Vajra","Orrery","Blood Vial","Whetstone","Bag of Preparation","Tiny Chest","Mummified Hand","Centennial Puzzle"],"potions_floor_usage":[50],"damage_taken":[{"damage":0.0,"enemies":"Small Slimes","floor":1.0,"turns":3.0},{"damage":0.0,"enemies":"2 Louse","floor":4.0,"turns":3.0},{"damage":0.0,"enemies":"Cultist","floor":5.0,"turns":4.0},{"damage":0.0,"enemies":"Lagavulin","floor":6.0,"turns":9.0},{"damage":0.0,"enemies":"3 Sentries","floor":8.0,"turns":2.0},{"damage":0.0,"enemies":"2 Fungi Beasts","floor":13.0,"turns":3.0},{"damage":0.0,"enemies":"Lagavulin","floor":14.0,"turns":7.0},{"damage":39.0,"enemies":"Slime Boss","floor":16.0,"turns":13.0},{"damage":0.0,"enemies":"Shell Parasite","floor":18.0,"turns":5.0},{"damage":0.0,"enemies":"3 Byrds","floor":21.0,"turns":4.0},{"damage":0.0,"enemies":"Gremlin Leader","floor":23.0,"turns":8.0},{"damage":0.0,"enemies":"Book of Stabbing","floor":29.0,"turns":5.0},{"damage":0.0,"enemies":"Champ","floor":33.0,"turns":13.0},{"damage":0.0,"enemies":"Flame Bruiser 1 Orb","floor":35.0,"turns":8.0},{"damage":0.0,"enemies":"3 Darklings","floor":37.0,"turns":8.0},{"damage":22.0,"enemies":"2 Orb Walkers","floor":41.0,"turns":4.0},{"damage":0.0,"enemies":"Nemesis","floor":46.0,"turns":11.0},{"damage":0.0,"enemies":"Spire Growth","floor":48.0,"turns":7.0},{"damage":0,"enemies":"Awakened One","floor":50,"turns":13}],"seed_played":"7174262716422048038","potions_obtained":[{"floor":1.0,"key":"Fire Potion"},{"floor":4.0,"key":"PowerPotion"},{"floor":14.0,"key":"Poison Potion"},{"floor":23.0,"key":"Explosive Potion"},{"floor":33.0,"key":"Weak Potion"},{"floor":35.0,"key":"FearPotion"},{"floor":41.0,"key":"Energy Potion"},{"floor":48.0,"key":"Fire Potion"}],"is_trial":false,"path_per_floor":["M","?","?","M","M","E","?","E","T","R","?","?","M","E","R","B",null,"M","?","?","M","?","E","$","R","T","?","$","E","R","?","R","B",null,"M","$","M","$","?","R","E","?","T","R","?","E","$","M","R","B"],"character_chosen":"THE_SILENT","items_purchased":["Footwork+1","Mayhem+1","Deflect","Footwork+1","Dagger Throw","Cloak And Dagger+1","Infinite Blades+1","Deflect+1","Bane","Dramatic Entrance","Outmaneuver+1"],"campfire_rested":1,"item_purchase_floors":[24,24,24,28,28,36,36,36,38,47,47],"current_hp_per_floor":[68,61,61,61,61,61,61,61,60,59,54,58,57,56,55,28,53,52,51,50,49,48,47,46,45,44,43,42,41,40,39,38,37,36,35,34,33,32,31,30,20,20,20,26,25,24,23,22,21,20],"gold":64,"neow_bonus":"","is_prod":false,"is_daily":true,"chose_seed":false,"campfire_upgraded":4,"win_rate":0,"timestamp":1533951105,"path_taken":["M","?","?","?","M","E","?","E","T","R","?","?","M","E","R","BOSS","M","?","?","M","?","E","$","R","T","?","$","E","R","?","R","BOSS","M","$","M","$","?","R","E","?","T","R","?","E","?","M","R","BOSS"],"build_version":"2018-08-08","purchased_purges":1,"victory":true,"max_hp_per_floor":[68,67,66,65,64,63,62,61,60,59,54,58,57,56,55,54,53,52,51,50,49,48,47,46,45,44,43,42,41,40,39,38,37,36,35,34,33,32,31,30,29,28,27,26,25,24,23,22,21,20],"card_choices":[{"not_picked":["Prepared","Acrobatics"],"picked":"Corpse Explosion","floor":6.0},{"not_picked":["Outmaneuver","Choke"],"picked":"Bouncing Flask","floor":8.0},{"not_picked":["Underhanded Strike","Blade Dance"],"picked":"Bullet Time","floor":14.0},{"not_picked":["Burst","Phantasmal Killer"],"picked":"Wraith Form v2+1","floor":16.0},{"not_picked":["Slice","Underhanded Strike"],"picked":"Footwork+1","floor":23.0},{"not_picked":["Outmaneuver+1","Dodge and Roll+1"],"picked":"Footwork+1","floor":29.0},{"not_picked":["Wraith Form v2+1","Unload"],"picked":"Night Terror+1","floor":33.0},{"not_picked":["Dagger Throw+1","Distraction+1"],"picked":"Well Laid Plans+1","floor":34.0},{"not_picked":["Choke","Well Laid Plans+1"],"picked":"Riddle With Holes","floor":34.0},{"not_picked":["Setup+1","Reflex+1"],"picked":"Deflect+1","floor":34.0},{"not_picked":["Dash","Crippling Poison+1"],"picked":"Backflip+1","floor":34.0},{"not_picked":["Deflect+1","Finisher+1"],"picked":"Backflip+1","floor":34.0},{"not_picked":["Wraith Form v2+1","Bane"],"picked":"Footwork+1","floor":41.0},{"not_picked":["Skewer","Infinite Blades+1"],"picked":"Deflect+1","floor":46.0}],"player_experience":789069,"relics_obtained":[{"floor":1.0,"key":"Boot"},{"floor":4.0,"key":"Frozen Egg 2"},{"floor":5.0,"key":"Paper Crane"},{"floor":6.0,"key":"Meat on the Bone"},{"floor":8.0,"key":"Ornamental Fan"},{"floor":9.0,"key":"Oddly Smooth Stone"},{"floor":13.0,"key":"Juzu Bracelet"},{"floor":14.0,"key":"Anchor"},{"floor":16.0,"key":"Pen Nib"},{"floor":18.0,"key":"Pantograph"},{"floor":21.0,"key":"Torii"},{"floor":23.0,"key":"Gambling Chip"},{"floor":26.0,"key":"Toxic Egg 2"},{"floor":29.0,"key":"Omamori"},{"floor":33.0,"key":"Vajra"},{"floor":35.0,"key":"Blood Vial"},{"floor":37.0,"key":"Whetstone"},{"floor":41.0,"key":"Bag of Preparation"},{"floor":43.0,"key":"Tiny Chest"},{"floor":46.0,"key":"Mummified Hand"},{"floor":48.0,"key":"Centennial Puzzle"}],"event_choices":[{"event_name":"Golden Wing","player_choice":"Card Removal","floor":2.0,"damage_taken":0.0},{"event_name":"Accursed Blacksmith","player_choice":"Forge","floor":3.0,"damage_taken":0.0},{"event_name":"Liars Game","player_choice":"disagreed","floor":7.0,"damage_taken":0.0},{"event_name":"Golden Idol","player_choice":"Lose Max HP","floor":11.0,"damage_taken":0.0},{"event_name":"Big Fish","player_choice":"Donut","floor":12.0,"damage_taken":0.0},{"event_name":"Drug Dealer","player_choice":"Ignored","floor":19.0,"damage_taken":0.0},{"event_name":"Back to Basics","player_choice":"Simplicity","floor":20.0,"damage_taken":0.0},{"event_name":"Ghosts","player_choice":"Ignored","floor":22.0,"damage_taken":0.0},{"event_name":"Addict","player_choice":"Ignored","floor":27.0,"damage_taken":0.0},{"event_name":"Vampires","player_choice":"Ignored","floor":31.0,"damage_taken":0.0},{"event_name":"Duplicator","player_choice":"One dupe","floor":39.0,"damage_taken":0.0},{"event_name":"Falling","player_choice":"Removed Attack","floor":42.0,"damage_taken":0.0},{"event_name":"SecretPortal","player_choice":"Rejected Portal.","floor":45.0,"damage_taken":0.0}],"is_beta":true,"boss_relics":[{"not_picked":["Empty Cage","HoveringKite"],"picked":"Astrolabe"},{"not_picked":["Eternal Feather","Pandora\u0027s Box"],"picked":"Orrery"}],"items_purged_floors":[24],"is_endless":false,"potions_floor_spawned":[1,4,14,23,33,35,41,48],"ascension_level":0}