{"gold_per_floor":[16,116,126,137,155,155,172,172,223,223,241,252,252,263,263,263],"floor_reached":16,"playtime":871,"items_purged":[],"score":96,"play_id":"05f75629-0584-4e91-9854-2aad396064c7","local_time":"20181229010804","is_ascension_mode":false,"campfire_choices":[{"floor":6,"key":"RECALL"},{"data":"Chaos","floor":8,"key":"SMITH"},{"data":"White Noise","floor":10,"key":"SMITH"},{"floor":15,"key":"REST"}],"neow_cost":"NO_GOLD","seed_source_timestamp":708644779232702,"circlet_count":0,"master_deck":["Strike_B","Strike_B","Strike_B","Strike_B","Defend_B","Defend_B","Defend_B","Defend_B","Zap","Dualcast","Streamline","White Noise+1","Doom and Gloom","Chaos+1","White Noise","Melter","Tempest","Lockon"],"relics":["Cracked Core","Thread and Needle"],"potions_floor_usage":[5,11],"damage_taken":[{"damage":6,"enemies":"Small Slimes","floor":1,"turns":3},{"damage":0,"enemies":"Cultist","floor":3,"turns":3},{"damage":0,"enemies":"2 Louse","floor":4,"turns":3},{"damage":0,"enemies":"2 Fungi Beasts","floor":5,"turns":2},{"damage":11,"enemies":"Blue Slaver","floor":7,"turns":5},{"damage":1,"enemies":"Looter","floor":11,"turns":3},{"damage":8,"enemies":"Exordium Thugs","floor":12,"turns":3},{"damage":3,"enemies":"Blue Slaver","floor":14,"turns":5},{"damage":49,"enemies":"Hexaghost","floor":16,"turns":9}],"seed_played":"3305542601460646979","potions_obtained":[{"floor":1,"key":"Fire Potion"},{"floor":5,"key":"SteroidPotion"},{"floor":7,"key":"SpeedPotion"}],"is_trial":false,"path_per_floor":["M","?","M","M","M","R","M","R","T","R","M","M","?","M","R","B"],"character_chosen":"DEFECT","items_purchased":[],"campfire_rested":1,"item_purchase_floors":[],"current_hp_per_floor":[69,69,69,69,69,69,58,58,58,58,57,49,49,46,68,19],"gold":263,"neow_bonus":"ONE_RARE_RELIC","is_prod":false,"is_daily":false,"chose_seed":false,"campfire_upgraded":2,"win_rate":0,"timestamp":1545998884,"path_taken":["M","?","?","M","M","R","M","R","T","R","M","?","?","M","R","BOSS"],"build_version":"2018-12-20","purchased_purges":0,"victory":false,"max_hp_per_floor":[75,75,75,75,75,75,75,75,75,75,75,75,75,75,75,75],"card_choices":[{"not_picked":["BootSequence","Rebound"],"picked":"Streamline","floor":1},{"not_picked":["Gash","Stack"],"picked":"White Noise","floor":3},{"not_picked":["Cold Snap","Seek"],"picked":"Doom and Gloom","floor":4},{"not_picked":["Barrage","Turbo"],"picked":"Chaos","floor":5},{"not_picked":["Go for the Eyes","Coolheaded"],"picked":"White Noise","floor":7},{"not_picked":["Hologram","Double Energy"],"picked":"Melter","floor":11},{"not_picked":["Darkness","Beam Cell"],"picked":"Tempest","floor":12},{"not_picked":["All For One","Compile Driver"],"picked":"Lockon","floor":14}],"player_experience":532540,"relics_obtained":[],"event_choices":[{"damage_healed":0,"gold_gain":100,"player_choice":"Pray","damage_taken":0,"max_hp_gain":0,"max_hp_loss":0,"event_name":"Golden Shrine","floor":2,"gold_loss":0},{"damage_healed":0,"gold_gain":0,"player_choice":"Ignored","damage_taken":0,"max_hp_gain":0,"max_hp_loss":0,"event_name":"Shining Light","floor":13,"gold_loss":0}],"is_beta":false,"boss_relics":[],"items_purged_floors":[],"is_endless":false,"potions_floor_spawned":[1,5,7],"killed_by":"Hexaghost","ascension_level":0}