{"gold_per_floor":[117,117,131,45,57,87,104,138,187,187,200,211,211,211,211,289,289,289,209,2,2,2,2,2,2,2,2,2,2,2,2,2,2,2,2,2,2,2,2,2,2,2,2,2,2,2,2,2,2,2,2],"floor_reached":51,"playtime":5469,"items_purged":["Strike_G"],"score":1585,"play_id":"0971cf14-0196-4200-b867-1391d8c548dc","local_time":"20181117162138","is_ascension_mode":true,"campfire_choices":[{"data":"Footwork","floor":10,"key":"SMITH"},{"data":"Bouncing Flask","floor":13,"key":"SMITH"},{"data":"Neutralize","floor":15,"key":"SMITH"},{"floor":24,"key":"REST"},{"data":"Footwork","floor":30,"key":"SMITH"},{"floor":32,"key":"REST"},{"data":"Catalyst","floor":40,"key":"SMITH"},{"data":"Wraith Form v2","floor":45,"key":"SMITH"},{"floor":49,"key":"REST"}],"neow_cost":"NONE","seed_source_timestamp":22722845992562,"circlet_count":0,"master_deck":["AscendersBane","Defend_G","Defend_G","Defend_G","Defend_G","Defend_G","Strike_G+1","Strike_G","Strike_G","Survivor","Neutralize+1","Flechettes","Die Die Die","Footwork+1","Masterful Stab+1","Bouncing Flask+1","Dodge and Roll","Crippling Poison","Well Laid Plans","Malaise+1","Backflip+1","PiercingWail+1","Glass Knife","Dodge and Roll","Adrenaline","Catalyst+1","Footwork+1","Dagger Spray+1","Escape Plan","Wraith Form v2+1","Backflip","Underhanded Strike+1","Envenom","Eviscerate+1","Blade Dance+1","Catalyst"],"special_seed":0,"relics":["Ring of the Snake","NeowsBlessing","Whetstone","Pantograph","Centennial Puzzle","Blue Candle","Ectoplasm","Bag of Marbles","Ice Cream","Mummified Hand","Molten Egg 2","Snecko Eye","Question Card","Dream Catcher","Lantern","Shuriken"],"potions_floor_usage":[16,23,23,25,35,46,46,50],"damage_taken":[{"damage":0.0,"enemies":"Jaw Worm","floor":1.0,"turns":1.0},{"damage":0.0,"enemies":"Cultist","floor":3.0,"turns":1.0},{"damage":0.0,"enemies":"2 Louse","floor":5.0,"turns":1.0},{"damage":6.0,"enemies":"3 Sentries","floor":6.0,"turns":8.0},{"damage":6,"enemies":"Gremlin Gang","floor":7,"turns":4},{"damage":18,"enemies":"Lagavulin","floor":8,"turns":6},{"damage":8,"enemies":"Lots of Slimes","floor":11,"turns":2},{"damage":0,"enemies":"Looter","floor":12,"turns":4},{"damage":31,"enemies":"The Guardian","floor":16,"turns":9},{"damage":6,"enemies":"3 Byrds","floor":18,"turns":5},{"damage":17,"enemies":"2 Thieves","floor":19,"turns":4},{"damage":3,"enemies":"Snake Plant","floor":22,"turns":3},{"damage":17,"enemies":"Gremlin Leader","floor":23,"turns":8},{"damage":1,"enemies":"Slavers","floor":25,"turns":7},{"damage":12,"enemies":"Gremlin Leader","floor":29,"turns":9},{"damage":9,"enemies":"3 Cultists","floor":31,"turns":5},{"damage":3,"enemies":"Automaton","floor":33,"turns":12},{"damage":7,"enemies":"Orb Walker","floor":35,"turns":5},{"damage":0,"enemies":"3 Shapes","floor":38,"turns":6},{"damage":0,"enemies":"Sphere and 2 Shapes","floor":39,"turns":3},{"damage":6,"enemies":"Jaw Worm Horde","floor":41,"turns":4},{"damage":6,"enemies":"Giant Head","floor":44,"turns":8},{"damage":7,"enemies":"Reptomancer","floor":46,"turns":5},{"damage":10,"enemies":"Maw","floor":47,"turns":9},{"damage":0,"enemies":"Giant Head","floor":48,"turns":7},{"damage":44,"enemies":"Donu and Deca","floor":50,"turns":10},{"damage":44,"enemies":"Awakened One","floor":51,"turns":3}],"seed_played":"7908696557117543476","potions_obtained":[{"floor":1.0,"key":"AttackPotion"},{"floor":5.0,"key":"LiquidBronze"},{"floor":8,"key":"SpeedPotion"},{"floor":22,"key":"EntropicBrew"},{"floor":23,"key":"Fire Potion"},{"floor":25,"key":"Block Potion"},{"floor":39,"key":"LiquidBronze"},{"floor":47,"key":"Explosive Potion"}],"is_trial":false,"path_per_floor":["M","?","M","$","M","E","M","E","T","R","M","M","R","T","R","B",null,"M","M","$","?","M","E","R","E","T","$","?","E","R","M","R","B",null,"M","?","?","M","M","R","M","$","T","E","R","E","M","E","R","B","B"],"character_chosen":"THE_SILENT","items_purchased":["Footwork","Glass Knife","Dodge and Roll"],"campfire_rested":3,"item_purchase_floors":[4,20,20],"current_hp_per_floor":[59,59,59,59,59,53,47,29,29,29,21,21,21,21,21,15,53,47,30,30,30,27,10,29,28,28,28,28,16,16,7,26,48,62,55,55,55,55,55,55,49,49,49,43,43,36,26,26,44,19,0],"gold":2,"neow_bonus":"THREE_ENEMY_KILL","is_prod":false,"is_daily":false,"chose_seed":false,"campfire_upgraded":6,"win_rate":0,"timestamp":1542468098,"path_taken":["M","?","M","?","?","E","M","E","T","R","M","M","R","?","R","BOSS","M","M","$","?","?","E","R","E","T","?","?","E","R","M","R","BOSS","M","?","?","?","?","R","M","?","T","E","R","E","M","E","R","BOSS","BOSS"],"build_version":"2018-11-15","purchased_purges":1,"victory":false,"max_hp_per_floor":[66,66,66,66,66,66,66,66,66,66,66,66,66,66,66,66,66,66,66,66,66,66,66,66,66,66,66,66,66,66,66,66,66,66,66,63,63,63,63,63,63,63,63,63,63,63,63,63,63,63,63],"card_choices":[{"not_picked":["PiercingWail","Reflex"],"picked":"Flechettes","floor":1.0},{"not_picked":["Outmaneuver","Quick Slash"],"picked":"Slice","floor":3.0},{"not_picked":["Blade Dance","Cloak And Dagger"],"picked":"Masterful Stab","floor":5.0},{"not_picked":["Expertise","Dash"],"picked":"Bouncing Flask","floor":6.0},{"not_picked":["Choke","PiercingWail"],"picked":"Dodge and Roll","floor":7},{"not_picked":["Blur","Skewer"],"picked":"Crippling Poison","floor":8},{"not_picked":["Distraction","Unload"],"picked":"Well Laid Plans","floor":11},{"not_picked":["Sucker Punch","Underhanded Strike","Bane"],"picked":"SKIP","floor":12},{"not_picked":["Adrenaline","Wraith Form v2"],"picked":"Malaise","floor":16},{"not_picked":["Bane","Quick Slash"],"picked":"Backflip+1","floor":18},{"not_picked":["Prepared","All Out Attack"],"picked":"PiercingWail+1","floor":19},{"not_picked":["Acrobatics","Dagger Throw","Deadly Poison"],"picked":"SKIP","floor":22},{"not_picked":["Quick Slash","Blade Dance+1"],"picked":"Adrenaline","floor":23},{"not_picked":["Night Terror","Calculated Gamble"],"picked":"Catalyst","floor":25},{"not_picked":["Sucker Punch","Distraction"],"picked":"Dagger Spray","floor":29},{"not_picked":["Blade Dance","Deadly Poison"],"picked":"Escape Plan","floor":31},{"not_picked":["Glass Knife+1","Grand Finale+1"],"picked":"Wraith Form v2","floor":33},{"not_picked":["Accuracy","Tactician","Sucker Punch+1"],"picked":"SKIP","floor":35},{"not_picked":["Deadly Poison","Slice+1","Bane+1"],"picked":"SKIP","floor":38},{"not_picked":["Flying Knee+1","Dodge and Roll","Endless Agony+1"],"picked":"SKIP","floor":39},{"not_picked":["Dagger Throw+1","Poisoned Stab+1"],"picked":"Backflip","floor":41},{"not_picked":["Masterful Stab+1","Dodge and Roll","Bane+1"],"picked":"Underhanded Strike+1","floor":44},{"not_picked":["Endless Agony+1","Slice+1","Crippling Poison"],"picked":"Envenom","floor":46},{"not_picked":["Flying Knee+1","Deflect","PiercingWail"],"picked":"Eviscerate+1","floor":47},{"not_picked":["Finisher+1","Backflip","Footwork"],"picked":"Blade Dance+1","floor":48},{"not_picked":["Bane+1","Accuracy+1","PiercingWail"],"picked":"Catalyst","floor":49}],"player_experience":1792293,"relics_obtained":[{"floor":6.0,"key":"Whetstone"},{"floor":8,"key":"Pantograph"},{"floor":9,"key":"Centennial Puzzle"},{"floor":14,"key":"Blue Candle"},{"floor":23,"key":"Bag of Marbles"},{"floor":25,"key":"Ice Cream"},{"floor":26,"key":"Mummified Hand"},{"floor":29,"key":"Molten Egg 2"},{"floor":43,"key":"Question Card"},{"floor":44,"key":"Dream Catcher"},{"floor":46,"key":"Lantern"},{"floor":48,"key":"Shuriken"}],"event_choices":[{"damage_healed":0.0,"max_hp_gain":0.0,"max_hp_loss":0.0,"gold_gain":0.0,"cards_transformed":["Strike_G"],"event_name":"Transmorgrifier","player_choice":"Transformed","floor":2.0,"gold_loss":0.0,"damage_taken":0.0,"cards_obtained":["Die Die Die"]},{"damage_healed":0,"gold_gain":0,"player_choice":"Upgraded","damage_taken":0,"max_hp_gain":0,"max_hp_loss":0,"event_name":"Upgrade Shrine","floor":21,"gold_loss":0,"cards_upgraded":["Malaise"]},{"damage_healed":0,"gold_gain":0,"player_choice":"Read","damage_taken":0,"max_hp_gain":0,"max_hp_loss":0,"event_name":"The Library","floor":28,"gold_loss":0,"cards_obtained":["Footwork"]},{"damage_healed":0,"gold_gain":0,"player_choice":"Max HP","damage_taken":0,"max_hp_gain":0,"max_hp_loss":3,"event_name":"Winding Halls","floor":36,"gold_loss":0},{"cards_removed":["Slice"],"damage_healed":0,"gold_gain":0,"player_choice":"Purged","damage_taken":0,"max_hp_gain":0,"max_hp_loss":0,"event_name":"Purifier","floor":37,"gold_loss":0}],"is_beta":false,"boss_relics":[{"not_picked":["White Beast Statue","Busted Crown"],"picked":"Ectoplasm"},{"not_picked":["Black Star","Ring of the Serpent"],"picked":"Snecko Eye"}],"items_purged_floors":[20],"is_endless":false,"potions_floor_spawned":[1,5,8,12,22,23,25,33,39,41,47],"killed_by":"Awakened One","ascension_level":20}