{"gold_per_floor":[109,11,11,28,28,28,56,56,56,56,85,112,157,175,175,275,275,288,288,42,52,70,70,170,189,216,216,233,38,38,58,58,155,155,175,175,187,38,38],"floor_reached":39,"playtime":1620,"items_purged":["Cold Snap","Defend_B"],"score":437,"play_id":"e85def69-d147-4ac6-bddc-7283edaef8ad","local_time":"20181020172925","is_ascension_mode":false,"campfire_choices":[{"data":"Static Discharge","floor":6,"key":"SMITH"},{"data":"Beam Cell","floor":10,"key":"SMITH"},{"data":"Go for the Eyes","floor":15,"key":"SMITH"},{"floor":23,"key":"REST"},{"floor":27,"key":"REST"},{"data":"Static Discharge","floor":30,"key":"SMITH"},{"floor":32,"key":"REST"}],"neow_cost":"NONE","seed_source_timestamp":776306754384779,"circlet_count":0,"master_deck":["Defend_B","Defend_B","Defend_B","Zap","Dualcast","Rebound","Static Discharge+1","Beam Cell+1","Go for the Eyes+1","FTL","Conserve Battery","Core Surge","Static Discharge+1","Bite","Bite","Bite","Bite","Bite","Rip and Tear+1","Beam Cell","Loop+1","Coolheaded","Redo","Buffer","Rebound","Madness","Madness","Heatsinks"],"relics":["Cracked Core","NeowsBlessing","Cables","Pear","Ancient Tea Set","NlothsMask","Odd Mushroom","Lantern","Omamori","Empty Cage","Vajra","Orichalcum","Toy Ornithopter","Lizard Tail","Regal Pillow"],"potions_floor_usage":[12,16,25,33,33,33],"damage_taken":[{"damage":0,"enemies":"Cultist","floor":1,"turns":1},{"damage":0,"enemies":"2 Louse","floor":4,"turns":1},{"damage":0,"enemies":"Lagavulin","floor":7,"turns":1},{"damage":13,"enemies":"The Mushroom Lair","floor":11,"turns":4},{"damage":6,"enemies":"Gremlin Nob","floor":12,"turns":3},{"damage":0,"enemies":"Small Slimes","floor":14,"turns":2},{"damage":32,"enemies":"The Guardian","floor":16,"turns":7},{"damage":20,"enemies":"Spheric Guardian","floor":18,"turns":3},{"damage":10,"enemies":"Shell Parasite","floor":21,"turns":4},{"damage":22,"enemies":"Shelled Parasite and Fungi","floor":22,"turns":4},{"damage":26,"enemies":"Snake Plant","floor":25,"turns":3},{"damage":13,"enemies":"Centurion and Healer","floor":28,"turns":3},{"damage":3,"enemies":"Cultist and Chosen","floor":31,"turns":4},{"damage":38,"enemies":"Champ","floor":33,"turns":7},{"damage":22,"enemies":"3 Darklings","floor":35,"turns":3},{"damage":27,"enemies":"3 Shapes","floor":37,"turns":5},{"damage":54,"enemies":"Jaw Worm Horde","floor":39,"turns":3}],"seed_played":"5517959143263064451","potions_obtained":[{"floor":4,"key":"Dexterity Potion"},{"floor":11,"key":"Poison Potion"},{"floor":12,"key":"SkillPotion"},{"floor":18,"key":"SpeedPotion"},{"floor":21,"key":"SpeedPotion"},{"floor":22,"key":"EssenceOfSteel"},{"floor":31,"key":"Explosive Potion"}],"is_trial":false,"path_per_floor":["M","$","?","M","?","R","E","?","T","R","?","E","T","M","R","B",null,"M","?","$","M","M","R","?","M","T","R","M","$","R","M","R","B",null,"M","?","M","$"],"character_chosen":"DEFECT","items_purchased":["Rebound","Vajra","Toy Ornithopter","Regal Pillow"],"campfire_rested":3,"item_purchase_floors":[2,20,29,38],"current_hp_per_floor":[75,75,63,63,73,73,73,73,73,73,60,54,54,54,54,22,85,65,59,59,51,39,56,56,33,33,50,43,43,43,42,59,40,59,37,30,9,9,0],"gold":38,"neow_bonus":"THREE_ENEMY_KILL","is_prod":false,"is_daily":false,"chose_seed":false,"campfire_upgraded":4,"win_rate":0.0,"timestamp":1540009765,"path_taken":["M","?","?","M","?","R","E","?","T","R","?","E","?","M","R","BOSS","M","?","$","M","M","R","?","M","T","R","M","?","R","?","R","BOSS","M","?","?","$","M"],"build_version":"2018-10-18","purchased_purges":2,"victory":false,"max_hp_per_floor":[75,75,75,75,85,85,85,85,85,85,85,85,85,85,85,85,85,85,59,59,59,59,59,59,59,59,59,59,59,59,59,59,59,59,59,59,59,59,59],"card_choices":[{"not_picked":["Rebound","Steam"],"picked":"Cold Snap","floor":1},{"not_picked":["Beam Cell","Redo"],"picked":"Static Discharge","floor":4},{"not_picked":["Streamline","Steam"],"picked":"Beam Cell","floor":7},{"not_picked":["Conserve Battery","Scrape"],"picked":"Go for the Eyes","floor":11},{"not_picked":["Darkness","Rip and Tear"],"picked":"FTL","floor":12},{"not_picked":["Beam Cell","Barrage"],"picked":"Conserve Battery","floor":14},{"not_picked":["Reboot","Seek"],"picked":"Core Surge","floor":16},{"not_picked":["Barrage","Hologram+1"],"picked":"Static Discharge","floor":18},{"not_picked":["Streamline","Skim+1"],"picked":"Rip and Tear+1","floor":21},{"not_picked":["Force Field","Hologram+1"],"picked":"Beam Cell","floor":22},{"not_picked":["Rebound","Stack"],"picked":"Loop+1","floor":25},{"not_picked":["Redo","Recycle"],"picked":"Coolheaded","floor":28},{"not_picked":["Sweeping Beam","Steam"],"picked":"Redo","floor":31},{"not_picked":["Seek","Multi-Cast"],"picked":"Buffer","floor":33},{"not_picked":["Recycle","Streamline"],"picked":"Rebound","floor":35},{"not_picked":["Redo","Undo"],"picked":"Heatsinks","floor":37}],"player_experience":132049,"relics_obtained":[{"floor":7,"key":"Ancient Tea Set"},{"floor":11,"key":"Odd Mushroom"},{"floor":12,"key":"Lantern"},{"floor":13,"key":"Omamori"},{"floor":26,"key":"Orichalcum"}],"event_choices":[{"damage_healed":0,"gold_gain":0,"player_choice":"Success","damage_taken":12,"relics_obtained":["Cables"],"max_hp_gain":0,"max_hp_loss":0,"event_name":"Scrap Ooze","floor":3,"gold_loss":0},{"damage_healed":0,"gold_gain":0,"player_choice":"Gave Potion","damage_taken":0,"relics_obtained":["Pear"],"max_hp_gain":0,"max_hp_loss":0,"event_name":"WeMeetAgain","floor":5,"gold_loss":0},{"damage_healed":0,"gold_gain":0,"player_choice":"Trade","damage_taken":0,"relics_obtained":["NlothsMask"],"max_hp_gain":0,"max_hp_loss":0,"event_name":"FaceTrader","floor":8,"gold_loss":0},{"damage_healed":0,"gold_gain":0,"player_choice":"Fought Mushrooms","damage_taken":0,"max_hp_gain":0,"max_hp_loss":0,"event_name":"Mushrooms","floor":11,"gold_loss":0},{"damage_healed":0,"gold_gain":0,"player_choice":"Became a vampire","damage_taken":0,"max_hp_gain":0,"max_hp_loss":26,"event_name":"Vampires","floor":19,"gold_loss":0,"cards_obtained":["Bite","Bite","Bite","Bite","Bite"]},{"damage_healed":0,"gold_gain":100,"player_choice":"Pray","damage_taken":0,"max_hp_gain":0,"max_hp_loss":0,"event_name":"Golden Shrine","floor":24,"gold_loss":0},{"damage_healed":0,"gold_gain":0,"player_choice":"Embrace Madness","damage_taken":7,"max_hp_gain":0,"max_hp_loss":0,"event_name":"Winding Halls","floor":36,"gold_loss":0,"cards_obtained":["Madness","Madness"]}],"is_beta":false,"boss_relics":[{"not_picked":["Runic Dome","Eternal Feather"],"picked":"Empty Cage"},{"not_picked":["Philosopher\u0027s Stone","Snecko Eye"],"picked":"Lizard Tail"}],"items_purged_floors":[2,20],"is_endless":false,"potions_floor_spawned":[4,11,12,18,21,22,31],"killed_by":"Jaw Worm Horde","ascension_level":0}