{"path_per_floor":["M","?","$","M","M","R","M","R","T","M","M","?","?","$","R","B",null,"M","$","?","M","M","E","R","E","T","R","M","M","R","?","R"],"character_chosen":"THE_SILENT","items_purchased":["Anchor","Terror","Bag of Preparation","Footwork"],"gold_per_floor":[115,290,38,51,63,63,77,77,77,89,105,180,180,24,24,120,120,134,56,56,76,90,123,123,156,180,180,193,211,211,211,211,211],"floor_reached":33,"campfire_rested":3,"playtime":1369,"current_hp_per_floor":[68,68,68,66,60,60,57,57,57,50,50,39,14,14,35,35,70,70,70,70,70,51,50,50,20,20,41,37,37,37,37,58,0],"items_purged":["Doubt"],"gold":211,"score":327,"play_id":"729b8c1e-441c-471a-be7f-0bcbca68152e","local_time":"20180425121029","is_prod":false,"is_daily":false,"chose_seed":false,"is_ascension_mode":false,"campfire_upgraded":4,"timestamp":1524651029,"path_taken":["M","?","$","M","M","R","M","R","T","M","M","?","?","$","R","BOSS","M","$","?","M","M","E","R","E","T","R","M","M","R","?","R","BOSS"],"build_version":"2018-04-19","seed_source_timestamp":41918150267676,"purchased_purges":1,"victory":false,"master_deck":["Defend_G","Defend_G","Defend_G","Defend_G","Defend_G","Strike_G","Strike_G","Strike_G","Strike_G","Strike_G","Survivor","Neutralize","Poisoned Stab","Terror","Dodge and Roll","Riddle With Holes+1","Sucker Punch+1","Bullet Time","Bouncing Flask+1","Die Die Die","PiercingWail","Dagger Spray","Bane","Flechettes","Cloak And Dagger","Flying Knee","Footwork","Blur","Footwork","Leg Sweep+1","Blur","Backflip"],"max_hp_per_floor":[70,70,70,70,70,70,70,70,70,70,70,70,70,70,70,70,70,70,70,70,70,70,70,70,70,70,70,70,70,70,70,70,70],"relics":["Lizard Tail","Anchor","Gambling Chip","Thread and Needle","Bag of Preparation","Orrery","Oddly Smooth Stone","Snake Skull","Ancient Tea Set"],"card_choices":[{"not_picked":["Bane","Prepared"],"picked":"Poisoned Stab","floor":1},{"not_picked":["Outmaneuver","Prepared"],"picked":"Dodge and Roll","floor":4},{"not_picked":["Acrobatics","Flying Knee"],"picked":"Riddle With Holes","floor":5},{"not_picked":["Dodge and Roll","Deflect"],"picked":"Sucker Punch","floor":7},{"not_picked":["Prepared","Dodge and Roll"],"picked":"Bullet Time","floor":10},{"not_picked":["Deadly Poison","Heel Hook"],"picked":"Bouncing Flask","floor":11},{"not_picked":["Grand Finale","After Image"],"picked":"Die Die Die","floor":16},{"not_picked":["Expertise","Dagger Spray"],"picked":"PiercingWail","floor":17},{"not_picked":["Eviscerate","Dodge and Roll"],"picked":"Dagger Spray","floor":17},{"not_picked":["Dagger Throw","PiercingWail"],"picked":"Bane","floor":17},{"not_picked":["Underhanded Strike","Blade Dance"],"picked":"Flechettes","floor":17},{"not_picked":["Slice","A Thousand Cuts"],"picked":"Cloak And Dagger","floor":17},{"not_picked":["Slice","Deadly Poison"],"picked":"Flying Knee","floor":18},{"not_picked":["Quick Slash","Underhanded Strike"],"picked":"Blur","floor":21},{"not_picked":["Backflip","Blade Dance"],"picked":"Footwork","floor":22},{"not_picked":["Deflect","Bane"],"picked":"Leg Sweep","floor":23},{"not_picked":["Slice","Night Terror"],"picked":"Blur","floor":25},{"not_picked":["Acrobatics","Terror"],"picked":"Backflip","floor":28}],"player_experience":559485,"potions_floor_usage":[21,22,23,33],"damage_taken":[{"damage":2,"enemies":"2 Louse","floor":1,"turns":3},{"damage":2,"enemies":"Cultist","floor":4,"turns":4},{"damage":6,"enemies":"Jaw Worm","floor":5,"turns":5},{"damage":3,"enemies":"Blue Slaver","floor":7,"turns":3},{"damage":7,"enemies":"3 Louse","floor":10,"turns":4},{"damage":0,"enemies":"Lots of Slimes","floor":11,"turns":4},{"damage":0,"enemies":"Hexaghost","floor":16,"turns":9},{"damage":0,"enemies":"Shell Parasite","floor":18,"turns":4},{"damage":0,"enemies":"2 Thieves","floor":21,"turns":4},{"damage":19,"enemies":"Snake Plant","floor":22,"turns":4},{"damage":1,"enemies":"Book of Stabbing","floor":23,"turns":6},{"damage":68,"enemies":"Gremlin Leader","floor":25,"turns":9},{"damage":4,"enemies":"Sentry and Sphere","floor":28,"turns":6},{"damage":0,"enemies":"Chosen and Byrds","floor":29,"turns":5},{"damage":61,"enemies":"Champ","floor":33,"turns":12}],"event_choices":[{"event_name":"Liars Game","player_choice":"agreed","floor":2,"damage_taken":0},{"event_name":"World of Goop","player_choice":"Gather Gold","floor":12,"damage_taken":0},{"event_name":"Scrap Ooze","player_choice":"success","floor":13,"damage_taken":25},{"event_name":"Beggar","player_choice":"Ignored","floor":20,"damage_taken":0},{"event_name":"Drug Dealer","player_choice":"Ignored","floor":31,"damage_taken":0}],"boss_relics":[{"not_picked":["Black Star","White Beast Statue"],"picked":"Orrery"}],"potions_floor_spawned":[7,10,16,18,25,29],"seed_played":"7816424854149684498","killed_by":"Champ","ascension_level":0,"is_trial":false}