{"path_per_floor":["M","?","?","M","$","E","R","M","T","M","?","M","M","M","R","B",null,"M","M","?","$","?","E","M","R","T","M","$","M","?"],"character_chosen":"IRONCLAD","items_purchased":["Inflame","Fire Potion","Whirlwind","Flex","Weak Potion","Strength Potion","War Paint"],"gold_per_floor":[118,118,193,204,55,84,84,104,104,114,289,304,321,335,335,437,437,451,470,470,240,240,268,284,284,309,323,15,31,31],"floor_reached":31,"campfire_rested":0,"playtime":906,"current_hp_per_floor":[73,73,62,58,58,64,64,70,70,63,63,57,63,58,58,53,80,68,74,74,74,74,49,34,34,34,16,16,9,9],"items_purged":["Defend_R","Defend_R"],"gold":31,"score":259,"play_id":"7e562ca2-7ca9-436e-8be5-93bfb762b58c","is_prod":false,"is_daily":false,"is_ascension_mode":false,"campfire_upgraded":2,"path_taken":["M","?","?","M","$","E","R","?","T","M","?","?","M","M","R","BOSS","M","M","?","?","?","E","M","R","T","M","$","M","?","E"],"build_version":"2018-02-15-PROD1","purchased_purges":2,"victory":false,"master_deck":["Strike_R","Strike_R","Strike_R","Strike_R","Strike_R","Defend_R","Bash+1","Clash","Inflame","Heavy Blade+1","Clash","Clash+1","Whirlwind+1","Seeing Red+1","Flex+1","True Grit+1"],"max_hp_per_floor":[80,80,80,80,80,80,80,80,80,80,80,80,80,80,80,80,80,80,80,80,80,80,80,80,80,80,80,80,80,80],"relics":["Burning Blood","Mercury Hourglass","Peace Pipe","Black Star","Pen Nib","Juzu Bracelet","Whetstone","War Paint"],"card_choices":[{"not_picked":["Burning Pact","Twin Strike"],"picked":"Clash"},{"not_picked":["Corruption","Uppercut"],"picked":"Heavy Blade"},{"not_picked":["Armaments","Dropkick"],"picked":"Clash"},{"not_picked":["Second Wind","Shrug It Off"],"picked":"Seeing Red"},{"not_picked":["Thunderclap","Bloodletting"],"picked":"True Grit"}],"player_experience":90116,"potions_floor_usage":[6,6,16,18,23,23,23,27,29,31,31],"damage_taken":[{"damage":13,"enemies":"Jaw Worm","floor":1,"turns":3},{"damage":10,"enemies":"Cultist","floor":4,"turns":4},{"damage":6,"enemies":"Gremlin Nob","floor":6,"turns":3},{"damage":0,"enemies":"2 Louse","floor":8,"turns":2},{"damage":13,"enemies":"Lots of Slimes","floor":10,"turns":3},{"damage":12,"enemies":"Blue Slaver","floor":12,"turns":2},{"damage":0,"enemies":"Looter","floor":13,"turns":2},{"damage":11,"enemies":"Exordium Thugs","floor":14,"turns":5},{"damage":11,"enemies":"Slime Boss","floor":16,"turns":6},{"damage":27,"enemies":"3 Byrds","floor":18,"turns":5},{"damage":0,"enemies":"Chosen","floor":19,"turns":3},{"damage":34,"enemies":"Book of Stabbing","floor":23,"turns":4},{"damage":21,"enemies":"Snake Plant","floor":24,"turns":2},{"damage":24,"enemies":"Slaver and Parasite","floor":27,"turns":4},{"damage":13,"enemies":"Cultist and Chosen","floor":29,"turns":3},{"damage":13,"enemies":"Gremlin Leader","floor":31,"turns":2}],"event_choices":[{"event_name":"Wheel of Change","player_choice":"Card Removal","floor":2,"damage_taken":0},{"event_name":"World of Goop","player_choice":"Gather Gold","floor":3,"damage_taken":0},{"event_name":"Liars Game","player_choice":"agreed","floor":11,"damage_taken":0},{"event_name":"The Library","player_choice":"Read","floor":20,"damage_taken":0},{"event_name":"Vampires","player_choice":"Ignored","floor":22,"damage_taken":0},{"event_name":"Cursed Tome","player_choice":"Ignored","floor":30,"damage_taken":0}],"boss_relics":[{"not_picked":["Lizard Tail","Tiny House"],"picked":"Black Star"}],"potions_floor_spawned":[1,4,10,14,16,19,24,29],"seed_played":"8202376581820107120","killed_by":"Gremlin Leader","ascension_level":0,"is_trial":false}