{"gold_per_floor":[116,43,43,57,68,100,100,25,107,107,127,127,127,196,196,320,320,345,369,369,21,35,35,69,69],"floor_reached":25,"playtime":1857,"items_purged":["Regret"],"score":254,"play_id":"eb9bee05-e9ff-4e58-a902-3347018e6a5a","local_time":"20190112211737","is_ascension_mode":false,"campfire_choices":[{"data":"Pommel Strike","floor":7,"key":"SMITH"},{"floor":10,"key":"RECALL"},{"data":"Flex","floor":15,"key":"SMITH"},{"floor":23,"key":"REST"}],"neow_cost":"NONE","seed_source_timestamp":97273256036649,"circlet_count":0,"master_deck":["Defend_R","Defend_R","Defend_R","Defend_R","Bash","Pommel Strike+1","Flex+1","Iron Wave","Cleave","Thunderclap","Inflame","Clothesline","Injury","Heavy Blade","Juggernaut","Disarm+1","Second Wind","Bite","Bite","Bite","Bite","Bite","Wild Strike+1","Armaments"],"relics":["Burning Blood","NeowsBlessing","Ancient Tea Set","Paper Frog","Golden Idol","Omamori","Tiny Chest","Eternal Feather","ClockworkSouvenir","Bag of Marbles","Frozen Egg 2"],"potions_floor_usage":[6,6,14,19,22,24],"damage_taken":[{"damage":0,"enemies":"Cultist","floor":1,"turns":1},{"damage":0,"enemies":"Small Slimes","floor":4,"turns":1},{"damage":0,"enemies":"Jaw Worm","floor":5,"turns":1},{"damage":22,"enemies":"Lagavulin","floor":6,"turns":4},{"damage":5,"enemies":"Looter","floor":11,"turns":2},{"damage":12,"enemies":"Gremlin Nob","floor":14,"turns":3},{"damage":27,"enemies":"Slime Boss","floor":16,"turns":10},{"damage":35,"enemies":"Spheric Guardian","floor":18,"turns":5},{"damage":34,"enemies":"Shell Parasite","floor":19,"turns":6},{"damage":14,"enemies":"Centurion and Healer","floor":22,"turns":9},{"damage":46,"enemies":"Slavers","floor":24,"turns":5},{"damage":36,"enemies":"3 Cultists","floor":25,"turns":4}],"seed_played":"-8179741924389946077","potions_obtained":[{"floor":1,"key":"SteroidPotion"},{"floor":5,"key":"Block Potion"},{"floor":11,"key":"Poison Potion"},{"floor":18,"key":"BloodPotion"},{"floor":19,"key":"PowerPotion"},{"floor":22,"key":"Explosive Potion"}],"is_trial":false,"path_per_floor":["M","$","?","M","M","E","R","$","T","R","M","?","?","E","R","B",null,"M","M","?","$","M","R","E","M"],"character_chosen":"IRONCLAD","items_purchased":["Flex","Iron Wave","ClockworkSouvenir","Bag of Marbles"],"campfire_rested":1,"item_purchase_floors":[2,2,21,21],"current_hp_per_floor":[80,80,80,80,80,64,64,64,64,64,67,67,55,51,51,32,80,51,33,33,33,37,73,37,1],"gold":69,"neow_bonus":"THREE_ENEMY_KILL","is_prod":false,"is_daily":false,"chose_seed":false,"campfire_upgraded":2,"win_rate":0,"timestamp":1547281057,"path_taken":["M","?","?","M","?","E","R","$","T","R","M","?","?","E","R","BOSS","M","M","?","$","M","R","E","M"],"build_version":"2019-01-10","purchased_purges":1,"victory":false,"max_hp_per_floor":[80,80,80,80,80,80,80,80,80,80,80,80,80,80,80,80,80,80,80,80,80,80,80,80,80],"card_choices":[{"not_picked":["Sentinel","Warcry"],"picked":"Pommel Strike","floor":1},{"not_picked":["Anger","Havoc"],"picked":"Cleave","floor":4},{"not_picked":["Cleave","Rupture"],"picked":"Thunderclap","floor":5},{"not_picked":["Iron Wave","Perfected Strike"],"picked":"Inflame","floor":6},{"not_picked":["Sever Soul","Iron Wave"],"picked":"Clothesline","floor":11},{"not_picked":["Clothesline","Whirlwind"],"picked":"Heavy Blade","floor":14},{"not_picked":["Exhume","Brutality"],"picked":"Juggernaut","floor":16},{"not_picked":["Battle Trance","Perfected Strike"],"picked":"Disarm+1","floor":18},{"not_picked":["Blood for Blood","Warcry"],"picked":"Second Wind","floor":19},{"not_picked":["Body Slam","Sentinel"],"picked":"Wild Strike+1","floor":22},{"not_picked":["Dark Embrace","Ghostly Armor"],"picked":"Armaments","floor":24}],"player_experience":571060,"relics_obtained":[{"floor":6,"key":"Ancient Tea Set"},{"floor":9,"key":"Paper Frog"},{"floor":14,"key":"Tiny Chest"},{"floor":24,"key":"Frozen Egg 2"}],"event_choices":[{"damage_healed":0,"gold_gain":0,"player_choice":"Box","damage_taken":0,"relics_obtained":["Blood Vial"],"max_hp_gain":0,"max_hp_loss":0,"event_name":"Big Fish","floor":3,"gold_loss":0,"cards_obtained":["Regret"]},{"damage_healed":0,"gold_gain":0,"player_choice":"Take Wound","damage_taken":0,"relics_obtained":["Golden Idol"],"max_hp_gain":0,"max_hp_loss":0,"event_name":"Golden Idol","floor":12,"gold_loss":0,"cards_obtained":["Injury"]},{"damage_healed":0,"gold_gain":0,"player_choice":"Success","damage_taken":12,"relics_obtained":["Omamori"],"max_hp_gain":0,"max_hp_loss":0,"event_name":"Scrap Ooze","floor":13,"gold_loss":0},{"damage_healed":0,"gold_gain":0,"player_choice":"Became a vampire (Vial)","damage_taken":0,"max_hp_gain":0,"max_hp_loss":0,"event_name":"Vampires","floor":20,"relics_lost":["Blood Vial"],"gold_loss":0,"cards_obtained":["Bite","Bite","Bite","Bite","Bite"]}],"is_beta":false,"boss_relics":[{"not_picked":["Black Star","Snecko Eye"],"picked":"Eternal Feather"}],"items_purged_floors":[8],"is_endless":false,"potions_floor_spawned":[1,5,11,18,19,22],"killed_by":"3 Cultists","ascension_level":0}