{"path_per_floor":["M","?","?","$","M","E","R","E","T","$","R","M","R","M","R","B",null,"M","?","M","$","M","R","M","R","T","R","M","M","M","?","R"],"character_chosen":"IRONCLAD","items_purchased":[],"gold_per_floor":[110,110,110,35,49,89,89,128,155,55,55,79,79,103,103,224,224,238,238,218,93,116,116,129,129,156,156,174,194,210,210,210],"floor_reached":33,"campfire_rested":5,"playtime":1900,"current_hp_per_floor":[83,76,76,76,72,42,68,23,23,23,50,59,87,83,83,15,98,72,72,90,90,69,69,65,97,97,97,74,67,52,57,91],"items_purged":["Injury","Strike_R","Strike_R"],"gold":210,"score":384,"play_id":"860e14aa-4597-4be3-b631-a85aa6919467","local_time":"20180312142620","is_prod":false,"is_daily":false,"is_ascension_mode":true,"campfire_upgraded":3,"timestamp":1520861180,"path_taken":["M","?","?","$","?","E","R","E","T","$","R","M","R","M","R","BOSS","M","?","M","$","?","R","M","R","T","R","M","M","M","?","R","BOSS"],"build_version":"2018-03-09","purchased_purges":3,"victory":false,"master_deck":["Strike_R","Strike_R","Defend_R","Defend_R","Defend_R","Defend_R","Bash","Feed","Shrug It Off","Body Slam+1","Uppercut+1","Iron Wave","Impervious","Shrug It Off","Pommel Strike","Headbutt","Flex","Feed","Dark Shackles","Shrug It Off","Shrug It Off+1","Bludgeon"],"max_hp_per_floor":[83,83,83,83,86,89,89,92,92,92,92,95,95,98,98,98,98,101,101,104,104,104,104,107,107,107,107,110,113,116,116,116],"relics":["Burning Blood","Golden Idol","Paper Frog","Pen Nib","Lantern","Orrery","Ancient Tea Set"],"card_choices":[{"not_picked":["Heavy Blade","Shockwave"],"picked":"Shrug It Off"},{"not_picked":["Bloodletting","Havoc"],"picked":"Body Slam"},{"not_picked":["Cleave","Fire Breathing"],"picked":"Anger"},{"not_picked":["Whirlwind","Feel No Pain"],"picked":"Uppercut"},{"not_picked":["Twin Strike","Anger"],"picked":"Iron Wave"},{"not_picked":["Bludgeon","Fiend Fire"],"picked":"Impervious"},{"not_picked":["Hemokinesis","Twin Strike"],"picked":"Shrug It Off"},{"not_picked":["Dropkick","Perfected Strike"],"picked":"Pommel Strike"},{"not_picked":["Heavy Blade","Iron Wave"],"picked":"Headbutt"},{"not_picked":["Intimidate","Battle Trance"],"picked":"Flex"},{"not_picked":["Body Slam","Iron Wave"],"picked":"Shrug It Off"},{"not_picked":["Dropkick","Seeing Red"],"picked":"Shrug It Off"},{"not_picked":["Thunderclap","Armaments"],"picked":"Bludgeon"}],"player_experience":210280,"potions_floor_usage":[],"damage_taken":[{"damage":0.0,"enemies":"2 Louse","floor":1.0,"turns":2.0},{"damage":13.0,"enemies":"Jaw Worm","floor":5.0,"turns":5.0},{"damage":39.0,"enemies":"Gremlin Nob","floor":6.0,"turns":5.0},{"damage":54.0,"enemies":"Lagavulin","floor":8.0,"turns":9.0},{"damage":0.0,"enemies":"Small Slimes","floor":12.0,"turns":2.0},{"damage":13.0,"enemies":"Exordium Wildlife","floor":14.0,"turns":5.0},{"damage":74.0,"enemies":"Hexaghost","floor":16.0,"turns":13.0},{"damage":35.0,"enemies":"3 Byrds","floor":18.0,"turns":7.0},{"damage":6.0,"enemies":"2 Thieves","floor":20.0,"turns":5.0},{"damage":27.0,"enemies":"Snecko","floor":22.0,"turns":6.0},{"damage":13.0,"enemies":"Snake Plant","floor":24.0,"turns":4.0},{"damage":32.0,"enemies":"3 Cultists","floor":28.0,"turns":7.0},{"damage":16.0,"enemies":"Slaver and Parasite","floor":29.0,"turns":5.0},{"damage":24.0,"enemies":"Chosen and Byrds","floor":30.0,"turns":10.0},{"damage":92,"enemies":"Automaton","floor":33,"turns":10}],"event_choices":[{"event_name":"Golden Wing","player_choice":"Card Removal","floor":2.0,"damage_taken":0.0},{"event_name":"Golden Idol","player_choice":"Take Wound","floor":3.0,"damage_taken":0.0},{"event_name":"Match and Keep!","player_choice":"2 cards matched","floor":19.0,"damage_taken":0.0},{"event_name":"Bonfire Elementals","player_choice":"COMMON","floor":31.0,"damage_taken":0.0}],"boss_relics":[],"potions_floor_spawned":[5,6,16,18,28,29],"seed_played":"-8220903991652243986","killed_by":"Automaton","ascension_level":4,"is_trial":false}