{"path_per_floor":["M","M","$","M","?","R","M","R","T","R","M","M","E","$","R","B",null,"M","?","M","$","?","R","E","R","T","R","E","M","$","?","R","B",null,"M","$","M","?","M","R","M","R","T","M","M","M","T","$","R"],"character_chosen":"THE_SILENT","items_purchased":["Predator","Bronze Scales","Bag of Marbles","Caltrops","Vajra","Terror"],"gold_per_floor":[109,129,58,76,76,76,99,99,99,99,119,142,173,20,20,145,145,159,209,227,0,0,0,33,33,58,58,88,102,27,27,27,127,127,147,1,19,19,39,39,49,49,49,66,85,98,98,19,19,19],"floor_reached":50,"campfire_rested":2,"playtime":1863,"current_hp_per_floor":[70,70,70,70,53,53,51,51,51,51,46,39,29,29,50,23,70,70,70,68,68,68,68,64,64,69,69,43,43,43,43,64,52,70,70,70,70,70,70,70,70,70,70,68,67,62,62,62,62,0],"items_purged":["Strike_G"],"gold":19,"score":482,"play_id":"f6581375-0cf4-4e88-a237-b4b3e5e779de","local_time":"20180421095439","is_prod":false,"is_daily":false,"chose_seed":false,"is_ascension_mode":false,"campfire_upgraded":9,"timestamp":1524297279,"path_taken":["M","M","$","M","?","R","M","R","T","R","M","M","E","$","R","BOSS","M","?","M","$","?","R","E","R","T","R","E","M","$","?","R","BOSS","M","$","M","?","M","R","M","R","T","M","?","M","?","?","R","BOSS"],"build_version":"2018-04-19","seed_source_timestamp":53573431656864,"purchased_purges":1,"victory":false,"master_deck":["Defend_G","Defend_G","Defend_G","Defend_G","Strike_G","Survivor","Neutralize+1","Tools of the Trade","Footwork","All Out Attack","Predator+1","Cloak And Dagger+1","Accuracy+1","PiercingWail","Flying Knee","Sucker Punch","A Thousand Cuts+1","Reflex+1","Slice+1","Quick Slash+1","Backflip","Dash+1","Caltrops+1","Infinite Blades","Cloak And Dagger+1","Infinite Blades","Glass Knife+1","Accuracy+1","Dodge and Roll+1","Cloak And Dagger+1","Terror"],"max_hp_per_floor":[70,70,70,70,70,70,70,70,70,70,70,70,70,70,70,70,70,70,70,70,70,70,70,70,70,70,70,70,70,70,70,70,70,70,70,70,70,70,70,70,70,70,70,70,70,70,70,70,70,70],"relics":["Ring of the Snake","Bloody Idol","Toolbox","Gremlin Horn","Bronze Scales","Astrolabe","Bag of Marbles","Kunai","Omamori","Dream Catcher","Cursed Key","Vajra","Orichalcum","Meat on the Bone"],"card_choices":[{"not_picked":["Escape Plan","Blade Dance"],"picked":"Footwork","floor":1},{"not_picked":["Escape Plan","Well Laid Plans"],"picked":"All Out Attack","floor":2},{"not_picked":["Backflip","Endless Agony"],"picked":"Cloak And Dagger","floor":4},{"not_picked":["Sucker Punch","Prepared"],"picked":"Accuracy","floor":7},{"not_picked":["Phantasmal Killer","Expertise"],"picked":"PiercingWail","floor":11},{"not_picked":["Bane","Quick Slash"],"picked":"Flying Knee","floor":12},{"not_picked":["Eviscerate","Underhanded Strike"],"picked":"Sucker Punch","floor":13},{"not_picked":["Storm of Steel","Envenom"],"picked":"A Thousand Cuts","floor":16},{"not_picked":["Outmaneuver","Slice"],"picked":"Backflip","floor":18},{"not_picked":["Dodge and Roll","Riddle With Holes"],"picked":"Dash","floor":20},{"not_picked":["Deflect","Outmaneuver"],"picked":"Infinite Blades","floor":24},{"not_picked":["Leg Sweep","Dagger Throw"],"picked":"Cloak And Dagger","floor":28},{"not_picked":["Eviscerate","Poisoned Stab"],"picked":"Infinite Blades","floor":32},{"not_picked":["Doppelganger","Adrenaline"],"picked":"Glass Knife","floor":33},{"not_picked":["Slice","Heel Hook"],"picked":"Accuracy","floor":35},{"not_picked":["Deadly Poison","Concentrate"],"picked":"Dodge and Roll","floor":37},{"not_picked":["Bullet Time","Outmaneuver"],"picked":"Cloak And Dagger","floor":41}],"player_experience":504851,"potions_floor_usage":[24,24,28,33,33,41,46,50],"damage_taken":[{"damage":0,"enemies":"2 Louse","floor":1,"turns":4},{"damage":0,"enemies":"Jaw Worm","floor":2,"turns":5},{"damage":0,"enemies":"Small Slimes","floor":4,"turns":3},{"damage":2,"enemies":"Looter","floor":7,"turns":3},{"damage":5,"enemies":"Exordium Thugs","floor":11,"turns":5},{"damage":7,"enemies":"Blue Slaver","floor":12,"turns":4},{"damage":10,"enemies":"Lagavulin","floor":13,"turns":6},{"damage":27,"enemies":"The Guardian","floor":16,"turns":11},{"damage":0,"enemies":"3 Byrds","floor":18,"turns":3},{"damage":2,"enemies":"Shell Parasite","floor":20,"turns":4},{"damage":9,"enemies":"Book of Stabbing","floor":24,"turns":5},{"damage":35,"enemies":"Slavers","floor":28,"turns":6},{"damage":5,"enemies":"Snecko","floor":29,"turns":5},{"damage":17,"enemies":"Collector","floor":33,"turns":8},{"damage":4,"enemies":"3 Darklings","floor":35,"turns":5},{"damage":0,"enemies":"3 Shapes","floor":37,"turns":3},{"damage":5,"enemies":"Maw","floor":39,"turns":6},{"damage":0,"enemies":"Sphere and 2 Shapes","floor":41,"turns":3},{"damage":7,"enemies":"4 Shapes","floor":44,"turns":5},{"damage":6,"enemies":"3 Darklings","floor":45,"turns":4},{"damage":10,"enemies":"Sphere and 2 Shapes","floor":46,"turns":3},{"damage":69,"enemies":"Time Eater","floor":50,"turns":10}],"event_choices":[{"event_name":"Golden Idol","player_choice":"Take Damage","floor":5,"damage_taken":0},{"event_name":"The Joust","player_choice":"Bet on Murderer","floor":19,"damage_taken":0},{"event_name":"Forgotten Altar","player_choice":"Gave Idol","floor":22,"damage_taken":0},{"event_name":"The Lab","player_choice":"Got Potions","floor":31,"damage_taken":0}],"boss_relics":[{"not_picked":["White Beast Statue","Eternal Feather"],"picked":"Astrolabe"},{"not_picked":["Snecko Eye","Pandora\u0027s Box"],"picked":"Cursed Key"}],"potions_floor_spawned":[1,2,7,12,13,20,33,35,37],"seed_played":"-7133240027567321069","killed_by":"Time Eater","ascension_level":0,"is_trial":false}