{"gold_per_floor":[110,110,110,123,123,123,156,156,156,166,62,91,104,126,126,202,202,215,285,299,224,243,243,269,269,269,302,329,345,345,378,378,454,454,467,482,41,54,16,16,34,67,67,96,96,122,137,152,152,152],"floor_reached":51,"playtime":2391,"items_purged":[],"score":2330,"play_id":"e454ef93-5eea-4a9f-8b03-7f8306b11dfc","local_time":"20180702214750","daily_mods":["Draft","Heirloom","Hoarder"],"is_ascension_mode":true,"campfire_choices":[{"data":"Armaments","floor":6,"key":"SMITH"},{"floor":8,"key":"REST"},{"data":"Whirlwind","floor":15,"key":"SMITH"},{"data":"Armaments","floor":23,"key":"SMITH"},{"data":"Feel No Pain","floor":25,"key":"SMITH"},{"data":"Spot Weakness","floor":32,"key":"SMITH"},{"floor":40,"key":"REST"},{"data":"Spot Weakness","floor":49,"key":"SMITH"}],"neow_cost":"","seed_source_timestamp":6000559651057,"circlet_count":0,"master_deck":["AscendersBane","Cleave","Clothesline","Clothesline","Clothesline","Corruption","Corruption","Corruption","Perfected Strike","Perfected Strike","Perfected Strike","Corruption","Corruption","Corruption","Havoc","Havoc","Havoc","Armaments+1","Armaments+1","Armaments+1","Metallicize+1","Metallicize","Metallicize","Shrug It Off","Shrug It Off+1","Shrug It Off","Feel No Pain","Feel No Pain+1","Feel No Pain","Whirlwind","Whirlwind","Whirlwind+1","Disarm","Disarm","Disarm","Spot Weakness","Spot Weakness+1","Spot Weakness+1","Flame Barrier","Flame Barrier","Flame Barrier","Flame Barrier","Flame Barrier","Flame Barrier","Flame Barrier","Flame Barrier","Flame Barrier","Entrench","Entrench","Entrench","Metallicize","Metallicize","Metallicize","Shrug It Off","Shrug It Off","Shrug It Off","Body Slam+1","Body Slam","Body Slam","Perfected Strike","Perfected Strike","Perfected Strike","Fiend Fire","Fiend Fire","Fiend Fire","Flame Barrier","Flame Barrier","Flame Barrier","Limit Break","Limit Break","Limit Break","Flame Barrier","Flame Barrier","Flame Barrier","Second Wind","Second Wind","Second Wind","Twin Strike","Twin Strike","Twin Strike+1","Heavy Blade","Heavy Blade","Heavy Blade","Barricade","Barricade","Barricade","Dual Wield+1","Dual Wield+1","Dual Wield+1","Shrug It Off","Shrug It Off+1","Shrug It Off","Headbutt+1","Headbutt+1","Headbutt+1","Perfected Strike","Perfected Strike","Perfected Strike","Clash","Clash","Clash","Normality","Normality","Normality","Seeing Red","Seeing Red","Seeing Red+1","Flex","Flex","Flex","Rampage+1","Rampage+1","Rampage+1","Bloodletting","Bloodletting","Bloodletting","Warcry","Warcry","Warcry"],"relics":["Snecko Eye","Dead Branch","Self Forming Clay","Mango","Bottled Flame","Odd Mushroom","Runic Dome","Paper Frog","Prayer Wheel","Calipers","Red Mask","Oddly Smooth Stone","Magic Flower","Cursed Key","Bottled Tornado","Membership Card","Whetstone","Matryoshka","Vajra","War Paint"],"potions_floor_usage":[33],"damage_taken":[{"damage":0,"enemies":"2 Louse","floor":1,"turns":3},{"damage":8,"enemies":"Jaw Worm","floor":4,"turns":2},{"damage":0,"enemies":"3 Sentries","floor":7,"turns":3},{"damage":0,"enemies":"Small Slimes","floor":10,"turns":3},{"damage":6,"enemies":"Gremlin Nob","floor":12,"turns":3},{"damage":24,"enemies":"Exordium Wildlife","floor":13,"turns":2},{"damage":0,"floor":14,"turns":2},{"damage":0,"enemies":"Hexaghost","floor":16,"turns":5},{"damage":0,"enemies":"Spheric Guardian","floor":18,"turns":2},{"damage":0,"enemies":"Shell Parasite","floor":20,"turns":2},{"damage":1,"enemies":"Sentry and Sphere","floor":22,"turns":3},{"damage":0,"enemies":"Slavers","floor":24,"turns":2},{"damage":0,"floor":27,"turns":2},{"damage":0,"enemies":"Gremlin Leader","floor":28,"turns":2},{"damage":3,"enemies":"Snake Plant","floor":29,"turns":2},{"damage":0,"enemies":"Book of Stabbing","floor":31,"turns":4},{"damage":3,"enemies":"Automaton","floor":33,"turns":3},{"damage":0,"enemies":"Flame Bruiser 1 Orb","floor":35,"turns":3},{"damage":1,"enemies":"3 Darklings","floor":36,"turns":4},{"damage":0,"enemies":"Sphere and 2 Shapes","floor":38,"turns":2},{"damage":0,"enemies":"4 Shapes","floor":41,"turns":1},{"damage":0,"enemies":"Giant Head","floor":42,"turns":3},{"damage":0,"enemies":"2 Orb Walkers","floor":44,"turns":3},{"damage":0,"enemies":"Nemesis","floor":46,"turns":5},{"damage":0,"enemies":"Flame Bruiser 2 Orb","floor":47,"turns":3},{"damage":0,"enemies":"Transient","floor":48,"turns":5},{"damage":3,"enemies":"Time Eater","floor":50,"turns":5}],"seed_played":"7600749685620286393","potions_obtained":[{"floor":1,"key":"Strength Potion"},{"floor":7,"key":"Ancient Potion"},{"floor":29,"key":"Fruit Juice"},{"floor":36,"key":"Energy Potion"}],"is_trial":true,"path_per_floor":["M","?","$","M","?","R","E","R","T","M","$","E","M","?","R","B",null,"M","T","M","?","M","R","E","R","T","?","E","M","?","E","R","B",null,"M","M","$","M","$","R","M","E","T","E","$","E","M","M","R","B"],"character_chosen":"IRONCLAD","items_purchased":["Metallicize","Shrug It Off","Bottled Tornado","Membership Card","Clash"],"campfire_rested":2,"item_purchase_floors":[11,11,37,37,39],"current_hp_per_floor":[68,68,68,60,37,37,37,59,73,73,73,78,54,54,54,54,80,80,80,80,80,79,79,79,79,79,79,79,76,76,76,76,81,91,91,90,90,94,94,94,94,94,94,94,94,94,94,94,94,91],"gold":152,"neow_bonus":"","is_prod":false,"is_daily":false,"chose_seed":false,"campfire_upgraded":6,"win_rate":0,"timestamp":1530593270,"path_taken":["M","?","$","M","?","R","E","R","T","M","$","E","?","?","R","BOSS","M","?","M","?","?","R","E","R","T","?","E","M","?","E","R","BOSS","M","M","$","M","$","R","M","E","T","E","?","E","M","M","R","BOSS"],"build_version":"2018-06-29","purchased_purges":0,"victory":true,"max_hp_per_floor":[75,75,75,75,75,75,75,75,89,89,89,89,89,89,89,89,89,89,89,89,89,89,89,89,89,89,89,89,89,89,89,89,94,94,94,94,94,94,94,94,94,94,94,94,94,94,94,94,94,94],"card_choices":[{"not_picked":["Hemokinesis","Havoc"],"picked":"Cleave","floor":0},{"not_picked":["Body Slam","Shrug It Off"],"picked":"Clothesline","floor":0},{"not_picked":["Clash","Cleave"],"picked":"Corruption","floor":0},{"not_picked":["Pommel Strike","Combust"],"picked":"Perfected Strike","floor":0},{"not_picked":["Bloodletting","Anger"],"picked":"Corruption","floor":0},{"not_picked":["Warcry","Fire Breathing"],"picked":"Havoc","floor":0},{"not_picked":["Warcry","Clash"],"picked":"Armaments","floor":0},{"not_picked":["Searing Blow","Clash"],"picked":"Metallicize","floor":0},{"not_picked":["Clash","Cleave"],"picked":"Shrug It Off","floor":0},{"not_picked":["Clash","Dropkick"],"picked":"Feel No Pain","floor":0},{"not_picked":["Warcry","Iron Wave"],"picked":"Whirlwind","floor":0},{"not_picked":["Rage","Fire Breathing"],"picked":"Disarm","floor":0},{"not_picked":["Shrug It Off","Anger"],"picked":"Spot Weakness","floor":0},{"not_picked":["Warcry","Combust"],"picked":"Flame Barrier","floor":0},{"not_picked":["Armaments","Disarm"],"picked":"Flame Barrier","floor":0},{"not_picked":["Cleave","Whirlwind"],"picked":"Flame Barrier","floor":4},{"not_picked":["Burning Pact","Armaments"],"picked":"Entrench","floor":7},{"not_picked":["Thunderclap","Power Through","Sword Boomerang"],"picked":"SKIP","floor":10},{"not_picked":["Uppercut","Sever Soul"],"picked":"Body Slam","floor":12},{"not_picked":["Combust","Armaments","Rupture"],"picked":"SKIP","floor":13},{"not_picked":["Headbutt","Power Through"],"picked":"Perfected Strike","floor":14},{"not_picked":["Feed","Double Tap"],"picked":"Fiend Fire","floor":16},{"not_picked":["Cleave","Evolve"],"picked":"Flame Barrier","floor":18},{"not_picked":["Shrug It Off","Combust","Armaments"],"picked":"SKIP","floor":22},{"not_picked":["Ghostly Armor","Perfected Strike"],"picked":"Limit Break","floor":24},{"not_picked":["Sword Boomerang","Whirlwind"],"picked":"Flame Barrier","floor":27},{"not_picked":["Heavy Blade","Sword Boomerang"],"picked":"Second Wind","floor":28},{"not_picked":["Sever Soul","Rage"],"picked":"Twin Strike","floor":29},{"not_picked":["True Grit","Havoc","Body Slam"],"picked":"SKIP","floor":29},{"not_picked":["Blood for Blood","Anger"],"picked":"Heavy Blade","floor":31},{"not_picked":["Fiend Fire","Brutality"],"picked":"Barricade","floor":33},{"not_picked":["Hemokinesis","Burning Pact"],"picked":"Dual Wield+1","floor":35},{"not_picked":["Entrench+1","Clothesline"],"picked":"Shrug It Off","floor":35},{"not_picked":["Heavy Blade","Entrench+1"],"picked":"Headbutt+1","floor":36},{"not_picked":["Clothesline","Second Wind+1","Dropkick"],"picked":"SKIP","floor":36},{"not_picked":["Sword Boomerang+1","Armaments+1"],"picked":"Perfected Strike","floor":38},{"not_picked":["Anger","Clash","Havoc"],"picked":"SKIP","floor":38},{"not_picked":["Power Through","Sword Boomerang+1","Twin Strike"],"picked":"SKIP","floor":41},{"not_picked":["Wild Strike","Combust","True Grit"],"picked":"SKIP","floor":41},{"not_picked":["Cleave","Berserk","Iron Wave+1"],"picked":"SKIP","floor":42},{"not_picked":["Shrug It Off","Fire Breathing"],"picked":"Seeing Red","floor":44},{"not_picked":["Pummel","Sword Boomerang+1","Shockwave"],"picked":"SKIP","floor":46},{"not_picked":["Clash","Pummel+1"],"picked":"Flex","floor":47},{"not_picked":["Sever Soul+1","Clothesline"],"picked":"Rampage+1","floor":47},{"not_picked":["Headbutt+1","Metallicize"],"picked":"Bloodletting","floor":48},{"not_picked":["Pommel Strike+1","Thunderclap"],"picked":"Warcry","floor":48}],"player_experience":456493,"relics_obtained":[{"floor":7,"key":"Self Forming Clay"},{"floor":9,"key":"Mango"},{"floor":12,"key":"Bottled Flame"},{"floor":14,"key":"Odd Mushroom"},{"floor":19,"key":"Paper Frog"},{"floor":24,"key":"Prayer Wheel"},{"floor":26,"key":"Calipers"},{"floor":27,"key":"Red Mask"},{"floor":28,"key":"Oddly Smooth Stone"},{"floor":31,"key":"Magic Flower"},{"floor":42,"key":"Whetstone"},{"floor":43,"key":"Matryoshka"},{"floor":44,"key":"Vajra"},{"floor":46,"key":"War Paint"}],"event_choices":[{"event_name":"Living Wall","player_choice":"Grow","floor":2,"damage_taken":0},{"event_name":"Shining Light","player_choice":"Entered Light","floor":5,"damage_taken":0},{"event_name":"Mushrooms","player_choice":"Fought Mushrooms","floor":14,"damage_taken":0},{"event_name":"Beggar","player_choice":"Gave Gold","floor":21,"damage_taken":0},{"event_name":"Masked Bandits","player_choice":"Fought over 269 gold","floor":27,"damage_taken":0},{"event_name":"Back to Basics","player_choice":"Elegance","floor":30,"damage_taken":0}],"boss_relics":[{"not_picked":["Busted Crown","Lizard Tail"],"picked":"Runic Dome"},{"not_picked":["Orrery","Black Star"],"picked":"Cursed Key"}],"items_purged_floors":[],"is_endless":false,"potions_floor_spawned":[1,7,16,22,27,29,36,44,48],"ascension_level":15}