{"gold_per_floor":[118,118,118,133,23,48,58,58,82,110,124,143,163,47,47,152,152,164,164,64,64,77,104,134,150,220,220,245,262,262,262],"floor_reached":31,"playtime":1194,"items_purged":["Regret","Strike_B","Strike_B"],"score":340,"play_id":"34af1f14-1f72-4b27-8f07-f8ca86461f37","local_time":"20190201204652","is_ascension_mode":false,"campfire_choices":[{"floor":8,"key":"DIG"},{"floor":15,"key":"DIG"},{"floor":24,"key":"DIG"},{"floor":27,"key":"REST"}],"neow_cost":"NONE","seed_source_timestamp":11736629652598,"circlet_count":0,"master_deck":["Strike_B","Strike_B","Defend_B","Defend_B","Defend_B","Defend_B","Zap","Dualcast","Conserve Battery","Gash","Capacitor","Gash","Reboot","Barrage","Gash","Stack","Conserve Battery","Gash","All For One","Cold Snap","BootSequence","Cold Snap","Conserve Battery+1","Loop","Writhe"],"relics":["Cracked Core","NeowsBlessing","Juzu Bracelet","Shovel","Art of War","The Courier","Strawberry","Pantograph","PreservedInsect","Inserter","Blue Candle","Tiny Chest","Bottled Lightning","Anchor","Mummified Hand"],"potions_floor_usage":[13,13,22,31,31],"damage_taken":[{"damage":0,"enemies":"Small Slimes","floor":1,"turns":1},{"damage":0,"enemies":"Jaw Worm","floor":4,"turns":1},{"damage":0,"enemies":"Gremlin Nob","floor":6,"turns":1},{"damage":0,"enemies":"2 Louse","floor":7,"turns":3},{"damage":17,"enemies":"Lagavulin","floor":10,"turns":6},{"damage":4,"enemies":"Exordium Thugs","floor":11,"turns":5},{"damage":7,"enemies":"Gremlin Gang","floor":12,"turns":4},{"damage":15,"enemies":"Exordium Wildlife","floor":13,"turns":4},{"damage":24,"enemies":"Slime Boss","floor":16,"turns":9},{"damage":2,"enemies":"Shell Parasite","floor":18,"turns":3},{"damage":21,"enemies":"Spheric Guardian","floor":22,"turns":4},{"damage":18,"enemies":"Book of Stabbing","floor":23,"turns":4},{"damage":18,"enemies":"Centurion and Healer","floor":25,"turns":4},{"damage":9,"enemies":"Snake Plant","floor":29,"turns":5},{"damage":39,"enemies":"Gremlin Leader","floor":31,"turns":4}],"seed_played":"7442634435931440353","potions_obtained":[{"floor":7,"key":"SteroidPotion"},{"floor":11,"key":"Dexterity Potion"},{"floor":12,"key":"SkillPotion"},{"floor":13,"key":"Fruit Juice"},{"floor":18,"key":"Regen Potion"},{"floor":22,"key":"SpeedPotion"},{"floor":29,"key":"Swift Potion"}],"is_trial":false,"path_per_floor":["M","?","?","M","$","E","M","R","T","E","M","M","M","$","R","B",null,"M","?","$","?","M","E","R","M","T","R","T","M","?","E"],"character_chosen":"DEFECT","items_purchased":["Capacitor","Gash"],"campfire_rested":1,"item_purchase_floors":[5,14],"current_hp_per_floor":[75,72,72,72,72,72,72,72,79,62,58,51,41,41,41,42,87,85,68,68,68,52,34,34,16,16,43,43,34,34,0],"gold":262,"neow_bonus":"THREE_ENEMY_KILL","is_prod":false,"is_daily":false,"chose_seed":false,"campfire_upgraded":0,"win_rate":0,"timestamp":1549075612,"path_taken":["M","?","?","M","$","E","M","R","T","E","M","M","M","?","R","BOSS","M","?","?","?","M","E","R","M","T","R","?","M","?","E"],"build_version":"2019-01-23","purchased_purges":3,"victory":false,"max_hp_per_floor":[75,75,75,75,75,75,75,75,82,82,82,82,87,87,87,87,87,87,92,92,92,92,92,92,92,92,92,92,92,92,92],"card_choices":[{"not_picked":["Cold Snap","Fusion"],"picked":"Conserve Battery","floor":1},{"not_picked":["Sweeping Beam","Stack"],"picked":"Gash","floor":4},{"not_picked":["Compile Driver","Stack"],"picked":"Gash","floor":6},{"not_picked":["Turbo","Beam Cell"],"picked":"Reboot","floor":7},{"not_picked":["Hello World","Rebound"],"picked":"Barrage","floor":10},{"not_picked":["Storm","Leap"],"picked":"Gash","floor":11},{"not_picked":["Storm","Barrage"],"picked":"Stack","floor":12},{"not_picked":["Stack","Coolheaded"],"picked":"Conserve Battery","floor":13},{"not_picked":["Fission","Seek"],"picked":"All For One","floor":16},{"not_picked":["Rebound","Beam Cell"],"picked":"Cold Snap","floor":18},{"not_picked":["Turbo","Redo"],"picked":"BootSequence","floor":22},{"not_picked":["Conserve Battery","Go for the Eyes"],"picked":"Cold Snap","floor":23},{"not_picked":["Tempest","Gash+1"],"picked":"Conserve Battery+1","floor":25},{"not_picked":["Barrage+1","Compile Driver"],"picked":"Loop","floor":29}],"player_experience":75476,"relics_obtained":[{"floor":6,"key":"Art of War"},{"floor":8,"key":"The Courier"},{"floor":9,"key":"Strawberry"},{"floor":10,"key":"Pantograph"},{"floor":15,"key":"PreservedInsect"},{"floor":23,"key":"Blue Candle"},{"floor":24,"key":"Tiny Chest"},{"floor":26,"key":"Bottled Lightning"},{"floor":28,"key":"Anchor"}],"event_choices":[{"damage_healed":0,"gold_gain":0,"player_choice":"Success","damage_taken":3,"relics_obtained":["Juzu Bracelet"],"max_hp_gain":0,"max_hp_loss":0,"event_name":"Scrap Ooze","floor":2,"gold_loss":0},{"damage_healed":0,"gold_gain":0,"player_choice":"Box","damage_taken":0,"relics_obtained":["Shovel"],"max_hp_gain":0,"max_hp_loss":0,"event_name":"Big Fish","floor":3,"gold_loss":0,"cards_obtained":["Regret"]},{"damage_healed":0,"gold_gain":0,"player_choice":"Shed Blood","damage_taken":22,"max_hp_gain":5,"max_hp_loss":0,"event_name":"Forgotten Altar","floor":19,"gold_loss":0},{"damage_healed":0,"gold_gain":0,"player_choice":"Ignored","damage_taken":0,"max_hp_gain":0,"max_hp_loss":0,"event_name":"Beggar","floor":21,"gold_loss":0},{"damage_healed":0,"gold_gain":0,"player_choice":"Opened","damage_taken":0,"relics_obtained":["Mummified Hand"],"max_hp_gain":0,"max_hp_loss":0,"event_name":"The Mausoleum","floor":30,"gold_loss":0,"cards_obtained":["Writhe"]}],"is_beta":false,"boss_relics":[{"not_picked":["Snecko Eye","Busted Crown"],"picked":"Inserter"}],"items_purged_floors":[5,14,20],"is_endless":false,"potions_floor_spawned":[7,11,12,13,18,22,29],"killed_by":"Gremlin Leader","ascension_level":0}