{"gold_per_floor":[144,189,24,124,169,169,259,304,304,349,394,439,529,64,64,364,514,559,604,804,849,894,984,984,1029,1029,1074,1119,1164,1209,1299,1299,1599,1599,1644,1201,1226,1271,1316,1361,1451,1451,1526,1616,1661,1706,1706,1751,1751,1751],"floor_reached":51,"playtime":3108,"items_purged":["Strike_G"],"score":1196,"play_id":"7984f091-555f-42a0-b727-2819cab3a2f8","local_time":"20181104212030","daily_mods":["Specialized","Vintage","Midas"],"is_ascension_mode":false,"campfire_choices":[{"floor":6.0,"key":"REST"},{"floor":15.0,"key":"REST"},{"floor":24.0,"key":"REST"},{"floor":32.0,"key":"REST"},{"floor":42.0,"key":"REST"},{"data":"Strike_G","floor":49.0,"key":"PURGE"}],"neow_cost":"","seed_source_timestamp":0,"circlet_count":0,"master_deck":["Defend_G+1","Defend_G","Defend_G","Defend_G","Defend_G","Strike_G+1","Strike_G+1","Strike_G","Survivor","Neutralize","Cloak And Dagger+1","Cloak And Dagger","Cloak And Dagger+1","Cloak And Dagger","Cloak And Dagger","Panache","After Image","PiercingWail","Escape Plan","Well Laid Plans","Corpse Explosion","Deflect","Choke+1","Envenom","Infinite Blades","Slice","Deflect","Cloak And Dagger+1"],"special_seed":17839,"relics":["Ring of the Snake","Vajra","Pocketwatch","Happy Flower","Question Card","Paper Crane","Bottled Lightning","Prayer Wheel","Tingsha","Regal Pillow","Darkstone Periapt","Bag of Marbles","Sling","Tiny House","Sundial","Smiling Mask","Bag of Preparation","Thread and Needle","Oddly Smooth Stone","Orichalcum","Dodecahedron","Bronze Scales","Blue Candle","Shuriken","Kunai","The Specimen","Busted Crown","War Paint","Nunchaku","Whetstone","Matryoshka","Snake Skull","Bottled Tornado","Tough Bandages","Pen Nib","Meat on the Bone","Peace Pipe","Strawberry","Omamori","Ninja Scroll"],"potions_floor_usage":[50,50,50],"damage_taken":[{"damage":0.0,"enemies":"Jaw Worm","floor":1.0,"turns":5.0},{"damage":1.0,"enemies":"Cultist","floor":2.0,"turns":3.0},{"damage":0.0,"enemies":"Small Slimes","floor":5.0,"turns":4.0},{"damage":5.0,"enemies":"Gremlin Nob","floor":7.0,"turns":4.0},{"damage":0.0,"enemies":"Exordium Thugs","floor":8.0,"turns":3.0},{"damage":0.0,"enemies":"Blue Slaver","floor":10.0,"turns":4.0},{"damage":0.0,"enemies":"2 Fungi Beasts","floor":11.0,"turns":4.0},{"damage":0.0,"enemies":"Exordium Wildlife","floor":12.0,"turns":2.0},{"damage":0.0,"enemies":"3 Sentries","floor":13.0,"turns":5.0},{"damage":0.0,"enemies":"Slime Boss","floor":16.0,"turns":10.0},{"damage":0.0,"enemies":"3 Byrds","floor":18.0,"turns":2.0},{"damage":9.0,"enemies":"2 Thieves","floor":19.0,"turns":3.0},{"damage":12.0,"enemies":"Snecko","floor":21.0,"turns":8.0},{"damage":0.0,"enemies":"Centurion and Healer","floor":22.0,"turns":5.0},{"damage":0.0,"enemies":"Slavers","floor":23.0,"turns":5.0},{"damage":0.0,"enemies":"Snake Plant","floor":25.0,"turns":5.0},{"damage":0.0,"enemies":"3 Cultists","floor":27.0,"turns":2.0},{"damage":1.0,"enemies":"Snecko","floor":28.0,"turns":5.0},{"damage":0.0,"enemies":"Chosen and Byrds","floor":29.0,"turns":6.0},{"damage":8.0,"enemies":"Centurion and Healer","floor":30.0,"turns":5.0},{"damage":0.0,"enemies":"Gremlin Leader","floor":31.0,"turns":5.0},{"damage":0.0,"enemies":"Champ","floor":33.0,"turns":14.0},{"damage":0.0,"enemies":"Orb Walker","floor":35.0,"turns":3.0},{"damage":0.0,"enemies":"3 Shapes","floor":38.0,"turns":1.0},{"damage":0.0,"enemies":"Sphere and 2 Shapes","floor":39.0,"turns":3.0},{"damage":8.0,"enemies":"Writhing Mass","floor":40.0,"turns":4.0},{"damage":0.0,"enemies":"Reptomancer","floor":41.0,"turns":5.0},{"damage":0.0,"enemies":"Nemesis","floor":44.0,"turns":6.0},{"damage":0.0,"enemies":"4 Shapes","floor":45.0,"turns":1.0},{"damage":0.0,"enemies":"Sphere and 2 Shapes","floor":46.0,"turns":3.0},{"damage":0.0,"enemies":"Spire Growth","floor":48.0,"turns":3.0},{"damage":0,"enemies":"Awakened One","floor":50,"turns":9}],"seed_played":"-2369398875627800595","potions_obtained":[{"floor":1.0,"key":"Regen Potion"},{"floor":5.0,"key":"SpeedPotion"},{"floor":12.0,"key":"Dexterity Potion"},{"floor":13.0,"key":"LiquidBronze"},{"floor":17.0,"key":"SteroidPotion"},{"floor":21.0,"key":"Weak Potion"},{"floor":25.0,"key":"Explosive Potion"},{"floor":30.0,"key":"GhostInAJar"},{"floor":31.0,"key":"Energy Potion"},{"floor":35.0,"key":"LiquidBronze"},{"floor":44.0,"key":"Swift Potion"}],"is_trial":false,"path_per_floor":["M","M","$","?","M","R","E","M","T","M","M","M","E","$","R","B",null,"M","M","?","M","M","E","R","M","T","M","M","M","M","E","R","B",null,"M","$","T","M","M","M","E","R","T","E","M","M","?","M","R","B",null],"character_chosen":"THE_SILENT","items_purchased":["Panache","Escape Plan","Bag of Marbles","Sling","Well Laid Plans","Nunchaku","Infinite Blades","Slice"],"campfire_rested":5,"item_purchase_floors":[3,14,14,14,14,36,36,36],"current_hp_per_floor":[70,69,69,69,69,70,65,65,65,65,65,65,65,65,70,70,75,75,66,66,54,54,54,75,75,75,75,74,74,66,66,75,75,75,75,75,75,75,75,67,67,75,75,75,82,82,82,82,82,82],"gold":1751,"neow_bonus":"","is_prod":false,"is_daily":true,"chose_seed":false,"campfire_upgraded":0,"win_rate":0,"timestamp":1541362830,"path_taken":["M","M","$","?","M","R","E","M","T","?","M","?","E","$","R","BOSS","M","M","?","M","M","E","R","M","T","M","M","M","M","E","R","BOSS","M","$","?","M","M","M","E","R","T","E","M","M","?","M","R","BOSS"],"build_version":"2018-11-01","purchased_purges":1,"victory":true,"max_hp_per_floor":[70,70,70,70,70,70,70,70,70,70,70,70,70,70,70,70,75,75,75,75,75,75,75,75,75,75,75,75,75,75,75,75,75,75,75,75,75,75,75,75,75,75,75,75,82,82,82,82,82,82],"card_choices":[{"not_picked":["PiercingWail","Blur"],"picked":"After Image","floor":7.0},{"not_picked":["Reflex","Poisoned Stab","Acrobatics"],"picked":"PiercingWail","floor":13.0},{"not_picked":["Bullet Time","Venomology","Doppelganger"],"picked":"Corpse Explosion","floor":16.0},{"not_picked":["Riddle With Holes","Quick Slash","Dagger Spray"],"picked":"Deflect","floor":17.0},{"not_picked":["All Out Attack","Underhanded Strike","Expertise","Heel Hook"],"picked":"SKIP","floor":23.0},{"not_picked":["Outmaneuver+1","Underhanded Strike+1","Leg Sweep"],"picked":"Choke+1","floor":31.0},{"not_picked":["Night Terror","A Thousand Cuts","Bullet Time"],"picked":"Envenom","floor":33.0},{"not_picked":["Masterful Stab+1"],"picked":"Deflect","floor":41.0},{"not_picked":["Flying Knee","Corpse Explosion"],"picked":"SKIP","floor":44.0}],"player_experience":1762827,"relics_obtained":[{"floor":1.0,"key":"Vajra"},{"floor":2.0,"key":"Pocketwatch"},{"floor":5.0,"key":"Happy Flower"},{"floor":7.0,"key":"Question Card"},{"floor":8.0,"key":"Paper Crane"},{"floor":9.0,"key":"Bottled Lightning"},{"floor":10.0,"key":"Prayer Wheel"},{"floor":11.0,"key":"Tingsha"},{"floor":12.0,"key":"Regal Pillow"},{"floor":13.0,"key":"Darkstone Periapt"},{"floor":18.0,"key":"Sundial"},{"floor":19.0,"key":"Smiling Mask"},{"floor":21.0,"key":"Bag of Preparation"},{"floor":22.0,"key":"Thread and Needle"},{"floor":23.0,"key":"Oddly Smooth Stone"},{"floor":25.0,"key":"Orichalcum"},{"floor":26.0,"key":"Dodecahedron"},{"floor":27.0,"key":"Bronze Scales"},{"floor":28.0,"key":"Blue Candle"},{"floor":29.0,"key":"Shuriken"},{"floor":30.0,"key":"Kunai"},{"floor":31.0,"key":"The Specimen"},{"floor":35.0,"key":"War Paint"},{"floor":37.0,"key":"Whetstone"},{"floor":38.0,"key":"Matryoshka"},{"floor":39.0,"key":"Snake Skull"},{"floor":40.0,"key":"Bottled Tornado"},{"floor":41.0,"key":"Tough Bandages"},{"floor":43.0,"key":"Pen Nib"},{"floor":43.0,"key":"Meat on the Bone"},{"floor":44.0,"key":"Peace Pipe"},{"floor":45.0,"key":"Strawberry"},{"floor":46.0,"key":"Omamori"},{"floor":48.0,"key":"Ninja Scroll"}],"event_choices":[{"damage_healed":0.0,"max_hp_gain":0.0,"max_hp_loss":0.0,"gold_gain":100.0,"event_name":"Golden Shrine","player_choice":"Pray","floor":4.0,"gold_loss":0.0,"damage_taken":0.0},{"damage_healed":0.0,"max_hp_gain":0.0,"max_hp_loss":0.0,"gold_gain":250.0,"event_name":"The Joust","player_choice":"Bet on Owner","floor":20.0,"gold_loss":50.0,"damage_taken":0.0},{"damage_healed":0.0,"max_hp_gain":0.0,"max_hp_loss":0.0,"gold_gain":0.0,"event_name":"Duplicator","player_choice":"Copied","floor":47.0,"gold_loss":0.0,"damage_taken":0.0,"cards_obtained":["Cloak And Dagger"]}],"is_beta":false,"boss_relics":[{"not_picked":["Lizard Tail","Velvet Choker"],"picked":"Tiny House"},{"not_picked":["White Beast Statue","Philosopher\u0027s Stone"],"picked":"Busted Crown"}],"items_purged_floors":[36],"is_endless":false,"potions_floor_spawned":[1,5,12,13,21,22,25,30,31,35,38,39,44,45],"ascension_level":0}