{"gold_per_floor":[117,117,42,61,78,78,111,123,171,186,186,220,220,231,231,304,304,321,321,333,346,50,50,85,85,157,188,188,204,216,229,229,300,350,360,378,35,55,0,0,34,34,59,75,75,89,89,89,89,89],"floor_reached":51,"playtime":4869,"items_purged":["Strike_B"],"score":1317,"play_id":"b9cf18ec-72eb-469b-ade8-c87b8e723bec","local_time":"20180911213309","is_ascension_mode":true,"campfire_choices":[{"data":"Fission","floor":6.0,"key":"SMITH"},{"floor":11.0,"key":"REST"},{"data":"Rainbow","floor":13.0,"key":"SMITH"},{"data":"White Noise","floor":15.0,"key":"SMITH"},{"floor":23.0,"key":"REST"},{"floor":28,"key":"REST"},{"floor":32,"key":"REST"},{"floor":40,"key":"REST"},{"floor":45,"key":"REST"},{"floor":47,"key":"REST"},{"floor":49,"key":"REST"}],"neow_cost":"NONE","seed_source_timestamp":0,"circlet_count":0,"master_deck":["Strike_B+1","Strike_B+1","Defend_B+1","Defend_B+1","Defend_B+1","Defend_B+1","Zap+1","Dualcast+1","AscendersBane","Fission+1","Coolheaded+1","Leap+1","Rebound+1","Ball Lightning+1","Go for the Eyes+1","Self Repair+1","Genetic Algorithm+1","Rainbow+1","White Noise+1","Machine Learning+1","Conserve Battery+1","White Noise+1","Hologram+1","Chill+1","Steam Power+1","Sweeping Beam+1","Compile Driver+1","Hologram+1","Stack+1","Hologram+1","Echo Form+1","Turbo+1","Turbo+1","Force Field+1","Beam Cell+1","Streamline+1","Rainbow+1","Madness+1","Madness+1","Hologram+1","FTL+1","Skim+1"],"special_seed":0,"relics":["Cracked Core","Gremlin Horn","Dream Catcher","Pen Nib","Fusion Hammer","Cables","Bronze Scales","Bottled Tornado","Omamori","Tiny House","Happy Flower","Red Mask","Ornamental Fan","Smiling Mask","Mark of the Bloom"],"potions_floor_usage":[24,24,27,33,33,35,50,50],"damage_taken":[{"damage":7.0,"enemies":"2 Louse","floor":1.0,"turns":3.0},{"damage":0.0,"enemies":"Small Slimes","floor":4.0,"turns":3.0},{"damage":5.0,"enemies":"Jaw Worm","floor":5.0,"turns":4.0},{"damage":35.0,"enemies":"Gremlin Nob","floor":7.0,"turns":5.0},{"damage":1.0,"enemies":"2 Fungi Beasts","floor":8.0,"turns":3.0},{"damage":0.0,"enemies":"3 Louse","floor":10.0,"turns":2.0},{"damage":14.0,"enemies":"3 Sentries","floor":12.0,"turns":7.0},{"damage":10.0,"enemies":"Gremlin Gang","floor":14.0,"turns":3.0},{"damage":11.0,"enemies":"The Guardian","floor":16.0,"turns":10.0},{"damage":9.0,"enemies":"Chosen","floor":18.0,"turns":5.0},{"damage":25.0,"enemies":"2 Thieves","floor":20.0,"turns":4.0},{"damage":26.0,"enemies":"Sentry and Sphere","floor":21.0,"turns":5.0},{"damage":17,"enemies":"Slavers","floor":24,"turns":6},{"damage":0,"enemies":"Gremlin Leader","floor":27,"turns":7},{"damage":0,"enemies":"Cultist and Chosen","floor":29,"turns":5},{"damage":0,"enemies":"Snecko","floor":30,"turns":4},{"damage":17,"enemies":"Centurion and Healer","floor":31,"turns":3},{"damage":77,"enemies":"Collector","floor":33,"turns":14},{"damage":4,"enemies":"3 Darklings","floor":35,"turns":4},{"damage":13,"enemies":"Orb Walker","floor":36,"turns":4},{"damage":18,"enemies":"Maw","floor":38,"turns":9},{"damage":22,"enemies":"Nemesis","floor":41,"turns":7},{"damage":11,"enemies":"3 Darklings","floor":44,"turns":6},{"damage":18,"enemies":"Spire Growth","floor":46,"turns":5},{"damage":11,"enemies":"Donu and Deca","floor":50,"turns":8}],"seed_played":"-147761589433711943","potions_obtained":[{"floor":1.0,"key":"LiquidBronze"},{"floor":5.0,"key":"Fruit Juice"},{"floor":8.0,"key":"Fire Potion"},{"floor":14.0,"key":"FearPotion"},{"floor":16.0,"key":"SpeedPotion"},{"floor":21.0,"key":"Poison Potion"},{"floor":27,"key":"Fruit Juice"},{"floor":30,"key":"Dexterity Potion"},{"floor":31,"key":"Regen Potion"},{"floor":34,"key":"Explosive Potion"},{"floor":38,"key":"FairyPotion"},{"floor":41,"key":"Block Potion"},{"floor":46,"key":"Block Potion"}],"is_trial":false,"path_per_floor":["M","?","?","M","M","R","E","M","T","M","R","E","R","M","R","B",null,"M","?","M","M","$","R","E","?","T","E","R","M","M","M","R","B",null,"M","M","$","M","?","R","E","?","T","M","R","M","R","?","R","B"],"character_chosen":"DEFECT","items_purchased":["Cables","Force Field","Happy Flower"],"campfire_rested":8,"item_purchase_floors":[22,37,37],"current_hp_per_floor":[57,57,57,57,52,52,22,21,21,21,43,36,36,33,33,22,63,54,54,36,10,10,32,22,22,22,34,58,65,65,62,81,26,72,68,62,62,51,51,76,68,53,53,49,74,63,86,86,86,75],"gold":89,"neow_bonus":"ONE_RANDOM_RARE_CARD","is_prod":false,"is_daily":false,"chose_seed":false,"campfire_upgraded":3,"win_rate":0,"timestamp":1536694389,"path_taken":["M","?","?","M","?","R","E","M","T","M","R","E","R","M","R","BOSS","M","?","?","M","$","R","E","?","T","E","R","?","M","M","R","BOSS","M","M","$","M","?","R","E","?","T","?","R","M","R","?","R","BOSS"],"build_version":"2018-09-06","purchased_purges":1,"victory":true,"max_hp_per_floor":[71,71,71,71,71,71,76,76,76,76,76,76,76,76,76,76,76,76,76,76,76,76,76,76,76,76,81,81,81,81,81,81,81,86,86,86,86,86,86,86,86,86,86,86,86,86,86,86,86,86],"card_choices":[{"not_picked":["Loop","Doom and Gloom"],"picked":"Coolheaded","floor":1.0},{"not_picked":["Lockon","Undo"],"picked":"Leap","floor":4.0},{"not_picked":["Blizzard","Lockon"],"picked":"Rebound","floor":5.0},{"not_picked":["Conserve Battery","Go for the Eyes"],"picked":"Ball Lightning","floor":7.0},{"not_picked":["Redo","Barrage"],"picked":"Go for the Eyes","floor":8.0},{"not_picked":["Heatsinks","Stack"],"picked":"Self Repair","floor":10.0},{"not_picked":["Stack","Sweeping Beam"],"picked":"Genetic Algorithm","floor":11.0},{"not_picked":["Redo","Undo"],"picked":"Rainbow","floor":12.0},{"not_picked":["Steam","Go for the Eyes"],"picked":"White Noise","floor":14.0},{"not_picked":["Amplify","All For One"],"picked":"Machine Learning","floor":16.0},{"not_picked":["Scrape","Redo"],"picked":"Conserve Battery","floor":18.0},{"not_picked":["Redo","Chaos"],"picked":"White Noise","floor":20.0},{"not_picked":["Streamline","Blizzard"],"picked":"Hologram","floor":21.0},{"not_picked":["Aggregate","Gash"],"picked":"Chill","floor":23.0},{"not_picked":["Barrage","Leap"],"picked":"Steam Power+1","floor":24},{"not_picked":["Static Discharge","Leap"],"picked":"Sweeping Beam","floor":27},{"not_picked":["Conserve Battery","Leap"],"picked":"Compile Driver+1","floor":28},{"not_picked":["Reprogram","Genetic Algorithm","Rebound"],"picked":"SKIP","floor":29},{"not_picked":["Ball Lightning","FTL"],"picked":"Hologram+1","floor":30},{"not_picked":["Leap","Streamline"],"picked":"Stack","floor":31},{"not_picked":["Conserve Battery","Static Discharge"],"picked":"Hologram","floor":32},{"not_picked":["Buffer","Meteor Strike"],"picked":"Echo Form","floor":33},{"not_picked":["Undo","Streamline+1"],"picked":"Turbo","floor":34},{"not_picked":["White Noise+1","Undo+1"],"picked":"Turbo+1","floor":35},{"not_picked":["Auto Shields","Compile Driver","Fission"],"picked":"SKIP","floor":36},{"not_picked":["Recycle+1","Gash"],"picked":"Beam Cell","floor":38},{"not_picked":["Heatsinks","Sweeping Beam"],"picked":"Streamline","floor":40},{"not_picked":["Static Discharge","Ball Lightning"],"picked":"Rainbow","floor":41},{"not_picked":["Steam","Coolheaded"],"picked":"Hologram","floor":44},{"not_picked":["Coolheaded","Aggregate"],"picked":"FTL+1","floor":45},{"not_picked":["Steam Power","Gash","Barrage"],"picked":"SKIP","floor":46},{"not_picked":["Barrage","Coolheaded"],"picked":"Skim+1","floor":47}],"player_experience":943099,"relics_obtained":[{"floor":7.0,"key":"Gremlin Horn"},{"floor":9.0,"key":"Dream Catcher"},{"floor":12.0,"key":"Pen Nib"},{"floor":24,"key":"Bronze Scales"},{"floor":26,"key":"Bottled Tornado"},{"floor":27,"key":"Omamori"},{"floor":41,"key":"Ornamental Fan"},{"floor":43,"key":"Smiling Mask"}],"event_choices":[{"event_name":"Shining Light","player_choice":"Ignored","floor":2.0,"damage_taken":0.0},{"event_name":"The Cleric","player_choice":"Card Removal","floor":3.0,"damage_taken":0.0},{"event_name":"N\u0027loth","player_choice":"Ignored","floor":19.0,"damage_taken":0.0},{"event_name":"Match and Keep!","player_choice":"0 cards matched","floor":25,"damage_taken":0},{"event_name":"Tomb of Lord Red Mask","player_choice":"Paid","floor":39,"damage_taken":0},{"event_name":"Winding Halls","player_choice":"Embrace Madness","floor":42,"damage_taken":0},{"event_name":"MindBloom","player_choice":"Upgrade","floor":48,"damage_taken":0}],"is_beta":false,"boss_relics":[{"not_picked":["Philosopher\u0027s Stone","Lizard Tail"],"picked":"Fusion Hammer"},{"not_picked":["Busted Crown","Eternal Feather"],"picked":"Tiny House"}],"items_purged_floors":[37],"is_endless":false,"potions_floor_spawned":[1,5,8,14,16,21,27,30,31,38,41,46],"ascension_level":16}