{"gold_per_floor":[114,129,144,144,169,199,214,244,324,354,369,384,384,414,414,514,514,529,154,169,184,184,184,99,129,179,209,239,254,269,299,299,399,399,414,429,444,444,42,42,72,72,97,112,127,157,182,212,212,212],"floor_reached":51,"playtime":6621,"items_purged":["Strike_R","Juggernaut"],"score":1247,"play_id":"1d9f6c55-ceaf-4564-93ec-e5f3db3a3eec","local_time":"20181012225856","daily_mods":["Shiny","Time Dilation","DeadlyEvents"],"is_ascension_mode":false,"campfire_choices":[{"data":"True Grit","floor":13.0,"key":"SMITH"},{"data":"Demon Form","floor":15.0,"key":"SMITH"},{"data":"Limit Break","floor":23,"key":"SMITH"},{"data":"Feed","floor":32,"key":"SMITH"},{"data":"Warcry","floor":40,"key":"SMITH"},{"data":"Offering","floor":42,"key":"SMITH"},{"data":"Shockwave","floor":49,"key":"SMITH"}],"neow_cost":"","seed_source_timestamp":0,"circlet_count":0,"master_deck":["Double Tap","Demon Form+1","Bludgeon","Feed+1","Limit Break+1","Barricade","Fiend Fire","Dark Embrace","Berserk","Impervious","Brutality","Reaper","Exhume+1","Offering+1","Immolate","Strike_R","Strike_R","Strike_R","Strike_R","Defend_R","Defend_R","Defend_R+1","Defend_R","Bash","Shrug It Off","Warcry+1","Corruption","Shockwave+1","True Grit+1","Bloodletting+1","Burning Pact+1","Seeing Red","Discovery","Violence","Feel No Pain","Disarm"],"special_seed":17816,"relics":["Burning Blood","Omamori","Dream Catcher","Blood Vial","Tiny Chest","Art of War","Runic Dome","Happy Flower","Lantern","Oddly Smooth Stone","Unceasing Top","Bag of Marbles","Blue Candle","Letter Opener","War Paint","Snecko Eye","Strawberry","Pear","Potion Belt","Bag of Preparation","Orichalcum","Boot"],"potions_floor_usage":[25,25,27,31,37,48,50,50,50],"damage_taken":[{"damage":13.0,"enemies":"Small Slimes","floor":1.0,"turns":2.0},{"damage":7.0,"enemies":"Jaw Worm","floor":2.0,"turns":3.0},{"damage":21.0,"enemies":"Cultist","floor":3.0,"turns":5.0},{"damage":0.0,"enemies":"Gremlin Nob","floor":6.0,"turns":3.0},{"damage":50.0,"enemies":"Exordium Wildlife","floor":7.0,"turns":8.0},{"damage":58.0,"enemies":"3 Sentries","floor":8.0,"turns":9.0},{"damage":44.0,"enemies":"Lagavulin","floor":10.0,"turns":7.0},{"damage":18.0,"enemies":"Red Slaver","floor":11.0,"turns":5.0},{"damage":13.0,"enemies":"Blue Slaver","floor":12.0,"turns":3.0},{"damage":44.0,"enemies":"3 Sentries","floor":14.0,"turns":10.0},{"damage":49.0,"enemies":"Hexaghost","floor":16.0,"turns":8.0},{"damage":17,"enemies":"Shell Parasite","floor":18,"turns":5},{"damage":15,"enemies":"2 Thieves","floor":20,"turns":4},{"damage":27,"enemies":"Shelled Parasite and Fungi","floor":21,"turns":5},{"damage":7,"enemies":"Slavers","floor":25,"turns":2},{"damage":15,"enemies":"Book of Stabbing","floor":27,"turns":1},{"damage":73,"enemies":"Slavers","floor":28,"turns":7},{"damage":30,"enemies":"Chosen and Byrds","floor":29,"turns":6},{"damage":66,"enemies":"Sentry and Sphere","floor":30,"turns":7},{"damage":10,"enemies":"Gremlin Leader","floor":31,"turns":3},{"damage":14,"enemies":"Automaton","floor":33,"turns":5},{"damage":10,"enemies":"Orb Walker","floor":35,"turns":2},{"damage":9,"enemies":"3 Darklings","floor":36,"turns":1},{"damage":32,"enemies":"Sphere and 2 Shapes","floor":37,"turns":5},{"damage":0,"enemies":"Nemesis","floor":41,"turns":3},{"damage":43,"enemies":"Maw","floor":44,"turns":3},{"damage":18,"enemies":"Spire Growth","floor":45,"turns":2},{"damage":15,"enemies":"2 Orb Walkers","floor":46,"turns":1},{"damage":15,"enemies":"Giant Head","floor":48,"turns":3},{"damage":32,"enemies":"Awakened One","floor":50,"turns":7}],"seed_played":"-4401274191363558233","potions_obtained":[{"floor":1.0,"key":"AttackPotion"},{"floor":2.0,"key":"EssenceOfSteel"},{"floor":6.0,"key":"Poison Potion"},{"floor":8.0,"key":"FairyPotion"},{"floor":14.0,"key":"Strength Potion"},{"floor":18,"key":"SkillPotion"},{"floor":21,"key":"SkillPotion"},{"floor":25,"key":"SkillPotion"},{"floor":30,"key":"SkillPotion"},{"floor":31,"key":"EssenceOfSteel"},{"floor":33,"key":"BloodPotion"},{"floor":41,"key":"Energy Potion"},{"floor":45,"key":"Dexterity Potion"},{"floor":46,"key":"SkillPotion"}],"is_trial":false,"path_per_floor":["M","M","M","?","T","E","M","E","T","E","M","M","R","E","R","B",null,"M","$","M","M","?","R","?","E","T","E","E","M","M","E","R","B",null,"M","M","M","?","$","R","E","R","T","M","M","E","T","E","R","B"],"character_chosen":"IRONCLAD","items_purchased":["Happy Flower","Lantern","Feel No Pain","Disarm","Strawberry","Strength Potion"],"campfire_rested":0,"item_purchase_floors":[19,19,39,39,39,39],"current_hp_per_floor":[76,78,77,82,82,88,97,100,100,100,91,89,89,109,109,112,112,104,104,103,106,106,106,106,127,127,130,136,115,69,126,126,148,148,152,156,160,150,157,157,181,181,181,161,171,190,190,193,193,193],"gold":212,"neow_bonus":"","is_prod":false,"is_daily":true,"chose_seed":false,"campfire_upgraded":7,"win_rate":0,"timestamp":1539377936,"path_taken":["M","M","M","?","?","E","M","E","T","?","?","M","R","?","R","BOSS","M","$","M","M","?","R","?","?","T","E","?","M","?","E","R","BOSS","M","?","M","?","?","R","E","R","T","?","M","?","?","E","R","BOSS"],"build_version":"2018-10-11","purchased_purges":2,"victory":true,"max_hp_per_floor":[83,86,89,94,94,94,97,100,100,100,103,106,106,109,109,112,112,115,115,121,127,127,127,127,127,127,130,136,139,145,148,148,148,148,152,156,160,160,167,167,181,181,181,185,189,193,193,193,193,193],"card_choices":[{"not_picked":["Spot Weakness","Flex"],"picked":"Shrug It Off","floor":1.0},{"not_picked":["Disarm","Battle Trance"],"picked":"Warcry","floor":2.0},{"not_picked":["Reckless Charge","Dropkick","Whirlwind"],"picked":"SKIP","floor":3.0},{"not_picked":["Anger","Body Slam","Pommel Strike"],"picked":"SKIP","floor":6.0},{"not_picked":["Iron Wave","Whirlwind"],"picked":"Corruption","floor":7.0},{"not_picked":["Corruption","Clothesline","Shrug It Off"],"picked":"SKIP","floor":8.0},{"not_picked":["Wild Strike","Reckless Charge","Body Slam"],"picked":"SKIP","floor":10.0},{"not_picked":["Intimidate","Havoc"],"picked":"Shockwave","floor":11.0},{"not_picked":["Clothesline","Cleave"],"picked":"True Grit","floor":12.0},{"not_picked":["Warcry","Twin Strike","Headbutt"],"picked":"SKIP","floor":14.0},{"not_picked":["Clash","Wild Strike","Havoc"],"picked":"SKIP","floor":18},{"not_picked":["Pommel Strike+1","Iron Wave+1","Wild Strike+1"],"picked":"SKIP","floor":20},{"not_picked":["Thunderclap","Intimidate","Barricade"],"picked":"SKIP","floor":21},{"not_picked":["Twin Strike","Thunderclap"],"picked":"Bloodletting+1","floor":25},{"not_picked":["Immolate","Twin Strike","Pummel+1"],"picked":"SKIP","floor":27},{"not_picked":["Power Through","Pummel"],"picked":"Burning Pact+1","floor":28},{"not_picked":["Twin Strike+1","Spot Weakness","Iron Wave"],"picked":"SKIP","floor":29},{"not_picked":["Perfected Strike+1","Iron Wave","True Grit"],"picked":"SKIP","floor":30},{"not_picked":["Clothesline","Body Slam"],"picked":"Seeing Red","floor":31},{"not_picked":["Headbutt+1","Spot Weakness","Searing Blow"],"picked":"SKIP","floor":35},{"not_picked":["Thunderclap","Carnage+1","Fire Breathing+1"],"picked":"SKIP","floor":36},{"not_picked":["Cleave","Battle Trance+1","Pommel Strike"],"picked":"SKIP","floor":37},{"not_picked":["Panache","Sadistic Nature"],"picked":"Discovery","floor":38},{"not_picked":["Enlightenment","Deep Breath"],"picked":"Violence","floor":38},{"not_picked":["Headbutt+1","Cleave","Sword Boomerang"],"picked":"SKIP","floor":41},{"not_picked":["Heavy Blade+1","Headbutt+1","Dual Wield"],"picked":"SKIP","floor":44},{"not_picked":["Sword Boomerang","Anger+1","Infernal Blade"],"picked":"SKIP","floor":45},{"not_picked":["Clothesline","Metallicize+1","Corruption+1"],"picked":"SKIP","floor":46},{"not_picked":["Flex+1","Rampage","Shrug It Off+1"],"picked":"SKIP","floor":48}],"player_experience":1429889,"relics_obtained":[{"floor":5.0,"key":"Omamori"},{"floor":6.0,"key":"Dream Catcher"},{"floor":8.0,"key":"Blood Vial"},{"floor":9.0,"key":"Tiny Chest"},{"floor":14.0,"key":"Art of War"},{"floor":25,"key":"Unceasing Top"},{"floor":26,"key":"Bag of Marbles"},{"floor":27,"key":"Blue Candle"},{"floor":28,"key":"Letter Opener"},{"floor":31,"key":"War Paint"},{"floor":41,"key":"Pear"},{"floor":43,"key":"Potion Belt"},{"floor":46,"key":"Bag of Preparation"},{"floor":47,"key":"Orichalcum"},{"floor":48,"key":"Boot"}],"event_choices":[{"event_name":"Big Fish","player_choice":"Donut","floor":4.0,"damage_taken":0.0},{"event_name":"Vampires","player_choice":"Ignored","floor":22,"damage_taken":0},{"event_name":"Addict","player_choice":"Obtained Relic","floor":24,"damage_taken":0},{"event_name":"SensoryStone","player_choice":"Memory 3","floor":38,"damage_taken":0}],"is_beta":false,"boss_relics":[{"not_picked":["Mark of Pain","Fusion Hammer"],"picked":"Runic Dome"},{"not_picked":["Runic Pyramid","Busted Crown"],"picked":"Snecko Eye"}],"items_purged_floors":[19,39],"is_endless":false,"potions_floor_spawned":[1,2,6,8,14,18,21,25,30,31,33,41,45,46],"ascension_level":0}