{"gold_per_floor":[365,365,382,401,214,241,241,241,296,296,324,324,324],"floor_reached":13,"playtime":421,"items_purged":["Strike_B"],"score":177,"play_id":"83e7f322-02b1-4684-b2ca-2ccee3c1bbc0","local_time":"20180913181655","is_ascension_mode":true,"campfire_choices":[{"data":"Sunder","floor":7.0,"key":"SMITH"}],"neow_cost":"TEN_PERCENT_HP_LOSS","seed_source_timestamp":22370941068139,"circlet_count":0,"master_deck":["Strike_B","Strike_B","Strike_B","Defend_B","Defend_B","Defend_B","Defend_B","Zap","Dualcast","AscendersBane","Hologram+1","Rebound","Capacitor","Sunder+1","Ball Lightning","Ball Lightning","Self Repair"],"special_seed":0,"relics":["Cracked Core","Lantern","Tiny Chest","Meat on the Bone","Torii","Mango"],"potions_floor_usage":[],"damage_taken":[{"damage":7.0,"enemies":"Cultist","floor":1.0,"turns":4.0},{"damage":10.0,"enemies":"Small Slimes","floor":3.0,"turns":3.0},{"damage":4.0,"enemies":"2 Louse","floor":4.0,"turns":2.0},{"damage":31.0,"enemies":"Gremlin Nob","floor":6.0,"turns":4.0},{"damage":10.0,"enemies":"3 Sentries","floor":11.0,"turns":6.0},{"damage":33,"enemies":"Gremlin Nob","floor":13,"turns":3}],"seed_played":"-1892853803761699890","potions_obtained":[{"floor":3.0,"key":"SteroidPotion"}],"is_trial":false,"path_per_floor":["M","?","M","M","$","E","R","?","T","T","E","T"],"character_chosen":"DEFECT","items_purchased":["Sunder","Ball Lightning"],"campfire_rested":0,"item_purchase_floors":[5,5],"current_hp_per_floor":[57,57,47,43,43,12,12,12,12,12,14,28,0],"gold":324,"neow_bonus":"TWO_FIFTY_GOLD","is_prod":false,"is_daily":false,"chose_seed":false,"campfire_upgraded":1,"win_rate":0,"timestamp":1536855415,"path_taken":["M","?","M","M","$","E","R","?","T","?","E","?","E"],"build_version":"2018-09-06","purchased_purges":1,"victory":false,"max_hp_per_floor":[64,64,64,64,64,64,64,64,64,64,64,78,78],"card_choices":[{"not_picked":["Gash","Steam Power"],"picked":"Hologram","floor":1.0},{"not_picked":["Turbo","Gash"],"picked":"Rebound","floor":3.0},{"not_picked":["Aggregate","Redo"],"picked":"Capacitor","floor":4.0},{"not_picked":["BootSequence","Hologram"],"picked":"Ball Lightning","floor":6.0},{"not_picked":["Tempest","Reinforced Body"],"picked":"Self Repair","floor":11.0}],"player_experience":976551,"relics_obtained":[{"floor":6.0,"key":"Lantern"},{"floor":9.0,"key":"Tiny Chest"},{"floor":10.0,"key":"Meat on the Bone"},{"floor":11.0,"key":"Torii"},{"floor":12.0,"key":"Mango"}],"event_choices":[{"event_name":"Shining Light","player_choice":"Ignored","floor":2.0,"damage_taken":0.0},{"event_name":"Living Wall","player_choice":"Grow","floor":8.0,"damage_taken":0.0}],"is_beta":false,"boss_relics":[],"items_purged_floors":[5],"is_endless":false,"potions_floor_spawned":[3],"killed_by":"Gremlin Nob","ascension_level":19}