{"gold_per_floor":[111,111,125,141,141,141,175,192,192,204,204,5,23,23,23,119,119,138,138,39,50,50,50,65,65,65,79,89,100,100,113,113,113],"floor_reached":33,"playtime":1719,"items_purged":[],"score":389,"play_id":"265d72b8-b929-4d6c-9e2c-369f3a48209f","local_time":"20181004214633","is_ascension_mode":true,"campfire_choices":[{"data":"Beam Cell","floor":6.0,"key":"SMITH"},{"data":"Zap","floor":11.0,"key":"SMITH"},{"data":"Barrage","floor":15.0,"key":"SMITH"},{"data":"Glacier","floor":23,"key":"SMITH"},{"floor":25,"key":"REST"},{"floor":30,"key":"REST"},{"floor":32,"key":"REST"}],"neow_cost":"NONE","seed_source_timestamp":0,"circlet_count":0,"master_deck":["Strike_B","Strike_B","Strike_B","Defend_B","Defend_B","Defend_B","Defend_B","Zap+1","Dualcast","AscendersBane","Coolheaded+1","Blizzard","Beam Cell+1","Ball Lightning","Glacier+1","Barrage+1","Go for the Eyes","Stack","Multi-Cast","Cold Snap","Coolheaded","Self Repair"],"special_seed":0,"relics":["Cracked Core","Gremlin Horn","WingedGreaves","Lee\u0027s Waffle","Darkstone Periapt","Busted Crown","Enchiridion","The Courier"],"potions_floor_usage":[],"damage_taken":[{"damage":0.0,"enemies":"Small Slimes","floor":1.0,"turns":3.0},{"damage":3.0,"enemies":"Cultist","floor":3.0,"turns":4.0},{"damage":0.0,"enemies":"2 Louse","floor":4.0,"turns":2.0},{"damage":31.0,"enemies":"Gremlin Nob","floor":7.0,"turns":4.0},{"damage":3.0,"enemies":"2 Fungi Beasts","floor":8.0,"turns":3.0},{"damage":3.0,"enemies":"Blue Slaver","floor":10.0,"turns":4.0},{"damage":11.0,"enemies":"Exordium Thugs","floor":13.0,"turns":4.0},{"damage":54.0,"enemies":"The Guardian","floor":16.0,"turns":11.0},{"damage":2.0,"enemies":"Spheric Guardian","floor":18.0,"turns":4.0},{"damage":5.0,"enemies":"Shell Parasite","floor":21.0,"turns":5.0},{"damage":14,"enemies":"3 Cultists","floor":24,"turns":6},{"damage":7,"enemies":"Shelled Parasite and Fungi","floor":27,"turns":5},{"damage":36,"enemies":"Snake Plant","floor":28,"turns":5},{"damage":0,"enemies":"Centurion and Healer","floor":29,"turns":8},{"damage":13,"enemies":"Snecko","floor":31,"turns":11},{"damage":56,"enemies":"Automaton","floor":33,"turns":6}],"seed_played":"4425696199563909050","potions_obtained":[{"floor":7.0,"key":"Swift Potion"},{"floor":8.0,"key":"Ancient Potion"},{"floor":10.0,"key":"FearPotion"},{"floor":16.0,"key":"PowerPotion"},{"floor":28,"key":"SpeedPotion"},{"floor":29,"key":"Energy Potion"}],"is_trial":false,"path_per_floor":["M","?","M","M","?","R","E","M","T","M","R","$","M","T","R","B",null,"M","?","$","M","?","R","M","R","T","M","M","M","R","M","R"],"character_chosen":"DEFECT","items_purchased":["Lee\u0027s Waffle","Cold Snap","Coolheaded"],"campfire_rested":3,"item_purchase_floors":[12,20,20],"current_hp_per_floor":[68,68,65,65,70,70,39,36,36,33,33,87,76,76,76,22,71,69,53,53,48,48,48,34,60,60,53,17,17,43,30,56,0],"gold":113,"neow_bonus":"THREE_CARDS","is_prod":false,"is_daily":false,"chose_seed":false,"campfire_upgraded":4,"win_rate":0,"timestamp":1538682393,"path_taken":["M","?","M","M","?","R","E","M","T","?","R","$","?","?","R","BOSS","M","?","$","M","?","R","M","R","T","M","M","M","R","?","R","BOSS"],"build_version":"2018-09-27","purchased_purges":0,"victory":false,"max_hp_per_floor":[75,75,75,75,80,80,80,80,80,80,80,87,87,87,87,87,87,87,87,87,87,87,87,87,87,87,87,87,87,87,87,87,87],"card_choices":[{"not_picked":["Loop","Steam"],"picked":"Coolheaded","floor":0.0},{"not_picked":["Conserve Battery","Redo"],"picked":"Blizzard","floor":1.0},{"not_picked":["Steam","Redo"],"picked":"Beam Cell","floor":3.0},{"not_picked":["Barrage","Hologram"],"picked":"Ball Lightning","floor":4.0},{"not_picked":["Thunder Strike","Steam"],"picked":"Glacier","floor":7.0},{"not_picked":["Streamline","Blizzard"],"picked":"Barrage","floor":8.0},{"not_picked":["Beam Cell","Hologram"],"picked":"Go for the Eyes","floor":10.0},{"not_picked":["Ball Lightning","Sweeping Beam"],"picked":"Stack","floor":13.0},{"not_picked":["Thunder Strike","Amplify"],"picked":"Multi-Cast","floor":16.0},{"not_picked":["Beam Cell"],"picked":"SKIP","floor":18.0},{"not_picked":["Recycle"],"picked":"SKIP","floor":21.0},{"not_picked":["Recycle"],"picked":"SKIP","floor":21.0},{"not_picked":["Force Field"],"picked":"SKIP","floor":24},{"not_picked":["Compile Driver+1"],"picked":"SKIP","floor":27},{"not_picked":["Sweeping Beam"],"picked":"SKIP","floor":28},{"not_picked":["Rebound"],"picked":"SKIP","floor":29},{"not_picked":[],"picked":"Self Repair","floor":31}],"player_experience":827707,"relics_obtained":[{"floor":7.0,"key":"Gremlin Horn"},{"floor":9.0,"key":"WingedGreaves"},{"floor":14.0,"key":"Darkstone Periapt"},{"floor":19.0,"key":"Enchiridion"},{"floor":26,"key":"The Courier"}],"event_choices":[{"event_name":"Bonfire Elementals","player_choice":"BASIC","floor":2.0,"damage_taken":0.0},{"event_name":"Big Fish","player_choice":"Donut","floor":5.0,"damage_taken":0.0},{"event_name":"Cursed Tome","player_choice":"Obtained Book","floor":19.0,"damage_taken":0.0},{"event_name":"Upgrade Shrine","player_choice":"Upgraded","floor":22,"damage_taken":0}],"is_beta":false,"boss_relics":[{"not_picked":["Velvet Choker","Tiny House"],"picked":"Busted Crown"}],"items_purged_floors":[],"is_endless":false,"potions_floor_spawned":[7,8,10,13,16,28,29],"killed_by":"Automaton","ascension_level":11}