{"gold_per_floor":[114,132,132,57,57,57,87,87,87,87,99,114,114,144,144,221,221,241,241,254,48,63,63,63,76,124,124,156,156,174,203,203,203],"floor_reached":33,"playtime":1327,"items_purged":[],"score":586,"play_id":"9806ce66-8278-41a8-ba46-c1c66aeacbf9","local_time":"20181102142206","is_ascension_mode":true,"campfire_choices":[{"data":"Neutralize","floor":6.0,"key":"SMITH"},{"floor":8.0,"key":"REST"},{"data":"Poisoned Stab","floor":10.0,"key":"SMITH"},{"data":"Noxious Fumes","floor":13.0,"key":"SMITH"},{"floor":15.0,"key":"REST"},{"floor":23.0,"key":"REST"},{"data":"Noxious Fumes","floor":27.0,"key":"SMITH"},{"data":"Cloak And Dagger","floor":29,"key":"SMITH"},{"floor":32,"key":"REST"}],"neow_cost":"CURSE","seed_source_timestamp":90011088084699,"circlet_count":0,"master_deck":["Defend_G+1","Defend_G+1","Defend_G+1","Defend_G+1","Defend_G+1","Strike_G+1","Strike_G+1","Strike_G+1","Survivor","Neutralize+1","AscendersBane","Backstab","Poisoned Stab+1","Cloak And Dagger+1","Tools of the Trade","Slice","Noxious Fumes+1","Die Die Die","Cloak And Dagger","Crippling Poison+1","Noxious Fumes+1","Poisoned Stab","Cloak And Dagger","Crippling Poison","Backflip"],"special_seed":0,"relics":["Ring of the Serpent","Torii","Ornamental Fan","Pear","Anchor","Centennial Puzzle","Sundial","Vajra"],"potions_floor_usage":[28,28,31,33],"damage_taken":[{"damage":4.0,"enemies":"2 Louse","floor":1.0,"turns":3.0},{"damage":0.0,"enemies":"Cultist","floor":2.0,"turns":3.0},{"damage":28.0,"enemies":"Lagavulin","floor":7.0,"turns":9.0},{"damage":0.0,"enemies":"Jaw Worm","floor":11.0,"turns":3.0},{"damage":0.0,"enemies":"3 Louse","floor":12.0,"turns":2.0},{"damage":24.0,"enemies":"Gremlin Nob","floor":14.0,"turns":4.0},{"damage":21.0,"enemies":"The Guardian","floor":16.0,"turns":10.0},{"damage":1.0,"enemies":"Chosen","floor":18.0,"turns":5.0},{"damage":12.0,"enemies":"2 Thieves","floor":20.0,"turns":4.0},{"damage":8.0,"enemies":"Centurion and Healer","floor":22.0,"turns":6.0},{"damage":9.0,"enemies":"Snake Plant","floor":25.0,"turns":5.0},{"damage":16,"enemies":"Book of Stabbing","floor":28,"turns":5},{"damage":16,"enemies":"Snecko","floor":30,"turns":6},{"damage":8,"enemies":"Slavers","floor":31,"turns":4},{"damage":51,"enemies":"Automaton","floor":33,"turns":6}],"seed_played":"-6121813324624818975","potions_obtained":[{"floor":7.0,"key":"AttackPotion"},{"floor":12.0,"key":"LiquidBronze"},{"floor":16.0,"key":"SteroidPotion"},{"floor":18.0,"key":"SkillPotion"},{"floor":20.0,"key":"Swift Potion"},{"floor":25.0,"key":"Regen Potion"},{"floor":28,"key":"Strength Potion"},{"floor":31,"key":"Regen Potion"}],"is_trial":false,"path_per_floor":["M","M","?","?","?","R","E","R","T","R","M","M","R","E","R","B",null,"M","?","M","$","M","R","?","M","T","R","E","R","M","E","R"],"character_chosen":"THE_SILENT","items_purchased":["Noxious Fumes","Anchor"],"campfire_rested":4,"item_purchase_floors":[21,21],"current_hp_per_floor":[55,55,55,55,35,35,7,26,26,26,26,26,26,12,34,13,60,59,37,25,25,17,41,41,32,32,32,31,31,15,7,31,0],"gold":203,"neow_bonus":"TRANSFORM_TWO_CARDS","is_prod":false,"is_daily":false,"chose_seed":false,"campfire_upgraded":5,"win_rate":0,"timestamp":1541164926,"path_taken":["M","M","?","?","?","R","E","R","T","R","M","M","R","E","R","BOSS","M","?","M","$","M","R","?","?","T","R","E","R","M","E","R","BOSS"],"build_version":"2018-10-25v2","purchased_purges":0,"victory":false,"max_hp_per_floor":[66,66,66,66,66,66,66,66,66,66,66,66,66,76,76,76,76,76,81,81,81,81,81,81,81,81,81,81,81,81,81,81,81],"card_choices":[{"not_picked":["Backflip","Quick Slash"],"picked":"Poisoned Stab","floor":1.0},{"not_picked":["Dagger Throw","Blur"],"picked":"Cloak And Dagger","floor":2.0},{"not_picked":["Setup","Outmaneuver"],"picked":"Tools of the Trade","floor":7.0},{"not_picked":["Outmaneuver","Sucker Punch"],"picked":"Slice","floor":11.0},{"not_picked":["Eviscerate","Dagger Spray"],"picked":"Noxious Fumes","floor":12.0},{"not_picked":["Burst","Quick Slash","Prepared"],"picked":"SKIP","floor":14.0},{"not_picked":["Grand Finale","Night Terror"],"picked":"Die Die Die","floor":16.0},{"not_picked":["Blur","Flying Knee+1"],"picked":"Cloak And Dagger","floor":18.0},{"not_picked":["Slice","Sucker Punch"],"picked":"Crippling Poison+1","floor":20.0},{"not_picked":["Deadly Poison","Deflect"],"picked":"Poisoned Stab","floor":22.0},{"not_picked":["Blur","Dagger Throw"],"picked":"Cloak And Dagger","floor":25.0},{"not_picked":["Unload","Deadly Poison","Deflect"],"picked":"SKIP","floor":28},{"not_picked":["Deflect+1","Backflip"],"picked":"Crippling Poison","floor":30},{"not_picked":["Dagger Spray","Sucker Punch"],"picked":"Backflip","floor":31}],"player_experience":1706790,"relics_obtained":[{"floor":7.0,"key":"Torii"},{"floor":9.0,"key":"Ornamental Fan"},{"floor":14.0,"key":"Pear"},{"floor":26.0,"key":"Centennial Puzzle"},{"floor":28,"key":"Sundial"},{"floor":31,"key":"Vajra"}],"event_choices":[{"cards_removed":["Decay"],"damage_healed":0.0,"max_hp_gain":0.0,"max_hp_loss":0.0,"gold_gain":0.0,"event_name":"Purifier","player_choice":"Purged","floor":3.0,"gold_loss":0.0,"damage_taken":0.0},{"cards_removed":["Prepared"],"damage_healed":0.0,"max_hp_gain":0.0,"max_hp_loss":0.0,"gold_gain":0.0,"event_name":"The Cleric","player_choice":"Card Removal","floor":4.0,"gold_loss":75.0,"damage_taken":0.0},{"damage_healed":0.0,"max_hp_gain":0.0,"max_hp_loss":0.0,"gold_gain":0.0,"event_name":"Shining Light","player_choice":"Entered Light","floor":5.0,"gold_loss":0.0,"damage_taken":20.0,"cards_upgraded":["Strike_G","Defend_G"]},{"damage_healed":0.0,"max_hp_gain":5.0,"max_hp_loss":0.0,"gold_gain":0.0,"event_name":"Forgotten Altar","player_choice":"Shed Blood","floor":19.0,"gold_loss":0.0,"damage_taken":27.0},{"damage_healed":0.0,"max_hp_gain":0.0,"max_hp_loss":0.0,"gold_gain":0.0,"event_name":"Back to Basics","player_choice":"Simplicity","floor":24.0,"gold_loss":0.0,"damage_taken":0.0,"cards_upgraded":["Defend_G","Defend_G","Defend_G","Defend_G","Strike_G","Strike_G"]}],"is_beta":false,"boss_relics":[{"not_picked":["Lizard Tail","Philosopher\u0027s Stone"],"picked":"Ring of the Serpent"}],"items_purged_floors":[],"is_endless":false,"potions_floor_spawned":[7,12,16,18,20,25,28,31],"killed_by":"Automaton","ascension_level":20}