{"gold_per_floor":[219,7,7,25,0,0,30,30,57,57,8,38,49,76,76,153,153,164,164,28,28,28,41,41,41,96,96,21,21,49,99,99,99],"floor_reached":33,"playtime":921,"items_purged":["Strike_G+1"],"score":477,"play_id":"dbdb5a7e-25ac-488c-9262-9f7d92ff25b9","local_time":"20190130144645","is_ascension_mode":true,"campfire_choices":[{"data":"Skewer","floor":6.0,"key":"SMITH"},{"data":"Cloak And Dagger","floor":8.0,"key":"SMITH"},{"floor":15.0,"key":"REST"},{"floor":24.0,"key":"REST"},{"data":"Envenom","floor":27.0,"key":"SMITH"},{"data":"Backflip","floor":29.0,"key":"SMITH"},{"floor":32.0,"key":"REST"}],"neow_cost":"NONE","seed_source_timestamp":487041935123781,"circlet_count":0,"master_deck":["AscendersBane","Defend_G+1","Defend_G+1","Defend_G+1","Defend_G+1","Defend_G+1","Strike_G+1","Strike_G+1","Survivor","Neutralize+1","Skewer+1","Cloak And Dagger+1","Deadly Poison","Poisoned Stab","Prepared","Deadly Poison","Corpse Explosion","Dodge and Roll","Backflip+1","Envenom+1","Dodge and Roll","Cloak And Dagger+1","Noxious Fumes"],"special_seed":0,"relics":["Ring of the Snake","Chemical X","Peace Pipe","Boot","Omamori","Empty Cage","Lantern","Dream Catcher","Incense Burner"],"potions_floor_usage":[],"damage_taken":[{"damage":6.0,"enemies":"Cultist","floor":1.0,"turns":4.0},{"damage":1.0,"enemies":"Jaw Worm","floor":4.0,"turns":2.0},{"damage":4.0,"enemies":"3 Sentries","floor":7.0,"turns":8.0},{"damage":0.0,"enemies":"2 Louse","floor":13.0,"turns":2.0},{"damage":16.0,"enemies":"Gremlin Nob","floor":14.0,"turns":3.0},{"damage":15.0,"enemies":"Slime Boss","floor":16.0,"turns":9.0},{"damage":30.0,"enemies":"2 Thieves","floor":18.0,"turns":3.0},{"damage":2.0,"enemies":"Shell Parasite","floor":23.0,"turns":4.0},{"damage":29.0,"enemies":"Slavers","floor":30.0,"turns":5.0},{"damage":71,"enemies":"Collector","floor":33,"turns":5}],"seed_played":"-8632314676533263479","potions_obtained":[{"floor":4.0,"key":"SkillPotion"},{"floor":13.0,"key":"Explosive Potion"},{"floor":23.0,"key":"PowerPotion"}],"is_trial":false,"path_per_floor":["M","$","?","M","$","R","E","R","T","$","?","?","M","E","R","B",null,"M","?","$","?","?","M","R","?","T","R","$","R","E","?","R","B"],"character_chosen":"THE_SILENT","items_purchased":["Chemical X","Deadly Poison","Backflip","Envenom"],"campfire_rested":3,"item_purchase_floors":[2,5,20,20],"current_hp_per_floor":[53,53,33,32,32,32,28,28,28,28,28,28,28,12,31,16,54,24,24,24,37,37,35,54,54,54,54,54,54,25,25,44,0],"gold":99,"neow_bonus":"HUNDRED_GOLD","is_prod":false,"is_daily":false,"chose_seed":false,"campfire_upgraded":4,"win_rate":0,"timestamp":1548856005,"path_taken":["M","?","?","M","$","R","E","R","T","$","?","?","M","E","R","BOSS","M","?","$","?","?","?","R","?","T","R","?","R","E","?","R","BOSS"],"build_version":"2019-01-23","purchased_purges":1,"victory":false,"max_hp_per_floor":[66,66,66,66,66,66,66,66,66,66,66,66,66,66,66,66,66,66,66,66,66,66,66,66,66,66,66,66,66,66,66,66,66],"card_choices":[{"not_picked":["Prepared","Finisher"],"picked":"Skewer","floor":1.0},{"not_picked":["Dagger Spray","Acrobatics"],"picked":"Cloak And Dagger","floor":4.0},{"not_picked":["Poisoned Stab","Sucker Punch","Bane"],"picked":"SKIP","floor":7.0},{"not_picked":["Sucker Punch","Bane"],"picked":"Poisoned Stab","floor":7.0},{"not_picked":["All Out Attack","Poisoned Stab"],"picked":"Prepared","floor":13.0},{"not_picked":["Calculated Gamble","Acrobatics"],"picked":"Deadly Poison","floor":14.0},{"not_picked":["Grand Finale","Bullet Time"],"picked":"Corpse Explosion","floor":16.0},{"not_picked":["Deadly Poison","Prepared"],"picked":"Dodge and Roll","floor":18.0},{"not_picked":["Choke","Dagger Throw"],"picked":"Dodge and Roll","floor":23.0},{"not_picked":["Deadly Poison","Cloak And Dagger","Finisher"],"picked":"SKIP","floor":30.0},{"not_picked":["Phantasmal Killer","Finisher"],"picked":"Noxious Fumes","floor":32.0}],"player_experience":1137767,"relics_obtained":[{"floor":7.0,"key":"Peace Pipe"},{"floor":9.0,"key":"Boot"},{"floor":14.0,"key":"Omamori"},{"floor":26.0,"key":"Dream Catcher"},{"floor":30.0,"key":"Incense Burner"}],"event_choices":[{"damage_healed":0.0,"max_hp_gain":0.0,"max_hp_loss":0.0,"gold_gain":0.0,"event_name":"Shining Light","player_choice":"Entered Light","floor":3.0,"gold_loss":0.0,"damage_taken":20.0,"cards_upgraded":["Defend_G","Neutralize"]},{"damage_healed":0.0,"max_hp_gain":0.0,"max_hp_loss":0.0,"gold_gain":0.0,"event_name":"World of Goop","player_choice":"Left Gold","floor":11.0,"gold_loss":49.0,"damage_taken":0.0},{"damage_healed":0.0,"max_hp_gain":0.0,"max_hp_loss":0.0,"gold_gain":30.0,"event_name":"Dead Adventurer","player_choice":"Searched \u00271\u0027 times","floor":12.0,"gold_loss":0.0,"damage_taken":0.0},{"damage_healed":0.0,"max_hp_gain":0.0,"max_hp_loss":0.0,"gold_gain":0.0,"event_name":"The Mausoleum","player_choice":"Opened","floor":19.0,"gold_loss":0.0,"damage_taken":0.0,"relics_obtained":["Lantern"],"cards_obtained":["Writhe"]},{"damage_healed":13.0,"max_hp_gain":0.0,"max_hp_loss":0.0,"gold_gain":0.0,"event_name":"The Library","player_choice":"Heal","floor":21.0,"gold_loss":0.0,"damage_taken":0.0},{"damage_healed":0.0,"max_hp_gain":0.0,"max_hp_loss":0.0,"gold_gain":0.0,"event_name":"Back to Basics","player_choice":"Simplicity","floor":22.0,"gold_loss":0.0,"damage_taken":0.0,"cards_upgraded":["Defend_G","Defend_G","Defend_G","Defend_G","Strike_G","Strike_G","Strike_G"]},{"damage_healed":0.0,"max_hp_gain":0.0,"max_hp_loss":0.0,"gold_gain":0.0,"event_name":"Duplicator","player_choice":"Copied","floor":25.0,"gold_loss":0.0,"damage_taken":0.0,"cards_obtained":["Cloak And Dagger"]},{"damage_healed":0.0,"max_hp_gain":0.0,"max_hp_loss":0.0,"gold_gain":50.0,"event_name":"Nest","player_choice":"Stole From Cult","floor":31.0,"gold_loss":0.0,"damage_taken":0.0}],"is_beta":false,"boss_relics":[{"not_picked":["Pandora\u0027s Box","Runic Pyramid"],"picked":"Empty Cage"}],"items_purged_floors":[28],"is_endless":false,"potions_floor_spawned":[4,13,23],"killed_by":"Collector","ascension_level":16}