{"gold_per_floor":[115,130,141,191,191,191,223,223,223,223,373,386,419,433,433,433],"floor_reached":16,"playtime":2202,"items_purged":[],"score":220,"play_id":"e8e7a978-1980-45d2-bc7d-27fc0380c100","local_time":"20181016183433","is_ascension_mode":true,"campfire_choices":[{"data":"Neutralize","floor":6.0,"key":"SMITH"},{"data":"Footwork","floor":8.0,"key":"SMITH"},{"data":"Masterful Stab","floor":10.0,"key":"SMITH"},{"floor":15.0,"key":"REST"}],"neow_cost":"NONE","seed_source_timestamp":0,"circlet_count":0,"master_deck":["Defend_G","Defend_G","Defend_G","Defend_G","Defend_G+1","Strike_G","Strike_G","Strike_G","Strike_G","Survivor+1","Neutralize+1","AscendersBane","Footwork+1","PiercingWail","Masterful Stab+1","Adrenaline","Cloak And Dagger","Blur"],"special_seed":0,"relics":["Ring of the Snake","Omamori","Art of War","Darkstone Periapt","Centennial Puzzle","War Paint"],"potions_floor_usage":[],"damage_taken":[{"damage":1.0,"enemies":"Cultist","floor":1.0,"turns":4.0},{"damage":0.0,"enemies":"Jaw Worm","floor":2.0,"turns":6.0},{"damage":1.0,"enemies":"2 Louse","floor":3.0,"turns":4.0},{"damage":13.0,"enemies":"3 Sentries","floor":7.0,"turns":8.0},{"damage":1.0,"enemies":"Large Slime","floor":12.0,"turns":7.0},{"damage":36.0,"enemies":"Gremlin Nob","floor":13.0,"turns":4.0},{"damage":0.0,"enemies":"Blue Slaver","floor":14.0,"turns":3.0},{"damage":30,"enemies":"Hexaghost","floor":16,"turns":9}],"seed_played":"7147072081850037229","potions_obtained":[{"floor":1.0,"key":"Swift Potion"},{"floor":3.0,"key":"PowerPotion"},{"floor":7.0,"key":"PowerPotion"}],"is_trial":false,"path_per_floor":["M","M","M","T","?","R","E","R","T","R","?","M","E","M","R"],"character_chosen":"THE_SILENT","items_purchased":[],"campfire_rested":1,"item_purchase_floors":[],"current_hp_per_floor":[58,58,57,57,57,57,44,44,44,44,44,43,7,7,26,0],"gold":433,"neow_bonus":"RANDOM_COMMON_RELIC","is_prod":false,"is_daily":false,"chose_seed":false,"campfire_upgraded":3,"win_rate":0,"timestamp":1539707673,"path_taken":["M","M","?","?","?","R","E","R","T","R","?","M","E","M","R","BOSS"],"build_version":"2018-10-11","purchased_purges":0,"victory":false,"max_hp_per_floor":[66,66,66,66,66,66,66,66,66,66,66,66,66,66,66,66],"card_choices":[{"not_picked":["Flying Knee","Dagger Spray"],"picked":"Footwork","floor":1.0},{"not_picked":["Deflect","Choke"],"picked":"PiercingWail","floor":2.0},{"not_picked":["Dagger Throw","Slice"],"picked":"Masterful Stab","floor":3.0},{"not_picked":["Flying Knee","Expertise"],"picked":"Adrenaline","floor":7.0},{"not_picked":["Slice","Outmaneuver","PiercingWail"],"picked":"SKIP","floor":12.0},{"not_picked":["Setup","PiercingWail"],"picked":"Cloak And Dagger","floor":13.0},{"not_picked":["Acrobatics","Poisoned Stab"],"picked":"Blur","floor":14.0}],"player_experience":1479049,"relics_obtained":[{"floor":4.0,"key":"Art of War"},{"floor":7.0,"key":"Darkstone Periapt"},{"floor":9.0,"key":"Centennial Puzzle"},{"floor":13.0,"key":"War Paint"}],"event_choices":[{"event_name":"Bonfire Elementals","player_choice":"BASIC","floor":5.0,"damage_taken":0.0},{"event_name":"Liars Game","player_choice":"agreed","floor":11.0,"damage_taken":0.0}],"is_beta":false,"boss_relics":[],"items_purged_floors":[],"is_endless":false,"potions_floor_spawned":[1,3,7],"killed_by":"Hexaghost","ascension_level":20}