{"path_per_floor":["M","?","?","M","M","E","R","M","T","$","R","M","R","M","R","B",null,"M","$","M","T","?","R","M","$","T","T","R","M","M","M","R","B",null,"M","?","?","M","M","R","M","M","T","M","R","M","M","?","R","B"],"character_chosen":"IRONCLAD","items_purchased":["Shrug It Off"],"gold_per_floor":[118,68,143,159,169,199,199,213,213,86,86,102,102,117,117,217,217,217,117,117,117,117,117,117,117,117,117,117,117,117,117,117,117,117,117,117,117,117,117,117,117,117,117,117,117,117,117,117,117,117],"floor_reached":51,"campfire_rested":0,"playtime":2006,"current_hp_per_floor":[80,80,69,75,80,51,51,55,55,55,55,55,55,60,60,64,80,80,80,79,79,63,63,66,66,66,66,66,67,65,71,71,77,80,75,75,75,80,66,66,60,50,50,61,61,58,72,72,72,60],"items_purged":["Strike_R","Strike_R"],"gold":117,"score":730,"play_id":"2db047db-4b5d-49cd-a9df-a91966798828","local_time":"20180331062751","is_prod":false,"is_daily":false,"is_ascension_mode":false,"campfire_upgraded":10,"timestamp":1522470471,"path_taken":["M","?","?","M","?","E","R","M","T","$","R","M","R","M","R","BOSS","M","$","M","?","?","R","?","?","T","?","R","M","M","M","R","BOSS","M","?","?","?","M","R","M","M","T","M","R","M","M","?","R","BOSS"],"build_version":"2018-03-29v2","purchased_purges":2,"victory":true,"master_deck":["Strike_R+1","Defend_R","Defend_R","Defend_R","Defend_R","Bash","Metallicize+1","Shrug It Off+1","Sword Boomerang+1","Demon Form+1","Shrug It Off+1","Disarm","Battle Trance","Barricade+1","Twin Strike","Body Slam+1","Trip","Entrench+1","Juggernaut+1","Ghostly Armor+1","Finesse"],"max_hp_per_floor":[80,80,80,80,80,80,80,80,80,80,80,80,80,80,80,80,80,80,80,80,80,80,80,80,80,80,80,80,80,80,80,80,80,80,80,80,80,80,80,80,80,80,80,80,80,80,80,80,80,80],"relics":["Burning Blood","NeowsBlessing","Art of War","Whetstone","Ectoplasm","Ancient Tea Set","Bag of Preparation","Question Card","Sozu","Bird Faced Urn"],"card_choices":[{"not_picked":["Iron Wave","Combust"],"picked":"Metallicize","floor":1},{"not_picked":["Perfected Strike","Flex"],"picked":"Shrug It Off","floor":4},{"not_picked":["Havoc","Rage"],"picked":"Sword Boomerang","floor":5},{"not_picked":["Body Slam","Thunderclap"],"picked":"Demon Form","floor":6},{"not_picked":["Warcry","Reckless Charge"],"picked":"Disarm","floor":12},{"not_picked":["Fire Breathing","Armaments"],"picked":"Battle Trance","floor":14},{"not_picked":["Feed","Immolate"],"picked":"Barricade","floor":16},{"not_picked":["Thunderclap","Combust"],"picked":"Twin Strike","floor":18},{"not_picked":["Wild Strike","Pommel Strike"],"picked":"Body Slam","floor":20},{"not_picked":["Cleave","Pommel Strike","Heavy Blade"],"picked":"Entrench","floor":29},{"not_picked":["Reaper","Double Tap","Dark Embrace"],"picked":"Juggernaut","floor":33},{"not_picked":["Warcry","Headbutt","Spot Weakness"],"picked":"Ghostly Armor","floor":39},{"not_picked":["Panache","Jack Of All Trades","Good Instincts"],"picked":"Finesse","floor":48}],"player_experience":245967,"potions_floor_usage":[8,8,16,30,33,50],"damage_taken":[{"damage":0,"enemies":"Jaw Worm","floor":1,"turns":1},{"damage":0,"enemies":"Small Slimes","floor":4,"turns":1},{"damage":0,"enemies":"2 Louse","floor":5,"turns":2},{"damage":35,"enemies":"Gremlin Nob","floor":6,"turns":5},{"damage":2,"enemies":"Exordium Thugs","floor":8,"turns":3},{"damage":6,"enemies":"Gremlin Gang","floor":12,"turns":8},{"damage":1,"enemies":"Red Slaver","floor":14,"turns":4},{"damage":2,"enemies":"Hexaghost","floor":16,"turns":7},{"damage":3,"enemies":"Chosen","floor":18,"turns":6},{"damage":7,"enemies":"Spheric Guardian","floor":20,"turns":4},{"damage":3,"enemies":"Snake Plant","floor":24,"turns":5},{"damage":5,"enemies":"Snecko","floor":29,"turns":4},{"damage":8,"enemies":"Cultist and Chosen","floor":30,"turns":6},{"damage":0,"enemies":"Snake Plant","floor":31,"turns":5},{"damage":0,"enemies":"Automaton","floor":33,"turns":9},{"damage":11,"enemies":"Orb Walker","floor":35,"turns":4},{"damage":0,"enemies":"3 Shapes","floor":38,"turns":4},{"damage":20,"enemies":"Sphere and 2 Shapes","floor":39,"turns":6},{"damage":12,"enemies":"3 Darklings","floor":41,"turns":5},{"damage":16,"enemies":"4 Shapes","floor":42,"turns":6},{"damage":3,"enemies":"Sphere and 2 Shapes","floor":44,"turns":5},{"damage":17,"enemies":"3 Darklings","floor":46,"turns":5},{"damage":0,"enemies":"Maw","floor":47,"turns":5},{"damage":26,"enemies":"Time Eater","floor":50,"turns":8}],"event_choices":[{"event_name":"The Cleric","player_choice":"Card Removal","floor":2,"damage_taken":0},{"event_name":"World of Goop","player_choice":"Gather Gold","floor":3,"damage_taken":0},{"event_name":"Knowing Skull","player_choice":"CARD ","floor":22,"damage_taken":0},{"event_name":"Tomb of Lord Red Mask","player_choice":"Ignored","floor":36,"damage_taken":0},{"event_name":"SensoryStone","player_choice":"Memory 1","floor":48,"damage_taken":0}],"boss_relics":[{"not_picked":["Tiny House","Runic Pyramid"],"picked":"Ectoplasm"},{"not_picked":["Calling Bell","Philosopher\u0027s Stone"],"picked":"Sozu"}],"potions_floor_spawned":[1,5,14,18,20,30,35,42,44],"seed_played":"6714156892247542017","ascension_level":0,"is_trial":false}