{"gold_per_floor":[114,129,129,144,159,189,189,39,114,114,114,129,144,159,159,259,259,274,274,289,304,319,319,319],"floor_reached":24,"playtime":5205,"items_purged":[],"score":202,"play_id":"59cf3e85-fe42-4171-b974-636fc3309f76","local_time":"20180808222944","daily_mods":["Allstar","Uncertain Future","Night Terrors"],"is_ascension_mode":false,"campfire_choices":[{"data":"Zap","floor":7,"key":"SMITH"},{"data":"Sunder","floor":10,"key":"SMITH"},{"data":"Chaos","floor":15,"key":"SMITH"},{"data":"White Noise","floor":23,"key":"SMITH"}],"neow_cost":"","seed_source_timestamp":0,"circlet_count":0,"master_deck":["Strike_B","Strike_B","Strike_B","Strike_B","Defend_B","Defend_B","Defend_B","Defend_B","Zap+1","Dualcast","Jack Of All Trades","Magnetism","Purity","Sweeping Beam","Chaos+1","Dramatic Entrance","Beam Cell","Sunder+1","Chill","Sunder","White Noise+1","Go for the Eyes","Creative AI","Parasite","Writhe","Clumsy","White Noise","Hologram","Defragment","Coolheaded+1"],"special_seed":17751,"relics":["Cracked Core","Sundial","Oddly Smooth Stone","Bottled Flame","Calling Bell","Regal Pillow","Cables","Torii"],"potions_floor_usage":[6,6,16,20,20,22],"damage_taken":[{"damage":0,"enemies":"Small Slimes","floor":1,"turns":3},{"damage":11,"enemies":"Jaw Worm","floor":2,"turns":3},{"damage":0,"enemies":"Cultist","floor":4,"turns":4},{"damage":0,"enemies":"Gremlin Gang","floor":5,"turns":2},{"damage":15,"enemies":"Gremlin Nob","floor":6,"turns":4},{"damage":0,"enemies":"3 Louse","floor":12,"turns":2},{"damage":6,"enemies":"Lots of Slimes","floor":13,"turns":2},{"damage":0,"enemies":"Red Slaver","floor":14,"turns":1},{"damage":24,"enemies":"The Guardian","floor":16,"turns":9},{"damage":30,"enemies":"2 Thieves","floor":18,"turns":3},{"damage":18,"enemies":"Shell Parasite","floor":20,"turns":7},{"damage":23,"enemies":"Snake Plant","floor":21,"turns":4},{"damage":28,"enemies":"Slaver and Parasite","floor":22,"turns":11},{"damage":39,"enemies":"Book of Stabbing","floor":24,"turns":5}],"seed_played":"-1865023326789257994","potions_obtained":[{"floor":2,"key":"LiquidBronze"},{"floor":4,"key":"EssenceOfSteel"},{"floor":13,"key":"SpeedPotion"},{"floor":16,"key":"Regen Potion"},{"floor":18,"key":"Regen Potion"},{"floor":20,"key":"Weak Potion"}],"is_trial":false,"path_per_floor":["M","M","?","M","M","E","R","$","T","R","?","M","M","M","R","B",null,"M","?","M","M","M","R"],"character_chosen":"DEFECT","items_purchased":["Oddly Smooth Stone"],"campfire_rested":0,"item_purchase_floors":[8],"current_hp_per_floor":[75,64,64,64,64,49,49,49,49,49,85,85,79,79,79,55,85,55,83,85,62,34,34,0],"gold":319,"neow_bonus":"","is_prod":false,"is_daily":true,"chose_seed":false,"campfire_upgraded":4,"win_rate":0,"timestamp":1533760184,"path_taken":["M","M","?","?","M","E","R","$","T","R","?","M","M","M","R","BOSS","M","?","M","?","M","R","E"],"build_version":"2018-08-02","purchased_purges":0,"victory":false,"max_hp_per_floor":[75,75,75,75,75,75,75,75,75,75,85,85,85,85,85,85,85,85,85,85,85,85,85,85],"card_choices":[{"not_picked":["Hello World","Leap"],"picked":"Sweeping Beam","floor":1},{"not_picked":["Steam","Compile Driver"],"picked":"Chaos","floor":2},{"not_picked":["Gash","Lockon"],"picked":"Beam Cell","floor":4},{"not_picked":["Defragment","FTL"],"picked":"Sunder","floor":5},{"not_picked":["Conserve Battery","Lockon"],"picked":"Chill","floor":6},{"not_picked":["Rip and Tear","Static Discharge"],"picked":"Sunder","floor":12},{"not_picked":["Darkness","Gash"],"picked":"White Noise","floor":13},{"not_picked":["Rebound","Heatsinks"],"picked":"Go for the Eyes","floor":14},{"not_picked":["Thunder Strike","Amplify"],"picked":"Creative AI","floor":16},{"not_picked":["Redo","Double Energy"],"picked":"White Noise","floor":18},{"not_picked":["Compile Driver+1","Stack"],"picked":"Hologram","floor":20},{"not_picked":["Gash","Rebound"],"picked":"Defragment","floor":21},{"not_picked":["Sweeping Beam","Rip and Tear+1"],"picked":"Coolheaded+1","floor":22}],"player_experience":853918,"relics_obtained":[{"floor":6,"key":"Sundial"},{"floor":9,"key":"Bottled Flame"},{"floor":17,"key":"Regal Pillow"},{"floor":17,"key":"Cables"},{"floor":17,"key":"Torii"}],"event_choices":[{"event_name":"Living Wall","player_choice":"Change","floor":3,"damage_taken":0},{"event_name":"Bonfire Elementals","player_choice":"RARE","floor":11,"damage_taken":0},{"event_name":"The Library","player_choice":"Heal","floor":19,"damage_taken":0}],"is_beta":false,"boss_relics":[{"not_picked":["Snecko Eye","Astrolabe"],"picked":"Calling Bell"}],"items_purged_floors":[],"is_endless":false,"potions_floor_spawned":[2,4,13,16,18,20],"killed_by":"Book of Stabbing","ascension_level":0}