{"gold_per_floor":[110,120,120,60,92,139,151,189,224,248,272,7,7,26,26,104,104,115,62,62,62,62,95,109,109,135,161,180,196,196,226,226,302,302,312,329,347,358,373,373,373],"floor_reached":41,"playtime":2944,"items_purged":[],"score":1004,"play_id":"596609b9-69aa-419f-ae1e-d95d6236bf7e","local_time":"20180913163731","is_ascension_mode":true,"campfire_choices":[{"data":"Rainbow","floor":7.0,"key":"SMITH"},{"floor":13.0,"key":"REST"},{"data":"Go for the Eyes","floor":15.0,"key":"SMITH"},{"data":"Turbo","floor":25.0,"key":"SMITH"},{"data":"Zap","floor":30.0,"key":"SMITH"},{"floor":32.0,"key":"REST"},{"floor":40,"key":"REST"}],"neow_cost":"CURSE","seed_source_timestamp":13761985330956,"circlet_count":0,"master_deck":["Strike_B","Strike_B","Strike_B","Strike_B","Defend_B","Defend_B","Defend_B","Defend_B","Zap+1","Dualcast","AscendersBane","Compile Driver","Go for the Eyes+1","Rebound","Rainbow+1","Cold Snap","Sunder+1","Turbo+1","Coolheaded+1","Electrodynamics","Sweeping Beam+1","Leap+1","Writhe","Coolheaded+1","White Noise+1","Regret","Leap+1","Coolheaded+1","Conserve Battery+1","Turbo+1","Buffer","Consume+1","Fission+1","Stack+1"],"special_seed":0,"relics":["Cracked Core","Pocketwatch","MawBank","Bag of Preparation","Anchor","Blood Vial","Toxic Egg 2","Cursed Key","The Courier","MutagenicStrength","Du-Vu Doll","Vajra","Bronze Scales","Bottled Lightning","Inserter"],"potions_floor_usage":[33],"damage_taken":[{"damage":1.0,"enemies":"Cultist","floor":1.0,"turns":3.0},{"damage":6.0,"enemies":"2 Louse","floor":2.0,"turns":2.0},{"damage":2.0,"enemies":"Small Slimes","floor":5.0,"turns":3.0},{"damage":22.0,"enemies":"Lagavulin","floor":6.0,"turns":8.0},{"damage":16.0,"enemies":"Gremlin Nob","floor":8.0,"turns":4.0},{"damage":0.0,"enemies":"Blue Slaver","floor":10.0,"turns":4.0},{"damage":7.0,"enemies":"Exordium Thugs","floor":11.0,"turns":4.0},{"damage":2.0,"enemies":"Red Slaver","floor":14.0,"turns":3.0},{"damage":27.0,"enemies":"Hexaghost","floor":16.0,"turns":9.0},{"damage":11.0,"enemies":"2 Thieves","floor":18.0,"turns":5.0},{"damage":11.0,"enemies":"Slavers","floor":23.0,"turns":3.0},{"damage":4.0,"enemies":"Shell Parasite","floor":24.0,"turns":3.0},{"damage":3.0,"enemies":"Gremlin Leader","floor":27.0,"turns":4.0},{"damage":3.0,"enemies":"Centurion and Healer","floor":28.0,"turns":5.0},{"damage":4.0,"enemies":"Sentry and Sphere","floor":29.0,"turns":3.0},{"damage":2.0,"enemies":"Slavers","floor":31.0,"turns":3.0},{"damage":45,"enemies":"Collector","floor":33,"turns":11},{"damage":23,"enemies":"3 Darklings","floor":35,"turns":4},{"damage":0,"enemies":"3 Shapes","floor":36,"turns":3},{"damage":14,"enemies":"3 Darklings","floor":37,"turns":4},{"damage":6,"enemies":"Sphere and 2 Shapes","floor":38,"turns":3},{"damage":14,"enemies":"Spire Growth","floor":39,"turns":3},{"damage":40,"enemies":"Giant Head","floor":41,"turns":5}],"seed_played":"6383354587835091335","potions_obtained":[{"floor":8.0,"key":"Block Potion"},{"floor":10.0,"key":"SneckoOil"},{"floor":16.0,"key":"Fire Potion"},{"floor":18.0,"key":"Energy Potion"},{"floor":24.0,"key":"FearPotion"},{"floor":27.0,"key":"Block Potion"},{"floor":35,"key":"Fire Potion"}],"is_trial":false,"path_per_floor":["M","M","?","?","M","E","R","E","T","M","M","$","R","M","R","B",null,"M","$","?","?","?","E","M","R","T","E","M","M","R","E","R","B",null,"M","M","M","M","M","R"],"character_chosen":"DEFECT","items_purchased":["Toxic Egg 2","Leap+1"],"campfire_rested":3,"item_purchase_floors":[12,19],"current_hp_per_floor":[63,57,57,57,55,33,33,17,17,19,14,14,35,35,35,10,56,47,47,47,47,47,38,36,36,36,35,34,32,32,32,53,10,56,35,44,32,28,16,37,0],"gold":373,"neow_bonus":"ONE_RARE_RELIC","is_prod":false,"is_daily":false,"chose_seed":false,"campfire_upgraded":4,"win_rate":0,"timestamp":1536849451,"path_taken":["M","?","?","?","M","E","R","E","T","?","?","$","R","M","R","BOSS","M","$","?","?","?","E","M","R","T","E","?","?","R","E","R","BOSS","M","M","M","M","M","R","E"],"build_version":"2018-09-06","purchased_purges":0,"victory":false,"max_hp_per_floor":[71,71,71,71,71,71,71,71,71,71,71,71,71,71,71,71,71,71,71,71,71,71,71,71,71,71,71,71,71,71,71,71,71,71,71,71,71,71,71,71,71],"card_choices":[{"not_picked":["Leap","Reprogram"],"picked":"Compile Driver","floor":1.0},{"not_picked":["Redo","Barrage"],"picked":"Go for the Eyes","floor":2.0},{"not_picked":["Blizzard","Compile Driver"],"picked":"Rebound","floor":5.0},{"not_picked":["Reinforced Body","Skim"],"picked":"Rainbow","floor":6.0},{"not_picked":["Steam","Thunder Strike"],"picked":"Cold Snap","floor":8.0},{"not_picked":["Redo","White Noise"],"picked":"Sunder","floor":10.0},{"not_picked":["Sweeping Beam","Gash"],"picked":"Turbo","floor":11.0},{"not_picked":["Lockon","Beam Cell"],"picked":"Coolheaded+1","floor":14.0},{"not_picked":["Amplify+1","Core Surge"],"picked":"Electrodynamics","floor":16.0},{"not_picked":["Ball Lightning","Genetic Algorithm+1"],"picked":"Sweeping Beam+1","floor":18.0},{"not_picked":["Beam Cell","Self Repair"],"picked":"Coolheaded+1","floor":23.0},{"not_picked":["Streamline","Coolheaded+1"],"picked":"White Noise+1","floor":24.0},{"not_picked":["Cold Snap","Go for the Eyes"],"picked":"Leap+1","floor":27.0},{"not_picked":["Ball Lightning","Streamline"],"picked":"Coolheaded+1","floor":28.0},{"not_picked":["Steam+1","Loop"],"picked":"Conserve Battery+1","floor":29.0},{"not_picked":["Electrodynamics","Ball Lightning"],"picked":"Turbo+1","floor":31.0},{"not_picked":["Amplify+1","Thunder Strike"],"picked":"Buffer","floor":33},{"not_picked":["Rebound","Double Energy+1"],"picked":"Consume+1","floor":35},{"not_picked":["Sunder","Beam Cell","Redo+1"],"picked":"SKIP","floor":36},{"not_picked":["Leap+1","Steam+1"],"picked":"Fission+1","floor":37},{"not_picked":["Beam Cell","Steam+1"],"picked":"Stack+1","floor":38},{"not_picked":["Cold Snap","Beam Cell","Leap+1"],"picked":"SKIP","floor":39}],"player_experience":970832,"relics_obtained":[{"floor":6.0,"key":"Bag of Preparation"},{"floor":8.0,"key":"Anchor"},{"floor":9.0,"key":"Blood Vial"},{"floor":23.0,"key":"Du-Vu Doll"},{"floor":26.0,"key":"Vajra"},{"floor":27.0,"key":"Bronze Scales"},{"floor":31.0,"key":"Bottled Lightning"}],"event_choices":[{"event_name":"Living Wall","player_choice":"Forget","floor":3.0,"damage_taken":0.0},{"event_name":"WeMeetAgain","player_choice":"Gold","floor":4.0,"damage_taken":0.0},{"event_name":"Upgrade Shrine","player_choice":"Upgraded","floor":20.0,"damage_taken":0.0},{"event_name":"The Mausoleum","player_choice":"Yes","floor":21.0,"damage_taken":0.0},{"event_name":"Drug Dealer","player_choice":"Inject Mutagens","floor":22.0,"damage_taken":0.0}],"is_beta":false,"boss_relics":[{"not_picked":["Black Star","FrozenCore"],"picked":"Cursed Key"},{"not_picked":["Astrolabe","Busted Crown"],"picked":"Inserter"}],"items_purged_floors":[],"is_endless":false,"potions_floor_spawned":[8,10,16,18,24,27,35],"killed_by":"Giant Head","ascension_level":19}