{"gold_per_floor":[110,126,142,155,155,155,155,168,168,202,40,40,78,78,78,177,177,195,195,206,32,32,32,43,43,69,87,87,105,115,115,115,192,192,205,222,82,182,182,182,57,112,112,112,54,54,54,89,89,89,89],"floor_reached":52,"playtime":2799,"items_purged":["Strike_R","Strike_R","Strike_R"],"score":1897,"play_id":"5bc57d5f-6408-4a0c-bf5f-2136991865bb","local_time":"20181210165411","is_ascension_mode":true,"campfire_choices":[{"data":"Feel No Pain","floor":7.0,"key":"SMITH"},{"data":"Spot Weakness","floor":12.0,"key":"SMITH"},{"data":"Sword Boomerang","floor":15.0,"key":"SMITH"},{"data":"True Grit","floor":23.0,"key":"SMITH"},{"data":"Feel No Pain","floor":25.0,"key":"SMITH"},{"data":"Body Slam","floor":32.0,"key":"SMITH"},{"data":"Offering","floor":40.0,"key":"SMITH"},{"data":"Burning Pact","floor":44.0,"key":"SMITH"},{"data":"Second Wind","floor":46.0,"key":"SMITH"},{"data":"Power Through","floor":47.0,"key":"SMITH"},{"data":"Body Slam","floor":49,"key":"SMITH"}],"neow_cost":"NONE","seed_source_timestamp":589406114195,"circlet_count":0,"master_deck":["AscendersBane","Strike_R","Defend_R","Defend_R","Defend_R","Defend_R","Bash","Warcry","Intimidate","Feel No Pain+1","Sword Boomerang+1","Second Wind+1","Spot Weakness+1","Clash","Offering+1","Exhume","Disarm+1","Feel No Pain+1","True Grit+1","Decay","Seeing Red","Feed","Body Slam+1","Impervious","Battle Trance","Shrug It Off","Power Through+1","Burning Pact+1","Body Slam+1"],"special_seed":0,"relics":["Burning Blood","Bloody Idol","Mercury Hourglass","Ornamental Fan","Regal Pillow","Runic Pyramid","Vajra","Mark of Pain","WingedGreaves","Gambling Chip","Self Forming Clay","Omamori"],"potions_floor_usage":[48,48],"damage_taken":[{"damage":4.0,"enemies":"2 Louse","floor":1.0,"turns":4.0},{"damage":0.0,"enemies":"Small Slimes","floor":2.0,"turns":4.0},{"damage":9.0,"enemies":"Jaw Worm","floor":3.0,"turns":5.0},{"damage":20.0,"enemies":"Large Slime","floor":4.0,"turns":6.0},{"damage":15.0,"enemies":"Red Slaver","floor":8.0,"turns":4.0},{"damage":6.0,"enemies":"3 Sentries","floor":10.0,"turns":8.0},{"damage":7.0,"enemies":"Lagavulin","floor":13.0,"turns":5.0},{"damage":23.0,"enemies":"Slime Boss","floor":16.0,"turns":8.0},{"damage":17.0,"enemies":"Shell Parasite","floor":18.0,"turns":5.0},{"damage":22.0,"enemies":"2 Thieves","floor":20.0,"turns":3.0},{"damage":8.0,"enemies":"Chosen and Byrds","floor":24.0,"turns":9.0},{"damage":1.0,"enemies":"Snake Plant","floor":27.0,"turns":5.0},{"damage":7.0,"enemies":"Centurion and Healer","floor":29.0,"turns":6.0},{"damage":34.0,"enemies":"Snecko","floor":30.0,"turns":5.0},{"damage":26.0,"enemies":"Collector","floor":33.0,"turns":8.0},{"damage":1.0,"enemies":"3 Shapes","floor":35.0,"turns":7.0},{"damage":14.0,"enemies":"3 Darklings","floor":36.0,"turns":7.0},{"damage":6.0,"enemies":"Mind Bloom Boss Battle","floor":38.0,"turns":9.0},{"damage":6.0,"enemies":"2 Orb Walkers","floor":42.0,"turns":4.0},{"damage":6,"enemies":"Nemesis","floor":48,"turns":7},{"damage":18,"enemies":"Donu and Deca","floor":50,"turns":8},{"damage":12,"enemies":"Awakened One","floor":51,"turns":9}],"seed_played":"1728748442084139062","potions_obtained":[{"floor":1.0,"key":"SkillPotion"},{"floor":3.0,"key":"Explosive Potion"},{"floor":8.0,"key":"Explosive Potion"},{"floor":16.0,"key":"Strength Potion"},{"floor":18.0,"key":"Swift Potion"},{"floor":27.0,"key":"AttackPotion"},{"floor":36.0,"key":"Swift Potion"},{"floor":38.0,"key":"Swift Potion"},{"floor":42.0,"key":"GamblersBrew"}],"is_trial":false,"path_per_floor":["M","M","M","M","?","?","R","M","T","E","$","R","E","?","R","B",null,"M","?","M","$","?","R","M","R","T","M","?","M","M","?","R","B",null,"M","M","$","?","?","R","$","?","T","R","$","R","R","E","R","B","B",null],"character_chosen":"IRONCLAD","items_purchased":["Offering","Feel No Pain","True Grit","Power Through","Body Slam"],"campfire_rested":0,"item_purchase_floors":[11,21,21,37,45],"current_hp_per_floor":[70,75,72,58,58,58,58,49,49,49,49,49,48,48,48,31,59,48,48,42,42,42,42,45,45,50,60,60,67,47,47,47,32,64,77,77,77,83,79,79,79,82,82,82,82,82,82,82,82,70,64],"gold":89,"neow_bonus":"TRANSFORM_CARD","is_prod":false,"is_daily":false,"chose_seed":false,"campfire_upgraded":11,"win_rate":0,"timestamp":1544428451,"path_taken":["M","M","M","M","?","?","R","M","T","E","$","R","E","?","R","BOSS","M","?","M","$","?","R","M","R","T","?","?","M","M","?","R","BOSS","M","M","$","?","?","R","?","?","T","R","$","R","R","E","R","BOSS","BOSS"],"build_version":"2018-12-06","purchased_purges":3,"victory":true,"max_hp_per_floor":[75,75,75,75,75,68,68,68,68,68,68,68,68,68,68,68,68,68,68,68,68,68,68,68,68,68,68,68,71,74,74,74,74,74,77,80,80,83,79,79,79,82,82,82,82,82,82,82,82,82,82],"card_choices":[{"not_picked":["Seeing Red","True Grit"],"picked":"Intimidate","floor":1.0},{"not_picked":["Heavy Blade","Clothesline"],"picked":"Feel No Pain","floor":2.0},{"not_picked":["Perfected Strike","Havoc"],"picked":"Sword Boomerang","floor":3.0},{"not_picked":["Flex","Twin Strike"],"picked":"Second Wind","floor":4.0},{"not_picked":["Armaments","Combust"],"picked":"Spot Weakness","floor":8.0},{"not_picked":["Dropkick","Entrench"],"picked":"Clash","floor":10.0},{"not_picked":["Iron Wave","Armaments","Perfected Strike"],"picked":"SKIP","floor":13.0},{"not_picked":["Reaper","Double Tap"],"picked":"Exhume","floor":16.0},{"not_picked":["Cleave","Clothesline+1"],"picked":"Disarm+1","floor":18.0},{"not_picked":["Thunderclap","Hemokinesis","Headbutt"],"picked":"SKIP","floor":20.0},{"not_picked":["Armaments","Cleave"],"picked":"Seeing Red","floor":24.0},{"not_picked":["Spot Weakness","Clash"],"picked":"Feed","floor":27.0},{"not_picked":["Havoc","Perfected Strike"],"picked":"Body Slam","floor":29.0},{"not_picked":["Flex","Wild Strike","Rupture+1"],"picked":"SKIP","floor":30.0},{"not_picked":["Brutality","Bludgeon"],"picked":"Impervious","floor":33.0},{"not_picked":["Second Wind","Hemokinesis"],"picked":"Battle Trance","floor":35.0},{"not_picked":["Armaments","Thunderclap"],"picked":"Shrug It Off","floor":36.0},{"not_picked":["Power Through","Shrug It Off"],"picked":"Burning Pact","floor":38.0},{"not_picked":["Carnage","Double Tap","Perfected Strike+1"],"picked":"SKIP","floor":48}],"player_experience":792702,"relics_obtained":[{"floor":9.0,"key":"Mercury Hourglass"},{"floor":10.0,"key":"Ornamental Fan"},{"floor":13.0,"key":"Regal Pillow"},{"floor":26.0,"key":"Vajra"},{"floor":38.0,"key":"WingedGreaves"},{"floor":42.0,"key":"Gambling Chip"},{"floor":43.0,"key":"Self Forming Clay"},{"floor":48,"key":"Omamori"}],"event_choices":[{"damage_healed":0.0,"max_hp_gain":0.0,"max_hp_loss":0.0,"gold_gain":0.0,"event_name":"Scrap Ooze","player_choice":"Fled","floor":5.0,"gold_loss":0.0,"damage_taken":0.0},{"damage_healed":0.0,"max_hp_gain":0.0,"max_hp_loss":7.0,"gold_gain":0.0,"event_name":"Golden Idol","player_choice":"Lose Max HP","floor":6.0,"gold_loss":0.0,"damage_taken":0.0,"relics_obtained":["Golden Idol"]},{"damage_healed":0.0,"max_hp_gain":0.0,"max_hp_loss":0.0,"gold_gain":0.0,"event_name":"Liars Game","player_choice":"Ignored","floor":14.0,"gold_loss":0.0,"damage_taken":0.0},{"damage_healed":0.0,"max_hp_gain":0.0,"max_hp_loss":0.0,"gold_gain":0.0,"event_name":"Forgotten Altar","player_choice":"Gave Idol","floor":19.0,"relics_lost":["Golden Idol"],"gold_loss":0.0,"damage_taken":0.0,"relics_obtained":["Bloody Idol"]},{"damage_healed":0.0,"max_hp_gain":0.0,"max_hp_loss":0.0,"gold_gain":0.0,"event_name":"Wheel of Change","player_choice":"Cursed","floor":22.0,"gold_loss":0.0,"damage_taken":0.0,"cards_obtained":["Decay"]},{"damage_healed":0.0,"max_hp_gain":0.0,"max_hp_loss":0.0,"gold_gain":0.0,"event_name":"Cursed Tome","player_choice":"Ignored","floor":28.0,"gold_loss":0.0,"damage_taken":0.0},{"damage_healed":0.0,"max_hp_gain":0.0,"max_hp_loss":0.0,"gold_gain":0.0,"event_name":"Match and Keep!","player_choice":"0 cards matched","floor":31.0,"gold_loss":0.0,"damage_taken":0.0,"cards_obtained":[]},{"damage_healed":0.0,"max_hp_gain":0.0,"max_hp_loss":0.0,"gold_gain":0.0,"event_name":"MindBloom","player_choice":"Fight","floor":38.0,"gold_loss":0.0,"damage_taken":0.0},{"damage_healed":0.0,"max_hp_gain":0.0,"max_hp_loss":4.0,"gold_gain":0.0,"event_name":"Winding Halls","player_choice":"Max HP","floor":39.0,"gold_loss":0.0,"damage_taken":0.0},{"damage_healed":0.0,"max_hp_gain":0.0,"max_hp_loss":0.0,"gold_gain":0.0,"event_name":"Mysterious Sphere","player_choice":"Fight","floor":42.0,"gold_loss":0.0,"damage_taken":0.0}],"is_beta":false,"boss_relics":[{"not_picked":["Fusion Hammer","Calling Bell"],"picked":"Runic Pyramid"},{"not_picked":["Snecko Eye","Empty Cage"],"picked":"Mark of Pain"}],"items_purged_floors":[21,37,41],"is_endless":false,"potions_floor_spawned":[1,3,8,16,18,27,36,38,42],"ascension_level":20}