{"path_per_floor":["M","?","M","$","M","E","?","R","T","M","R","E","?","?","R","B",null,"M","$","M","?","M","R","?","R","T","$","$","?","M","M","R"],"character_chosen":"IRONCLAD","items_purchased":["Strawberry","Havoc","True Grit"],"gold_per_floor":[117,292,305,85,104,135,135,135,135,150,150,181,181,181,181,280,280,296,97,117,117,134,134,134,134,205,105,105,105,115,130,130,130],"floor_reached":33,"campfire_rested":0,"playtime":1572,"current_hp_per_floor":[80,80,73,80,87,73,70,70,70,53,53,33,33,54,54,35,87,87,84,82,82,65,65,65,65,65,65,65,65,66,62,62,0],"items_purged":["Doubt","Parasite","Anger"],"gold":130,"score":253,"play_id":"c2011ddf-d746-474e-a31b-b172fef5a135","local_time":"20180325111729","is_prod":false,"is_daily":false,"is_ascension_mode":false,"campfire_upgraded":6,"timestamp":1521969449,"path_taken":["M","?","?","$","M","E","?","R","T","M","R","E","?","?","R","BOSS","M","$","M","?","M","R","?","R","T","?","$","?","M","M","R","BOSS"],"build_version":"2018-03-22v2","purchased_purges":3,"victory":false,"master_deck":["Strike_R","Strike_R","Strike_R","Strike_R","Defend_R","Defend_R","Defend_R","Defend_R","Bash","Carnage","Feel No Pain+1","Infernal Blade+1","Corruption+1","Pommel Strike","Ghostly Armor","Flame Barrier","Good Instincts","Offering","Havoc","True Grit+1","Rampage+1","Immolate","Infernal Blade+1","Decay"],"max_hp_per_floor":[80,80,80,87,87,87,87,87,87,87,87,87,87,87,87,87,87,87,84,84,84,84,84,84,84,84,84,84,84,84,84,84,84],"relics":["Burning Blood","Strawberry","Juzu Bracelet","Calipers","Toolbox","Paper Frog","Mark of Pain","The Courier"],"card_choices":[{"not_picked":["Iron Wave","Clothesline"],"picked":"Carnage","floor":0},{"not_picked":["Sword Boomerang","Thunderclap"],"picked":"Feel No Pain","floor":1},{"not_picked":["Carnage","Body Slam"],"picked":"Infernal Blade","floor":3},{"not_picked":["Rage","True Grit"],"picked":"Corruption","floor":5},{"not_picked":["Flex","Clothesline"],"picked":"Pommel Strike","floor":6},{"not_picked":["Anger","Headbutt"],"picked":"Ghostly Armor","floor":10},{"not_picked":["Anger","Rampage"],"picked":"Flame Barrier","floor":12},{"not_picked":["Juggernaut","Brutality"],"picked":"Offering","floor":16},{"not_picked":["Pummel","Cleave"],"picked":"Rampage","floor":20},{"not_picked":["Heavy Blade","Headbutt"],"picked":"Immolate","floor":22}],"player_experience":141735,"potions_floor_usage":[6,33,33],"damage_taken":[{"damage":5,"enemies":"Cultist","floor":1,"turns":4},{"damage":13,"enemies":"Jaw Worm","floor":3,"turns":3},{"damage":0,"enemies":"2 Louse","floor":5,"turns":3},{"damage":20,"enemies":"Gremlin Nob","floor":6,"turns":4},{"damage":23,"enemies":"Gremlin Gang","floor":10,"turns":5},{"damage":26,"enemies":"Lagavulin","floor":12,"turns":6},{"damage":25,"enemies":"Slime Boss","floor":16,"turns":13},{"damage":4,"enemies":"3 Byrds","floor":18,"turns":7},{"damage":8,"enemies":"Shell Parasite","floor":20,"turns":6},{"damage":23,"enemies":"Snake Plant","floor":22,"turns":5},{"damage":5,"enemies":"Centurion and Healer","floor":30,"turns":7},{"damage":10,"enemies":"Snecko","floor":31,"turns":5},{"damage":73,"enemies":"Champ","floor":33,"turns":9}],"event_choices":[{"event_name":"Liars Game","player_choice":"agreed","floor":2,"damage_taken":0},{"event_name":"Scrap Ooze","player_choice":"success","floor":7,"damage_taken":3},{"event_name":"Match and Keep!","player_choice":"1 cards matched","floor":13,"damage_taken":0},{"event_name":"Mushrooms","player_choice":"Healed and dodged fight","floor":14,"damage_taken":0},{"event_name":"Transmorgrifier","player_choice":"Transform","floor":21,"damage_taken":0},{"event_name":"The Library","player_choice":"Read","floor":24,"damage_taken":0},{"event_name":"Forgotten Altar","player_choice":"Smashed Altar","floor":29,"damage_taken":0}],"boss_relics":[{"not_picked":["White Beast Statue","Black Blood"],"picked":"Mark of Pain"}],"potions_floor_spawned":[3,12,16,18,22,31],"seed_played":"-3016962061745231804","killed_by":"Champ","ascension_level":0,"is_trial":false}