{"path_per_floor":["M","$","?","?","M","?","E","M","T","M","$","?","M","M","R","B",null,"M","M","$","?","M","?","R","T","T","M","M","E","R","M","R","B",null,"M","$","?","?","M","E","?","R","T","?","M","R","M","$","R","B"],"character_chosen":"IRONCLAD","items_purchased":["Molten Egg 2","Flex","Peace Pipe","Happy Flower","Anchor","Swift Potion","Lee\u0027s Waffle"],"gold_per_floor":[144,69,244,244,289,289,379,424,424,469,94,94,139,184,184,484,484,529,574,149,149,194,194,194,194,194,239,284,374,374,419,419,719,719,764,264,264,0,45,135,135,135,135,135,180,180,225,25,25,25],"floor_reached":51,"campfire_rested":3,"playtime":3492,"current_hp_per_floor":[72,72,72,72,67,60,30,30,30,29,29,13,19,25,75,10,75,75,53,53,39,32,58,58,72,79,77,71,18,96,78,78,66,96,80,80,80,80,54,22,22,95,95,83,56,56,70,110,110,13],"items_purged":["Defend_R","Defend_R","Defend_R","Strike_R"],"gold":25,"score":772,"play_id":"1f8aff97-c58e-4d69-a234-6b5a777d249f","local_time":"20180311011954","daily_mods":["Allstar","Midas","Night Terrors"],"is_prod":false,"is_daily":true,"is_ascension_mode":false,"campfire_upgraded":0,"timestamp":1520727594,"path_taken":["M","$","?","?","M","?","E","?","T","M","?","?","?","M","R","BOSS","M","?","?","?","M","?","R","?","T","?","M","E","R","M","R","BOSS","M","$","?","?","?","E","?","R","T","?","M","R","M","$","R","BOSS"],"build_version":"2018-03-09","purchased_purges":4,"victory":true,"master_deck":["Strike_R","Strike_R","Strike_R","Strike_R+1","Bash+1","Purity","Thinking Ahead","Perfected Strike","Pommel Strike","Shrug It Off+1","Flex","Whirlwind+1","Demon Form","Havoc+1","Pommel Strike+1","Seeing Red+1","Feed+1","Shrug It Off+1","Shrug It Off+1","Sentinel+1","Madness","Madness","Uppercut+1"],"max_hp_per_floor":[80,80,80,80,80,80,80,80,80,80,80,80,80,80,75,75,75,75,75,75,80,80,80,80,94,101,101,101,101,96,96,96,96,96,96,96,96,96,100,100,100,95,95,95,99,99,103,110,110,110],"relics":["Black Blood","Matryoshka","Vajra","Prayer Wheel","Molten Egg 2","Question Card","Peace Pipe","Bag of Preparation","Mango","Strawberry","Blue Candle","Happy Flower","Anchor","Red Mask","Mercury Hourglass","Gambling Chip","Lee\u0027s Waffle"],"card_choices":[{"not_picked":["Havoc","Pummel"],"picked":"Perfected Strike"},{"not_picked":["Corruption","Armaments"],"picked":"Pommel Strike"},{"not_picked":["Inflame","Armaments"],"picked":"Shrug It Off"},{"not_picked":["Burning Pact","Body Slam"],"picked":"Shrug It Off"},{"not_picked":["Infernal Blade","Entrench"],"picked":"Whirlwind"},{"not_picked":["Barricade","Offering"],"picked":"Demon Form"},{"not_picked":["Pummel","Iron Wave","True Grit"],"picked":"Whirlwind"},{"not_picked":["Fire Breathing","Flex","Whirlwind"],"picked":"Havoc"},{"not_picked":["Power Through","Sword Boomerang","Thunderclap"],"picked":"Pommel Strike"},{"not_picked":["Clothesline","Armaments","Havoc"],"picked":"Seeing Red"},{"not_picked":["Brutality","Immolate","Reaper"],"picked":"Feed"},{"not_picked":["Corruption","Rupture","Carnage"],"picked":"Shrug It Off"},{"not_picked":["Sword Boomerang","Pommel Strike","Warcry"],"picked":"Shrug It Off"},{"not_picked":["Reckless Charge","Warcry","True Grit"],"picked":"Sentinel"},{"not_picked":["Wild Strike","Clothesline","Second Wind"],"picked":"Juggernaut"},{"not_picked":["Headbutt","Combust","Perfected Strike"],"picked":"Uppercut"}],"player_experience":133872,"potions_floor_usage":[19,22,22,33,40,50,50,50],"damage_taken":[{"damage":14,"enemies":"Small Slimes","floor":1,"turns":4},{"damage":11,"enemies":"Jaw Worm","floor":5,"turns":3},{"damage":36,"enemies":"Lagavulin","floor":7,"turns":6},{"damage":6,"enemies":"Cultist","floor":8,"turns":3},{"damage":7,"enemies":"Looter","floor":10,"turns":3},{"damage":0,"enemies":"2 Fungi Beasts","floor":13,"turns":2},{"damage":0,"enemies":"Large Slime","floor":14,"turns":3},{"damage":71,"enemies":"The Guardian","floor":16,"turns":8},{"damage":2,"enemies":"Chosen","floor":18,"turns":3},{"damage":28,"enemies":"Shell Parasite","floor":19,"turns":6},{"damage":13,"enemies":"Cultist and Chosen","floor":22,"turns":3},{"damage":8,"enemies":"Centurion and Healer","floor":27,"turns":5},{"damage":12,"enemies":"Snecko","floor":28,"turns":4},{"damage":59,"enemies":"Gremlin Leader","floor":29,"turns":9},{"damage":24,"enemies":"Cultist and Chosen","floor":31,"turns":3},{"damage":18,"enemies":"Collector","floor":33,"turns":6},{"damage":26,"enemies":"3 Darklings","floor":35,"turns":4},{"damage":40,"enemies":"3 Shapes","floor":39,"turns":4},{"damage":42,"enemies":"Giant Head","floor":40,"turns":7},{"damage":41,"enemies":"Maw","floor":45,"turns":7},{"damage":0,"enemies":"3 Darklings","floor":47,"turns":2},{"damage":122,"enemies":"Awakened One","floor":50,"turns":9}],"event_choices":[{"event_name":"Liars Game","player_choice":"agreed","floor":3,"damage_taken":0},{"event_name":"Upgrade Shrine","player_choice":"Upgraded","floor":4,"damage_taken":0},{"event_name":"Golden Wing","player_choice":"Card Removal","floor":6,"damage_taken":0},{"event_name":"Shining Light","player_choice":"Entered Light","floor":12,"damage_taken":0},{"event_name":"Forgotten Altar","player_choice":"Shed Blood","floor":21,"damage_taken":0},{"event_name":"The Library","player_choice":"Heal","floor":23,"damage_taken":0},{"event_name":"The Lab","player_choice":"Got Potions","floor":37,"damage_taken":0},{"event_name":"Tomb of Lord Red Mask","player_choice":"Paid","floor":38,"damage_taken":0},{"event_name":"Mysterious Sphere","player_choice":"Ignore","floor":41,"damage_taken":0},{"event_name":"Winding Halls","player_choice":"Embrace Madness","floor":44,"damage_taken":0}],"boss_relics":[{"not_picked":["Calling Bell","Orrery"],"picked":"Question Card"},{"not_picked":["Snecko Eye","Runic Dome"],"picked":"Black Blood"}],"potions_floor_spawned":[5,13,16,18,29,33,39,45],"seed_played":"-2228362409843830943","ascension_level":0,"is_trial":false}