{"gold_per_floor":[112,112,37,37,62,62,62,86,86,86,120,120,133,166,166,259,259,284,334,348,47,47],"floor_reached":22,"playtime":8234,"items_purged":["Injury"],"score":419,"play_id":"18fbcfdb-7fae-47e8-ae77-bf0e9b18923b","local_time":"20180913154354","is_ascension_mode":true,"campfire_choices":[{"data":"Zap","floor":6.0,"key":"SMITH"},{"data":"Go for the Eyes","floor":12,"key":"SMITH"},{"data":"Streamline","floor":15,"key":"SMITH"}],"neow_cost":"","seed_source_timestamp":5384951233203,"circlet_count":0,"master_deck":["Strike_B","Strike_B","Strike_B","Defend_B","Defend_B","Defend_B","Defend_B","Zap+1","Dualcast","AscendersBane","Beam Cell+1","FTL","Go for the Eyes+1","Streamline+1","Stack","Electrodynamics","White Noise","Scrape","Self Repair","Scrape"],"special_seed":0,"relics":["Cracked Core","Golden Idol","Blood Vial","Cables","Pear","Mummified Hand","Bag of Marbles","Philosopher\u0027s Stone","Pen Nib"],"potions_floor_usage":[11,16,16],"damage_taken":[{"damage":0.0,"enemies":"Small Slimes","floor":1.0,"turns":4.0},{"damage":2.0,"enemies":"2 Louse","floor":5.0,"turns":3.0},{"damage":20,"enemies":"Lagavulin","floor":11,"turns":4},{"damage":4,"enemies":"Jaw Worm","floor":13,"turns":2},{"damage":0,"enemies":"Gremlin Nob","floor":14,"turns":2},{"damage":37,"enemies":"Hexaghost","floor":16,"turns":8},{"damage":27,"enemies":"Shell Parasite","floor":18,"turns":4},{"damage":21,"enemies":"2 Thieves","floor":20,"turns":3},{"damage":21,"enemies":"Shelled Parasite and Fungi","floor":22,"turns":1}],"seed_played":"1418451477663600896","potions_obtained":[{"floor":1.0,"key":"GamblersBrew"},{"floor":13,"key":"Explosive Potion"},{"floor":14,"key":"FearPotion"}],"is_trial":false,"path_per_floor":["M","?","$","?","M","R","?","T","T","?","E","R","M","E","R","B",null,"M","?","M","$"],"character_chosen":"DEFECT","items_purchased":["Self Repair","Pen Nib","Scrape"],"campfire_rested":0,"item_purchase_floors":[21,21,21],"current_hp_per_floor":[64,64,64,57,55,55,55,55,55,54,36,36,34,36,36,1,61,36,36,17,17,0],"gold":47,"neow_bonus":"","is_prod":false,"is_daily":false,"chose_seed":false,"campfire_upgraded":3,"win_rate":0,"timestamp":1536846234,"path_taken":["M","?","$","?","M","R","?","?","T","?","E","R","M","E","R","BOSS","M","?","?","?","M"],"build_version":"2018-09-06","purchased_purges":1,"victory":false,"max_hp_per_floor":[71,71,71,71,71,71,71,71,71,81,81,81,81,81,81,81,81,81,81,81,81,81],"card_choices":[{"not_picked":["Steam","Reprogram"],"picked":"Beam Cell","floor":1.0},{"not_picked":["Gash","Streamline"],"picked":"FTL","floor":5.0},{"not_picked":["Stack","Thunder Strike"],"picked":"Go for the Eyes","floor":11},{"not_picked":["Compile Driver","Auto Shields"],"picked":"Streamline","floor":13},{"not_picked":["Auto Shields","Melter"],"picked":"Stack","floor":14},{"not_picked":["Fission","Hyperbeam"],"picked":"Electrodynamics","floor":16},{"not_picked":["Genetic Algorithm","Beam Cell"],"picked":"White Noise","floor":18},{"not_picked":["Steam","Redo"],"picked":"Scrape","floor":20}],"player_experience":962598,"relics_obtained":[{"floor":8.0,"key":"Blood Vial"},{"floor":9.0,"key":"Cables"},{"floor":11,"key":"Mummified Hand"},{"floor":14,"key":"Bag of Marbles"}],"event_choices":[{"event_name":"Golden Idol","player_choice":"Take Wound","floor":2.0,"damage_taken":0.0},{"event_name":"Golden Wing","player_choice":"Card Removal","floor":4.0,"damage_taken":0.0},{"event_name":"Living Wall","player_choice":"Grow","floor":7.0,"damage_taken":0.0},{"event_name":"Scrap Ooze","player_choice":"success","floor":10.0,"damage_taken":11.0},{"event_name":"Nest","player_choice":"Stole From Cult","floor":19,"damage_taken":0}],"is_beta":false,"boss_relics":[{"not_picked":["Empty Cage","Runic Pyramid"],"picked":"Philosopher\u0027s Stone"}],"items_purged_floors":[3],"is_endless":false,"potions_floor_spawned":[1,13,14],"killed_by":"Shelled Parasite and Fungi","ascension_level":19}