{"gold_per_floor":[109,109,35,35,11,11,44,44,119,119,130,130,149,179,179,274,274,289,388,51,67,82,82,101,101],"floor_reached":25,"playtime":858,"items_purged":["Defend_B"],"score":359,"play_id":"25fbff6b-1bb9-44d7-84ba-3cd3ebb37fec","local_time":"20180704141906","is_ascension_mode":true,"campfire_choices":[{"data":"Beam Cell","floor":6.0,"key":"SMITH"},{"floor":8.0,"key":"REST"},{"data":"Defragment","floor":10.0,"key":"SMITH"},{"data":"Hologram","floor":15.0,"key":"SMITH"},{"data":"Creative AI","floor":23.0,"key":"SMITH"}],"neow_cost":"","seed_source_timestamp":0,"circlet_count":0,"master_deck":["Strike_B+1","Strike_B","Strike_B","Strike_B","Defend_B","Defend_B","Defend_B","Zap+1","Dualcast","AscendersBane","Beam Cell+1","Defragment+1","Conserve Battery","Hologram+1","Sweeping Beam","Capacitor","Creative AI+1","Glacier","Glacier","Ball Lightning","Redo","Coolheaded","Self Repair","Defragment","Loop"],"special_seed":0,"relics":["Cracked Core","Juzu Bracelet","Pear","Darkstone Periapt","Mango","Orrery","Kunai"],"potions_floor_usage":[24,24],"damage_taken":[{"damage":9.0,"enemies":"Jaw Worm","floor":1.0,"turns":3.0},{"damage":23.0,"enemies":"Gremlin Nob","floor":7.0,"turns":4.0},{"damage":0.0,"enemies":"Cultist","floor":11.0,"turns":3.0},{"damage":0.0,"enemies":"2 Louse","floor":13.0,"turns":2.0},{"damage":13.0,"enemies":"Lagavulin","floor":14.0,"turns":5.0},{"damage":41.0,"enemies":"Slime Boss","floor":16.0,"turns":8.0},{"damage":20.0,"enemies":"3 Byrds","floor":18.0,"turns":5.0},{"damage":4.0,"enemies":"Chosen","floor":21.0,"turns":6.0},{"damage":24.0,"enemies":"Snecko","floor":22.0,"turns":9.0},{"damage":42,"enemies":"Cultist and Chosen","floor":24,"turns":13},{"damage":11,"enemies":"Centurion and Healer","floor":25,"turns":1}],"seed_played":"8650463445062373455","potions_obtained":[{"floor":7.0,"key":"AttackPotion"},{"floor":14.0,"key":"GamblersBrew"},{"floor":22.0,"key":"SkillPotion"}],"is_trial":false,"path_per_floor":["M","?","$","?","$","R","E","R","T","R","M","T","M","E","R","B",null,"M","?","$","M","M","R","M"],"character_chosen":"DEFECT","items_purchased":["Defragment","Conserve Battery","Kunai"],"campfire_rested":1,"item_purchase_floors":[],"current_hp_per_floor":[59,44,44,44,44,44,21,43,53,53,53,53,53,54,54,13,78,58,58,58,61,44,44,9,0],"gold":101,"neow_bonus":"","is_prod":false,"is_daily":false,"chose_seed":false,"campfire_upgraded":4,"win_rate":0,"timestamp":1530739146,"path_taken":["M","?","$","?","$","R","E","R","T","R","M","?","M","E","R","BOSS","M","?","$","M","M","R","M","M"],"build_version":"2018-07-03","purchased_purges":1,"victory":false,"max_hp_per_floor":[75,75,75,75,75,75,75,75,85,85,85,85,85,99,99,99,99,99,99,99,99,99,99,99,99],"card_choices":[{"not_picked":["Sweeping Beam","Steam"],"picked":"Beam Cell","floor":1.0},{"not_picked":["Redo","FTL"],"picked":"Hologram","floor":11.0},{"not_picked":["Redo","Skim"],"picked":"Sweeping Beam","floor":13.0},{"not_picked":["Hologram","Coolheaded"],"picked":"Capacitor","floor":14.0},{"not_picked":["Multi-Cast","Seek"],"picked":"Creative AI","floor":16.0},{"not_picked":["Scrape","Compile Driver"],"picked":"Glacier","floor":17.0},{"not_picked":["Go for the Eyes","Aggregate"],"picked":"Glacier","floor":17.0},{"not_picked":["Force Field","Genetic Algorithm"],"picked":"Ball Lightning","floor":17.0},{"not_picked":["Go for the Eyes","Turbo"],"picked":"Redo","floor":17.0},{"not_picked":["Lockon","Gash"],"picked":"Coolheaded","floor":17.0},{"not_picked":["Barrage","Storm"],"picked":"Self Repair","floor":18.0},{"not_picked":["Buffer","Heatsinks"],"picked":"Defragment","floor":21.0},{"not_picked":["Double Energy","Reinforced Body+1"],"picked":"Loop","floor":22.0}],"player_experience":491501,"relics_obtained":[{"floor":7.0,"key":"Juzu Bracelet"},{"floor":9.0,"key":"Pear"},{"floor":12.0,"key":"Darkstone Periapt"},{"floor":14.0,"key":"Mango"}],"event_choices":[{"event_name":"Shining Light","player_choice":"Entered Light","floor":2.0,"damage_taken":0.0},{"event_name":"Golden Wing","player_choice":"Ignored","floor":4.0,"damage_taken":0.0},{"event_name":"Nest","player_choice":"Stole From Cult","floor":19.0,"damage_taken":0.0}],"boss_relics":[{"not_picked":["Tiny House","Runic Pyramid"],"picked":"Orrery"}],"items_purged_floors":[],"is_endless":false,"potions_floor_spawned":[7,14,22],"killed_by":"Centurion and Healer","ascension_level":12}