{"gold_per_floor":[119,99,6,6,25,25,39,74,128,128,128,53,53,82,82,156,156,175,195,195,195,195],"floor_reached":22,"playtime":631,"items_purged":["Strike_B"],"score":430,"play_id":"3d284af2-9fac-4201-a3de-18f78bccf042","local_time":"20181228002909","is_ascension_mode":true,"campfire_choices":[{"data":"Defragment","floor":6.0,"key":"SMITH"},{"floor":11.0,"key":"REST"},{"data":"Doom and Gloom","floor":15,"key":"SMITH"}],"neow_cost":"NONE","seed_source_timestamp":4582700869508,"circlet_count":0,"master_deck":["AscendersBane","Strike_B","Strike_B","Strike_B","Defend_B+1","Defend_B","Defend_B","Defend_B","Zap","Dualcast","Gash","Defragment+1","Cold Snap+1","Doom and Gloom+1","Cold Snap","Echo Form","Buffer","Electrodynamics","Necronomicurse"],"special_seed":0,"relics":["Cracked Core","Pen Nib","Oddly Smooth Stone","FossilizedHelix","Vajra","Letter Opener","Philosopher\u0027s Stone","Meat on the Bone","Necronomicon"],"potions_floor_usage":[],"damage_taken":[{"damage":7.0,"enemies":"Jaw Worm","floor":1.0,"turns":3.0},{"damage":0.0,"enemies":"Cultist","floor":5.0,"turns":3.0},{"damage":0.0,"enemies":"2 Louse","floor":7.0,"turns":2.0},{"damage":20.0,"enemies":"Lagavulin","floor":8.0,"turns":8.0},{"damage":0,"enemies":"Gremlin Nob","floor":14,"turns":4},{"damage":20,"enemies":"Hexaghost","floor":16,"turns":7},{"damage":15,"enemies":"Spheric Guardian","floor":18,"turns":4},{"damage":9,"enemies":"Shell Parasite","floor":19,"turns":5},{"damage":15,"enemies":"Colosseum Slavers","floor":22,"turns":1}],"seed_played":"904163707459379276","potions_obtained":[{"floor":2.0,"key":"SpeedPotion"},{"floor":5.0,"key":"FearPotion"},{"floor":8.0,"key":"Ancient Potion"}],"is_trial":false,"path_per_floor":["M","?","$","T","M","R","M","E","T","?","R","$","$","E","R","B",null,"M","M","T","?","?"],"character_chosen":"DEFECT","items_purchased":["Defragment","Cold Snap"],"campfire_rested":1,"item_purchase_floors":[3,3],"current_hp_per_floor":[57,57,57,57,57,57,57,37,37,16,37,37,37,37,37,17,58,43,34,34,13,0],"gold":195,"neow_bonus":"RANDOM_COMMON_RELIC","is_prod":false,"is_daily":false,"chose_seed":false,"campfire_upgraded":2,"win_rate":0,"timestamp":1545924549,"path_taken":["M","?","?","?","M","R","M","E","T","?","R","?","$","E","R","BOSS","M","M","?","?","?"],"build_version":"2018-12-20","purchased_purges":1,"victory":false,"max_hp_per_floor":[71,71,71,71,71,71,71,71,71,71,71,71,71,71,71,71,71,71,71,71,71,71],"card_choices":[{"not_picked":["Barrage","Aggregate"],"picked":"Gash","floor":1.0},{"not_picked":["Heatsinks","Go for the Eyes"],"picked":"Doom and Gloom","floor":5.0},{"not_picked":["Redo","Hologram"],"picked":"Cold Snap","floor":7.0},{"not_picked":["Redo","Sweeping Beam","Steam"],"picked":"SKIP","floor":8.0},{"not_picked":["Genetic Algorithm","Gash"],"picked":"Echo Form","floor":14},{"not_picked":["Meteor Strike","All For One"],"picked":"Buffer","floor":16},{"not_picked":["Streamline","Melter","Redo"],"picked":"SKIP","floor":18},{"not_picked":["Barrage","Chill"],"picked":"Electrodynamics","floor":19}],"player_experience":870630,"relics_obtained":[{"floor":4.0,"key":"Oddly Smooth Stone"},{"floor":8.0,"key":"FossilizedHelix"},{"floor":9.0,"key":"Vajra"},{"floor":14,"key":"Letter Opener"},{"floor":20,"key":"Meat on the Bone"},{"floor":21,"key":"Necronomicon"}],"event_choices":[{"damage_healed":0.0,"max_hp_gain":0.0,"max_hp_loss":0.0,"gold_gain":0.0,"event_name":"The Woman in Blue","player_choice":"Bought 1 Potion","floor":2.0,"gold_loss":0.0,"damage_taken":0.0},{"damage_healed":0.0,"max_hp_gain":0.0,"max_hp_loss":0.0,"gold_gain":0.0,"event_name":"Shining Light","player_choice":"Entered Light","floor":10.0,"gold_loss":0.0,"damage_taken":21.0,"cards_upgraded":["Cold Snap","Defend_B"]},{"damage_healed":0,"gold_gain":0,"player_choice":"Obtained Book","damage_taken":21,"max_hp_gain":0,"max_hp_loss":0,"event_name":"Cursed Tome","floor":21,"gold_loss":0},{"damage_healed":0,"gold_gain":0,"player_choice":"Fight","damage_taken":0,"max_hp_gain":0,"max_hp_loss":0,"event_name":"Colosseum","floor":22,"gold_loss":0}],"is_beta":false,"boss_relics":[{"not_picked":["Busted Crown","Tiny House"],"picked":"Philosopher\u0027s Stone"}],"items_purged_floors":[12],"is_endless":false,"potions_floor_spawned":[5,8,16,19],"killed_by":"Colosseum Slavers","ascension_level":20}