{"gold_per_floor":[114,126,29,29,45,45,65,75,75,250,250,260,260,31,31,132,132,145,0,0,0,18,18,37,37,61,25,25,44,56,56],"floor_reached":31,"playtime":1497,"items_purged":["Strike_G","Pain"],"score":225,"play_id":"a154db56-c110-481b-9780-08340da6ba4b","local_time":"20181028222934","is_ascension_mode":false,"campfire_choices":[{"data":"Neutralize","floor":6,"key":"SMITH"},{"data":"Outmaneuver","floor":11,"key":"SMITH"},{"floor":15,"key":"REST"},{"floor":23,"key":"REST"},{"data":"Infinite Blades","floor":28,"key":"SMITH"}],"neow_cost":"NONE","seed_source_timestamp":1485667776632233,"circlet_count":0,"master_deck":["Defend_G","Defend_G","Defend_G","Defend_G","Defend_G","Strike_G","Strike_G","Strike_G","Strike_G","Survivor","Neutralize+1","Outmaneuver+1","Catalyst","Dagger Spray","Slice","Deadly Poison","Skewer","Doubt","Slice","Noxious Fumes","Poisoned Stab","Burst","Slice","Poisoned Stab+1","Well Laid Plans","Infinite Blades+1","Backflip","Deflect"],"relics":["Eternal Feather","WarpedTongs","Odd Mushroom","Mummified Hand","WristBlade","Strawberry","Orichalcum"],"potions_floor_usage":[5,7,16,16,16,30,31],"damage_taken":[{"damage":0,"enemies":"2 Louse","floor":1,"turns":4},{"damage":1,"enemies":"Cultist","floor":2,"turns":5},{"damage":6,"enemies":"Jaw Worm","floor":5,"turns":5},{"damage":10,"enemies":"The Mushroom Lair","floor":7,"turns":4},{"damage":21,"enemies":"3 Louse","floor":8,"turns":5},{"damage":21,"enemies":"Exordium Thugs","floor":12,"turns":4},{"damage":24,"enemies":"The Guardian","floor":16,"turns":9},{"damage":21,"enemies":"Spheric Guardian","floor":18,"turns":5},{"damage":22,"enemies":"3 Byrds","floor":22,"turns":6},{"damage":28,"enemies":"Centurion and Healer","floor":24,"turns":5},{"damage":41,"enemies":"Shelled Parasite and Fungi","floor":29,"turns":6},{"damage":7,"enemies":"3 Cultists","floor":30,"turns":5},{"damage":0,"enemies":"Sentry and Sphere","floor":31,"turns":2}],"seed_played":"4233033013729611259","potions_obtained":[{"floor":2,"key":"EssenceOfSteel"},{"floor":5,"key":"Poison Potion"},{"floor":12,"key":"GhostInAJar"},{"floor":13,"key":"SteroidPotion"},{"floor":13,"key":"EssenceOfSteel"},{"floor":29,"key":"Fire Potion"},{"floor":30,"key":"SteroidPotion"}],"is_trial":false,"path_per_floor":["M","M","$","?","M","R","?","M","T","?","R","M","?","$","R","B",null,"M","?","?","$","M","R","M","?","T","$","R","M","M"],"character_chosen":"THE_SILENT","items_purchased":["Dagger Spray","Noxious Fumes","Poisoned Stab","Infinite Blades"],"campfire_rested":2,"item_purchase_floors":[3,14,14,27],"current_hp_per_floor":[70,69,69,69,63,70,60,39,39,39,48,27,27,27,60,36,70,49,49,49,49,27,60,32,39,39,39,54,13,6,6],"gold":56,"neow_bonus":"BOSS_RELIC","is_prod":false,"is_daily":false,"chose_seed":false,"campfire_upgraded":3,"win_rate":0.0,"timestamp":1540718974,"path_taken":["M","M","$","?","M","R","?","?","T","?","R","M","?","$","R","BOSS","M","?","?","$","M","R","M","?","T","?","R","M","?","M"],"build_version":"2018-10-25v2","purchased_purges":2,"victory":false,"max_hp_per_floor":[70,70,70,70,70,70,70,70,70,70,70,70,70,70,70,70,70,70,70,70,70,70,70,70,77,77,77,77,77,77,77],"card_choices":[{"not_picked":["Flying Knee","Sucker Punch"],"picked":"Outmaneuver","floor":1},{"not_picked":["Cloak And Dagger","Dagger Spray"],"picked":"Catalyst","floor":2},{"not_picked":["Bane","Concentrate"],"picked":"Slice","floor":5},{"not_picked":["Deflect","Dodge and Roll"],"picked":"Deadly Poison","floor":7},{"not_picked":["Dash","Acrobatics"],"picked":"Skewer","floor":8},{"not_picked":["Endless Agony","Storm of Steel"],"picked":"Slice","floor":12},{"not_picked":["Storm of Steel","Tools of the Trade"],"picked":"Burst","floor":16},{"not_picked":["PiercingWail+1","Sucker Punch"],"picked":"Slice","floor":18},{"not_picked":["Bullet Time","Dodge and Roll"],"picked":"Poisoned Stab+1","floor":22},{"not_picked":["Eviscerate","Tactician+1"],"picked":"Well Laid Plans","floor":24},{"not_picked":["Quick Slash+1","Distraction"],"picked":"Backflip","floor":29},{"not_picked":["Outmaneuver","Underhanded Strike+1"],"picked":"Deflect","floor":30}],"player_experience":279769,"relics_obtained":[{"floor":7,"key":"Odd Mushroom"},{"floor":9,"key":"Mummified Hand"},{"floor":26,"key":"Orichalcum"}],"event_choices":[{"damage_healed":0,"gold_gain":0,"player_choice":"Rummage","damage_taken":0,"relics_obtained":["WarpedTongs"],"max_hp_gain":0,"max_hp_loss":0,"event_name":"Accursed Blacksmith","floor":4,"gold_loss":0,"cards_obtained":["Pain"]},{"damage_healed":0,"gold_gain":0,"player_choice":"Fought Mushrooms","damage_taken":0,"max_hp_gain":0,"max_hp_loss":0,"event_name":"Mushrooms","floor":7,"gold_loss":0},{"damage_healed":0,"gold_gain":175,"player_choice":"AGREE","damage_taken":0,"max_hp_gain":0,"max_hp_loss":0,"event_name":"Liars Game","floor":10,"gold_loss":0,"cards_obtained":["Doubt"]},{"damage_healed":0,"gold_gain":0,"player_choice":"Got Potions","damage_taken":0,"max_hp_gain":0,"max_hp_loss":0,"event_name":"The Lab","floor":13,"gold_loss":0},{"damage_healed":0,"gold_gain":0,"player_choice":"Paid Fearfully","damage_taken":0,"max_hp_gain":0,"max_hp_loss":0,"event_name":"Masked Bandits","floor":19,"gold_loss":145},{"damage_healed":0,"gold_gain":0,"player_choice":"Ignored","damage_taken":0,"max_hp_gain":0,"max_hp_loss":0,"event_name":"Vampires","floor":20,"gold_loss":0},{"damage_healed":0,"gold_gain":0,"player_choice":"Opened","damage_taken":0,"relics_obtained":["Strawberry"],"max_hp_gain":0,"max_hp_loss":0,"event_name":"The Mausoleum","floor":25,"gold_loss":0}],"is_beta":false,"boss_relics":[{"not_picked":["Fusion Hammer","Calling Bell"],"picked":"WristBlade"}],"items_purged_floors":[3,14],"is_endless":false,"potions_floor_spawned":[2,5,12,29,30],"killed_by":"Sentry and Sphere","ascension_level":0}