{"gold_per_floor":[144,196,196,241,286,286,286,331,331,331,421,421,6,51,51,351,351,396,396,441,8,53,98,98,98,123,52,97,97,25,70,70,370,370,415,460,135,180,43,43,133,133,183,0,45,45,45,45,45,45],"floor_reached":51,"playtime":1756,"items_purged":[],"score":825,"play_id":"bc3d2e4f-2f74-44d3-ab90-fff43c8c8d40","local_time":"20180809002631","daily_mods":["Insanity","Midas","Lethality"],"is_ascension_mode":false,"campfire_choices":[{"floor":6.0,"key":"REST"},{"floor":10.0,"key":"REST"},{"floor":15.0,"key":"REST"},{"floor":25,"key":"REST"},{"floor":32,"key":"REST"},{"floor":40,"key":"REST"},{"floor":46,"key":"REST"},{"floor":49,"key":"REST"}],"neow_cost":"","seed_source_timestamp":0,"circlet_count":0,"master_deck":["Compile Driver+1","White Noise+1","Dualcast+1","Recycle+1","Loop+1","Cold Snap+1","Chill+1","Turbo+1","Cold Snap+1","Glacier+1","Rainbow+1","Chill+1","Steam Power+1","Barrage+1","Static Discharge+1","Force Field+1","Consume+1","Undo+1","Steam+1","Redo+1","Blizzard+1","Amplify+1","Sunder+1","Recycle+1","Defend_B+1","Strike_B+1","Reinforced Body+1","Fission+1","Steam+1","Go for the Eyes+1","Stack+1","Skim+1","Heatsinks+1","Melter+1","Hyperbeam+1","Undo+1","White Noise+1","Aggregate+1","Creative AI+1","Barrage+1","Lockon+1","Doom and Gloom+1","Turbo+1","Coolheaded+1","Leap+1","Scrape+1","Ball Lightning+1","Doom and Gloom+1","Steam Power+1","FTL+1","Hologram+1","Stack+1","Hyperbeam+1","Stack+1","Defragment+1","Magnetism+1","Double Energy+1","Machine Learning+1","Stack+1","Chill+1","All For One+1","Leap+1","Coolheaded+1","Ball Lightning+1","Fusion+1","Compile Driver+1","FTL+1","Defragment+1","Aggregate+1","All For One+1","Core Surge+1","Hologram+1","Capacitor+1","Conserve Battery+1","Chill+1","Sunder+1","Capacitor+1","Cold Snap+1","Consume+1","Storm+1","Mind Blast+1"],"special_seed":17752,"relics":["Cracked Core","Pantograph","Regal Pillow","Orichalcum","Fusion Hammer","DataDisk","Potion Belt","Enchiridion","Bronze Scales","Snecko Eye","Ice Cream","Lantern","Omamori","Red Mask","Mark of the Bloom"],"potions_floor_usage":[20,22,23,23,33,50,50],"damage_taken":[{"damage":10.0,"enemies":"Jaw Worm","floor":1.0,"turns":2.0},{"damage":4.0,"enemies":"Small Slimes","floor":4.0,"turns":2.0},{"damage":0.0,"enemies":"Cultist","floor":5.0,"turns":3.0},{"damage":0.0,"enemies":"Lots of Slimes","floor":8.0,"turns":1.0},{"damage":1.0,"enemies":"Gremlin Nob","floor":11.0,"turns":4.0},{"damage":11.0,"enemies":"2 Fungi Beasts","floor":14.0,"turns":3.0},{"damage":58.0,"enemies":"Hexaghost","floor":16.0,"turns":9.0},{"damage":39,"enemies":"3 Byrds","floor":18,"turns":6},{"damage":0,"enemies":"2 Thieves","floor":20,"turns":1},{"damage":12,"enemies":"Snecko","floor":22,"turns":3},{"damage":8,"enemies":"Snake Plant","floor":23,"turns":6},{"damage":3,"enemies":"Cultist and Chosen","floor":28,"turns":7},{"damage":0,"enemies":"Centurion and Healer","floor":31,"turns":5},{"damage":25,"enemies":"Automaton","floor":33,"turns":10},{"damage":0,"enemies":"Flame Bruiser 1 Orb","floor":35,"turns":4},{"damage":0,"enemies":"Orb Walker","floor":36,"turns":2},{"damage":0,"enemies":"Maw","floor":38,"turns":5},{"damage":19,"enemies":"Nemesis","floor":41,"turns":7},{"damage":0,"enemies":"Jaw Worm Horde","floor":45,"turns":2},{"damage":39,"enemies":"Awakened One","floor":50,"turns":9}],"seed_played":"-5890948259059833138","potions_obtained":[{"floor":3.0,"key":"Explosive Potion"},{"floor":3.0,"key":"EssenceOfSteel"},{"floor":3.0,"key":"Fire Potion"},{"floor":22,"key":"FocusPotion"},{"floor":28,"key":"Fire Potion"},{"floor":33,"key":"PowerPotion"},{"floor":38,"key":"Strength Potion"},{"floor":41,"key":"Poison Potion"},{"floor":45,"key":"Poison Potion"}],"is_trial":false,"path_per_floor":["M","?","?","M","M","R","?","M","T","R","E","?","$","M","R","B",null,"M","?","M","$","M","M","?","R","T","$","M","?","$","M","R","B",null,"M","M","$","M","$","R","E","?","T","?","M","R","?","?","R","B"],"character_chosen":"DEFECT","items_purchased":["Defragment","Magnetism","Orichalcum","All For One","Leap","Coolheaded","Ball Lightning","Potion Belt","FTL","Aggregate","Ice Cream","Conserve Battery","Sunder","Capacitor"],"campfire_rested":8,"item_purchase_floors":[13,13,13,21,21,21,21,21,27,30,37,37,39,39],"current_hp_per_floor":[65,65,65,61,61,75,75,75,75,75,74,59,59,48,75,17,75,43,43,43,43,31,30,14,51,51,51,55,55,55,62,75,57,75,75,75,75,75,75,75,56,56,56,56,56,75,75,75,75,36],"gold":45,"neow_bonus":"","is_prod":false,"is_daily":true,"chose_seed":false,"campfire_upgraded":0,"win_rate":0,"timestamp":1533799591,"path_taken":["M","?","?","M","M","R","?","M","T","R","E","?","$","M","R","BOSS","M","?","M","$","?","M","?","R","T","?","M","?","$","M","R","BOSS","M","M","$","M","$","R","E","?","T","?","?","R","?","?","R","BOSS"],"build_version":"2018-08-07v3","purchased_purges":0,"victory":true,"max_hp_per_floor":[75,75,75,75,75,75,75,75,75,75,75,75,75,75,75,75,75,75,75,75,75,75,75,75,75,75,75,75,75,75,75,75,75,75,75,75,75,75,75,75,75,75,75,75,75,75,75,75,75,75],"card_choices":[{"not_picked":["Gash","Hologram"],"picked":"FTL","floor":1.0},{"not_picked":["Loop","Tempest"],"picked":"Hologram","floor":4.0},{"not_picked":["Gash","Ball Lightning"],"picked":"Stack","floor":5.0},{"not_picked":["Coolheaded","Beam Cell"],"picked":"Hyperbeam","floor":8.0},{"not_picked":["Compile Driver","Steam Power"],"picked":"Stack","floor":11.0},{"not_picked":["Streamline","Steam"],"picked":"Double Energy","floor":14.0},{"not_picked":["Amplify","Core Surge"],"picked":"Machine Learning","floor":16.0},{"not_picked":["Self Repair+1","FTL"],"picked":"Stack","floor":18},{"not_picked":["Consume","Conserve Battery+1"],"picked":"Chill","floor":20},{"not_picked":["Coolheaded","Melter+1"],"picked":"Fusion","floor":22},{"not_picked":["Barrage","Steam"],"picked":"Compile Driver+1","floor":23},{"not_picked":["Gash","Rebound"],"picked":"Defragment+1","floor":28},{"not_picked":["Blizzard","Double Energy+1"],"picked":"All For One","floor":31},{"not_picked":["Creative AI","Electrodynamics"],"picked":"Core Surge","floor":33},{"not_picked":["Scrape+1","Rip and Tear+1"],"picked":"Hologram+1","floor":35},{"not_picked":["Rebound+1","Force Field"],"picked":"Capacitor","floor":36},{"not_picked":["Sweeping Beam+1","Melter+1"],"picked":"Chill","floor":38},{"not_picked":["Static Discharge","Self Repair+1"],"picked":"Cold Snap","floor":41},{"not_picked":["Go for the Eyes","Steam Power+1"],"picked":"Consume+1","floor":45}],"player_experience":774949,"relics_obtained":[{"floor":9.0,"key":"Pantograph"},{"floor":11.0,"key":"Regal Pillow"},{"floor":24,"key":"Enchiridion"},{"floor":26,"key":"Bronze Scales"},{"floor":41,"key":"Lantern"},{"floor":43,"key":"Omamori"}],"event_choices":[{"event_name":"Golden Wing","player_choice":"Gained Gold","floor":2.0,"damage_taken":0.0},{"event_name":"The Lab","player_choice":"Got Potions","floor":3.0,"damage_taken":0.0},{"event_name":"Accursed Blacksmith","player_choice":"Forge","floor":7.0,"damage_taken":0.0},{"event_name":"Shining Light","player_choice":"Entered Light","floor":12.0,"damage_taken":0.0},{"event_name":"The Mausoleum","player_choice":"Yes","floor":19,"damage_taken":0},{"event_name":"Cursed Tome","player_choice":"Obtained Book","floor":24,"damage_taken":0},{"event_name":"Drug Dealer","player_choice":"Ignored","floor":29,"damage_taken":0},{"event_name":"Falling","player_choice":"Removed Power","floor":42,"damage_taken":0},{"event_name":"Tomb of Lord Red Mask","player_choice":"Paid","floor":44,"damage_taken":0},{"event_name":"Match and Keep!","player_choice":"2 cards matched","floor":47,"damage_taken":0},{"event_name":"MindBloom","player_choice":"Upgrade","floor":48,"damage_taken":0}],"is_beta":true,"boss_relics":[{"not_picked":["Runic Dome","Cursed Key"],"picked":"Fusion Hammer"},{"not_picked":["FrozenCore","Orrery"],"picked":"Snecko Eye"}],"items_purged_floors":[],"is_endless":false,"potions_floor_spawned":[5,11,14,16,22,28,33,38,41,45],"ascension_level":0}