{"path_per_floor":["M","M","$","?","?","E","R","?","T","M","M","E","R","M","R","B",null,"M","M","$","?","M","E","R","?","T","T","M","?","$","?","R"],"character_chosen":"IRONCLAD","items_purchased":["Molten Egg 2","Vajra"],"gold_per_floor":[109,121,46,46,46,77,77,77,77,97,110,141,141,159,159,263,263,278,289,36,36,47,75,75,75,154,180,192,192,38,38,38],"floor_reached":33,"campfire_rested":2,"playtime":1209,"current_hp_per_floor":[84,88,88,88,88,73,73,66,66,72,78,82,82,81,81,62,88,86,72,72,72,36,18,45,45,45,45,24,55,55,55,83],"items_purged":["Strike_R"],"gold":38,"score":300,"play_id":"246fc894-d0f9-4c19-9807-5104b3c81cbe","local_time":"20180314092555","is_prod":false,"is_daily":false,"is_ascension_mode":true,"campfire_upgraded":3,"timestamp":1521015955,"path_taken":["M","M","$","?","?","E","R","?","T","?","M","E","R","M","R","BOSS","M","M","$","?","M","E","R","?","T","?","M","?","?","?","R","BOSS"],"build_version":"2018-03-09","purchased_purges":1,"victory":false,"master_deck":["Strike_R","Strike_R","Defend_R","Defend_R","Defend_R+1","Defend_R","Bash","Spot Weakness+1","Metallicize","Second Wind+1","Power Through","Spot Weakness","Sword Boomerang+1","Pummel+1","Feed","Inflame+1","Ghostly Armor+1","Clothesline+1","Ghostly Armor","Pummel+1"],"max_hp_per_floor":[88,88,88,88,88,88,88,88,88,88,88,88,88,88,88,88,88,91,91,91,91,91,91,91,91,91,91,94,94,94,94,94],"relics":["Burning Blood","War Paint","Orichalcum","Torii","Juzu Bracelet","Philosopher\u0027s Stone","Molten Egg 2","Letter Opener","Tiny Chest","Bronze Scales","Vajra"],"card_choices":[{"not_picked":["Power Through","Flex"],"picked":"Spot Weakness"},{"not_picked":["Clothesline","Immolate"],"picked":"Metallicize"},{"not_picked":["Metallicize","Flex"],"picked":"Power Through"},{"not_picked":["Headbutt","Armaments"],"picked":"Spot Weakness"},{"not_picked":["Perfected Strike","Iron Wave"],"picked":"Sword Boomerang"},{"not_picked":["Battle Trance","Iron Wave"],"picked":"Pummel"},{"not_picked":["Fiend Fire","Dark Embrace"],"picked":"Feed"},{"not_picked":["Havoc","Perfected Strike"],"picked":"Inflame"},{"not_picked":["Armaments","Reckless Charge"],"picked":"Ghostly Armor"},{"not_picked":["Intimidate","Wild Strike"],"picked":"Clothesline"},{"not_picked":["Battle Trance","Whirlwind"],"picked":"Ghostly Armor"}],"player_experience":88313,"potions_floor_usage":[6,14,23,23,23],"damage_taken":[{"damage":10,"enemies":"Jaw Worm","floor":1,"turns":5},{"damage":1,"enemies":"Cultist","floor":2,"turns":4},{"damage":21,"enemies":"Lagavulin","floor":6,"turns":8},{"damage":0,"enemies":"2 Louse","floor":10,"turns":4},{"damage":0,"enemies":"Blue Slaver","floor":11,"turns":6},{"damage":2,"enemies":"3 Sentries","floor":12,"turns":6},{"damage":7,"enemies":"Lots of Slimes","floor":14,"turns":3},{"damage":25,"enemies":"The Guardian","floor":16,"turns":6},{"damage":11,"enemies":"2 Thieves","floor":18,"turns":3},{"damage":20,"enemies":"Chosen","floor":19,"turns":6},{"damage":42,"enemies":"Snake Plant","floor":22,"turns":4},{"damage":24,"enemies":"Gremlin Leader","floor":23,"turns":7},{"damage":30,"enemies":"Snecko","floor":28,"turns":6},{"damage":96,"enemies":"Collector","floor":33,"turns":10}],"event_choices":[{"event_name":"Transmorgrifier","player_choice":"Transform","floor":4,"damage_taken":0},{"event_name":"Accursed Blacksmith","player_choice":"Rummage","floor":5,"damage_taken":0},{"event_name":"Golden Wing","player_choice":"Card Removal","floor":8,"damage_taken":0},{"event_name":"Fountain of Cleansing","player_choice":"Removed Curse","floor":21,"damage_taken":0},{"event_name":"Addict","player_choice":"Ignored","floor":25,"damage_taken":0},{"event_name":"The Library","player_choice":"Heal","floor":29,"damage_taken":0},{"event_name":"Duplicator","player_choice":"One dupe","floor":31,"damage_taken":0}],"boss_relics":[{"not_picked":["Runic Cube","Black Star"],"picked":"Philosopher\u0027s Stone"}],"potions_floor_spawned":[1,6,11,16,18,19,23],"seed_played":"-5236978821213432414","killed_by":"Collector","ascension_level":2,"is_trial":false}