{"gold_per_floor":[115,115,138,156,88,88,108,29,29,44,87,106,106,106,106,106],"floor_reached":16,"playtime":821,"items_purged":[],"score":102,"play_id":"956c315f-eb23-468a-b1d1-0dd5947afdb0","local_time":"20181016220046","is_ascension_mode":false,"campfire_choices":[{"data":"Infinite Blades","floor":6,"key":"SMITH"},{"floor":13,"key":"REST"},{"floor":15,"key":"REST"}],"neow_cost":"NONE","seed_source_timestamp":447776589082653,"circlet_count":0,"master_deck":["Defend_G","Defend_G","Defend_G","Defend_G","Defend_G","Strike_G","Strike_G","Strike_G","Strike_G","Strike_G","Survivor","Neutralize","Infinite Blades+1","Poisoned Stab","Injury","Catalyst","Dagger Throw","A Thousand Cuts","Storm of Steel","Corpse Explosion","Backflip","Burst"],"relics":["Ring of the Snake","Golden Idol","Pantograph","Molten Egg 2"],"potions_floor_usage":[7,11,12],"damage_taken":[{"damage":0,"enemies":"Jaw Worm","floor":1,"turns":5},{"damage":2,"enemies":"2 Louse","floor":3,"turns":4},{"damage":8,"enemies":"Cultist","floor":4,"turns":4},{"damage":7,"enemies":"Lots of Slimes","floor":7,"turns":2},{"damage":22,"enemies":"Looter","floor":10,"turns":4},{"damage":19,"enemies":"3 Sentries","floor":11,"turns":7},{"damage":5,"enemies":"Red Slaver","floor":12,"turns":3},{"damage":67,"enemies":"Slime Boss","floor":16,"turns":7}],"seed_played":"-4607433500597174491","potions_obtained":[{"floor":3,"key":"AttackPotion"},{"floor":10,"key":"GhostInAJar"},{"floor":11,"key":"EssenceOfSteel"}],"is_trial":false,"path_per_floor":["M","?","M","M","$","R","M","$","T","M","E","M","R","?","R"],"character_chosen":"THE_SILENT","items_purchased":["A Thousand Cuts","Corpse Explosion"],"campfire_rested":2,"item_purchase_floors":[5,8],"current_hp_per_floor":[70,70,68,60,60,60,53,53,53,31,12,7,28,21,42,0],"gold":106,"neow_bonus":"THREE_CARDS","is_prod":false,"is_daily":false,"chose_seed":false,"campfire_upgraded":1,"win_rate":0.0,"timestamp":1539680446,"path_taken":["M","?","M","M","$","R","M","?","T","M","E","?","R","?","R","BOSS"],"build_version":"2018-10-11","purchased_purges":0,"victory":false,"max_hp_per_floor":[70,70,70,70,70,70,70,70,70,70,70,70,70,70,70,70],"card_choices":[{"not_picked":["Dagger Spray","Cloak And Dagger"],"picked":"Infinite Blades","floor":0},{"not_picked":["Dodge and Roll","Cloak And Dagger"],"picked":"Poisoned Stab","floor":1},{"not_picked":["Cloak And Dagger","Slice"],"picked":"Catalyst","floor":3},{"not_picked":["Blade Dance","Dodge and Roll"],"picked":"Dagger Throw","floor":4},{"not_picked":["Dagger Spray","Masterful Stab"],"picked":"Storm of Steel","floor":7},{"not_picked":["Deflect","Masterful Stab","Prepared"],"picked":"SKIP","floor":10},{"not_picked":["Flying Knee","Prepared"],"picked":"Backflip","floor":11},{"not_picked":["Dash+1","Deadly Poison"],"picked":"Burst","floor":12}],"player_experience":95435,"relics_obtained":[{"floor":9,"key":"Pantograph"},{"floor":11,"key":"Molten Egg 2"}],"event_choices":[{"event_name":"Golden Idol","player_choice":"Take Wound","floor":2,"damage_taken":0},{"event_name":"Wheel of Change","player_choice":"Damage","floor":14,"damage_taken":0}],"is_beta":false,"boss_relics":[],"items_purged_floors":[],"is_endless":false,"potions_floor_spawned":[3,10,11],"killed_by":"Slime Boss","ascension_level":0}