{"path_per_floor":["M","M","?","M","$","E","?","E","T","E","M","$","M","M","R","B",null,"M","M","?","M","?","M","R","M","T"],"character_chosen":"THE_SILENT","items_purchased":["Happy Flower","Sadistic Nature","Blur"],"gold_per_floor":[212,226,476,491,42,76,76,109,109,141,154,54,64,76,76,180,180,197,208,208,226,226,241,241,256,283],"floor_reached":27,"campfire_rested":1,"playtime":5108,"current_hp_per_floor":[61,60,60,60,60,51,51,30,30,18,14,14,14,14,50,46,70,57,57,57,45,45,45,45,20,20],"items_purged":["Regret","Regret"],"gold":283,"score":237,"play_id":"892110dc-84c6-4b06-a9f6-c250f46e8322","local_time":"20180319011252","is_prod":false,"is_daily":false,"is_ascension_mode":false,"campfire_upgraded":1,"timestamp":1521418372,"path_taken":["M","M","?","M","$","E","?","E","T","E","M","?","M","M","R","BOSS","M","M","?","M","?","M","R","?","T","M"],"build_version":"2018-03-15v3","purchased_purges":2,"victory":false,"master_deck":["Defend_G","Defend_G","Defend_G","Defend_G","Defend_G","Strike_G","Strike_G","Strike_G","Strike_G","Strike_G","Survivor","Neutralize","Blur","Prepared","Noxious Fumes+1","Sadistic Nature","Blur","Quick Slash","Catalyst","Leg Sweep","PiercingWail","Poisoned Stab","Tools of the Trade","Deadly Poison","Quick Slash+1","Die Die Die","Outmaneuver","Deadly Poison","Escape Plan","PiercingWail+1","Injury"],"max_hp_per_floor":[70,70,70,70,70,70,70,70,70,70,70,70,70,70,70,70,70,70,70,70,70,70,70,70,70,70],"relics":["Ring of the Snake","Happy Flower","Tingsha","Regal Pillow","Art of War","Ice Cream","Bottled Tornado","Cursed Key","Singing Bowl"],"card_choices":[{"not_picked":["Deadly Poison","Terror"],"picked":"Blur"},{"not_picked":["Expertise","Dagger Throw"],"picked":"Prepared"},{"not_picked":["Distraction","Acrobatics"],"picked":"Noxious Fumes"},{"not_picked":["Accuracy","Slice"],"picked":"Quick Slash"},{"not_picked":["Prepared","Crippling Poison"],"picked":"Catalyst"},{"not_picked":["Flying Knee","Choke"],"picked":"Leg Sweep"},{"not_picked":["Flying Knee","Riddle With Holes"],"picked":"PiercingWail"},{"not_picked":["Eviscerate","Deflect"],"picked":"Poisoned Stab"},{"not_picked":["Wraith Form","After Image"],"picked":"Tools of the Trade"},{"not_picked":["Underhanded Strike","Quick Slash"],"picked":"Deadly Poison"},{"not_picked":["Backflip","Grand Finale"],"picked":"Quick Slash"},{"not_picked":["Flechettes","Outmaneuver"],"picked":"Deadly Poison"},{"not_picked":["Endless Agony","Heel Hook"],"picked":"Escape Plan"},{"not_picked":["Slice","Dodge and Roll"],"picked":"PiercingWail"}],"player_experience":182169,"potions_floor_usage":[16,16,16,25],"damage_taken":[{"damage":9,"enemies":"Jaw Worm","floor":1,"turns":5},{"damage":1,"enemies":"Cultist","floor":2,"turns":5},{"damage":0,"enemies":"2 Louse","floor":4,"turns":4},{"damage":9,"enemies":"3 Sentries","floor":6,"turns":8},{"damage":21,"enemies":"Gremlin Nob","floor":8,"turns":5},{"damage":12,"enemies":"Lagavulin","floor":10,"turns":8},{"damage":4,"enemies":"Looter","floor":11,"turns":4},{"damage":0,"enemies":"Blue Slaver","floor":13,"turns":4},{"damage":0,"enemies":"3 Louse","floor":14,"turns":3},{"damage":4,"enemies":"Slime Boss","floor":16,"turns":6},{"damage":13,"enemies":"Spheric Guardian","floor":18,"turns":6},{"damage":0,"enemies":"Shell Parasite","floor":19,"turns":5},{"damage":12,"enemies":"Snake Plant","floor":21,"turns":5},{"damage":0,"enemies":"Snecko","floor":23,"turns":5},{"damage":25,"enemies":"Cultist and Chosen","floor":25,"turns":7},{"damage":20,"enemies":"Slaver and Parasite","floor":27,"turns":3}],"event_choices":[{"event_name":"Golden Shrine","player_choice":"Desecrate","floor":3,"damage_taken":0},{"event_name":"Big Fish","player_choice":"Box","floor":7,"damage_taken":0},{"event_name":"Match and Keep!","player_choice":"2 cards matched","floor":20,"damage_taken":0},{"event_name":"Beggar","player_choice":"Ignored","floor":22,"damage_taken":0}],"boss_relics":[{"not_picked":["The Specimen","Velvet Choker"],"picked":"Cursed Key"}],"potions_floor_spawned":[4,6,8,13,14,18,21,25],"seed_played":"-4400489818829612486","killed_by":"Slaver and Parasite","ascension_level":0,"is_trial":false}