{"gold_per_floor":[111,130,19,19,39,64,64,64,89,89,113,113,128,149,149,240,240,259,174,95,116,43,43,58,58,58,58,74,0,0,16,16,16],"floor_reached":33,"playtime":1110,"items_purged":[],"score":420,"play_id":"3d6951eb-6ef8-4e6a-9edf-ffaca37c93c3","local_time":"20181003232906","is_ascension_mode":true,"campfire_choices":[{"data":"Perfected Strike","floor":7,"key":"SMITH"},{"data":"Armaments","floor":12,"key":"SMITH"},{"data":"Blood for Blood","floor":15,"key":"SMITH"},{"floor":23,"key":"REST"},{"floor":30,"key":"REST"},{"floor":32,"key":"REST"}],"neow_cost":"NONE","seed_source_timestamp":4052258159815,"circlet_count":0,"master_deck":["Strike_R","Strike_R","Strike_R","Strike_R","Strike_R","Defend_R+1","Defend_R","Defend_R","Defend_R","Bash","AscendersBane","Perfected Strike+1","Blood for Blood+1","Armaments+1","Power Through+1","Evolve","Shockwave","Impervious","Shrug It Off","Whirlwind","Perfected Strike","Bludgeon","Offering","Reckless Charge","Flame Barrier","Inflame","Battle Trance"],"relics":["Burning Blood","Red Skull","Bag of Preparation","Golden Idol","War Paint","Orichalcum","Fusion Hammer","Centennial Puzzle","Question Card","Enchiridion"],"potions_floor_usage":[33,33],"damage_taken":[{"damage":3,"enemies":"2 Louse","floor":1,"turns":3},{"damage":6,"enemies":"Cultist","floor":2,"turns":3},{"damage":3,"enemies":"Jaw Worm","floor":5,"turns":4},{"damage":25,"enemies":"3 Sentries","floor":6,"turns":7},{"damage":8,"enemies":"Looter","floor":11,"turns":3},{"damage":2,"enemies":"Gremlin Gang","floor":13,"turns":9},{"damage":2,"enemies":"Large Slime","floor":14,"turns":7},{"damage":23,"enemies":"The Guardian","floor":16,"turns":11},{"damage":1,"enemies":"3 Byrds","floor":18,"turns":4},{"damage":6,"enemies":"Shell Parasite","floor":21,"turns":3},{"damage":6,"enemies":"Snake Plant","floor":24,"turns":3},{"damage":8,"enemies":"Centurion and Healer","floor":28,"turns":4},{"damage":19,"enemies":"Shelled Parasite and Fungi","floor":31,"turns":3},{"damage":76,"enemies":"Collector","floor":33,"turns":9}],"seed_played":"5600025036912922200","potions_obtained":[{"floor":1,"key":"Regen Potion"},{"floor":6,"key":"AttackPotion"},{"floor":13,"key":"Strength Potion"},{"floor":16,"key":"PowerPotion"}],"is_trial":false,"path_per_floor":["M","M","$","?","M","E","R","?","T","?","M","R","M","M","R","B",null,"M","?","$","M","$","R","M","$","T","?","M","?","R","M","R"],"character_chosen":"IRONCLAD","items_purchased":["Power Through","Evolve","Offering","Flame Barrier"],"campfire_rested":3,"item_purchase_floors":[3,3,20,22],"current_hp_per_floor":[71,71,71,71,74,55,55,55,55,48,46,46,50,54,54,37,61,66,66,66,66,66,69,69,69,69,53,51,51,69,56,69,0],"gold":16,"neow_bonus":"THREE_CARDS","is_prod":false,"is_daily":false,"chose_seed":false,"campfire_upgraded":3,"win_rate":0,"timestamp":1538602146,"path_taken":["M","M","$","?","M","E","R","?","T","?","?","R","M","?","R","BOSS","M","?","?","M","$","R","M","$","T","?","?","?","R","M","R","BOSS"],"build_version":"2018-09-27","purchased_purges":0,"victory":false,"max_hp_per_floor":[75,75,75,75,75,75,75,69,69,69,69,69,69,69,69,69,69,69,69,69,69,69,69,69,69,69,69,69,69,69,69,69,69],"card_choices":[{"not_picked":["Seeing Red","Rupture"],"picked":"Perfected Strike","floor":0},{"not_picked":["Sentinel","Warcry"],"picked":"Blood for Blood","floor":1},{"not_picked":["Clash","Corruption"],"picked":"Armaments","floor":2},{"not_picked":["Body Slam","Second Wind"],"picked":"Shockwave","floor":5},{"not_picked":["Anger","Brutality"],"picked":"Impervious","floor":6},{"not_picked":["Anger","Burning Pact"],"picked":"Shrug It Off","floor":11},{"not_picked":["Clothesline","Burning Pact"],"picked":"Whirlwind","floor":13},{"not_picked":["Dropkick","Armaments"],"picked":"Perfected Strike","floor":14},{"not_picked":["Offering","Barricade"],"picked":"Bludgeon","floor":16},{"not_picked":["Pummel","Clothesline","Headbutt"],"picked":"SKIP","floor":18},{"not_picked":["Power Through","Havoc"],"picked":"Reckless Charge","floor":21},{"not_picked":["Havoc+1","Thunderclap","Headbutt"],"picked":"SKIP","floor":24},{"not_picked":["Sever Soul","Twin Strike","Blood for Blood"],"picked":"Inflame","floor":28},{"not_picked":["Power Through","Twin Strike","Perfected Strike"],"picked":"Battle Trance","floor":31}],"player_experience":808133,"relics_obtained":[{"floor":6,"key":"Bag of Preparation"},{"floor":9,"key":"War Paint"},{"floor":26,"key":"Question Card"},{"floor":27,"key":"Enchiridion"}],"event_choices":[{"event_name":"WeMeetAgain","player_choice":"Potion","floor":4,"damage_taken":0},{"event_name":"Golden Idol","player_choice":"Lose Max HP","floor":8,"damage_taken":0},{"event_name":"Scrap Ooze","player_choice":"success","floor":10,"damage_taken":7},{"event_name":"Addict","player_choice":"Obtained Relic","floor":19,"damage_taken":0},{"event_name":"Cursed Tome","player_choice":"Obtained Book","floor":27,"damage_taken":0},{"event_name":"Masked Bandits","player_choice":"Paid Fearfully","floor":29,"damage_taken":0}],"is_beta":false,"boss_relics":[{"not_picked":["Runic Pyramid","Runic Dome"],"picked":"Fusion Hammer"}],"items_purged_floors":[],"is_endless":false,"potions_floor_spawned":[1,6,13,14,16,18,21,28],"killed_by":"Collector","ascension_level":14}