{"gold_per_floor":[113,113,188,207,207,207,248,248,323,323,323,43,66,87,87,218,218,262,262,280,405,405,441,134,134,134,170,191,191,224,248,248,379,379,395,411,195,213,213,213,228,228,254,278,301,301,325,400,400,400],"floor_reached":51,"playtime":2796,"items_purged":[],"score":1433,"play_id":"2e4d05af-6956-44e4-b1f5-c47096f3f21e","local_time":"20190129092435","daily_mods":["SealedDeck","Vintage"],"is_ascension_mode":true,"campfire_choices":[{"data":"Clothesline","floor":6.0,"key":"SMITH"},{"data":"Metallicize","floor":8.0,"key":"SMITH"},{"data":"Cleave","floor":10.0,"key":"SMITH"},{"data":"Sword Boomerang","floor":15.0,"key":"SMITH"},{"data":"True Grit","floor":25.0,"key":"SMITH"},{"data":"Iron Wave","floor":29.0,"key":"SMITH"},{"floor":32,"key":"REST"},{"data":"Power Through","floor":40,"key":"SMITH"},{"data":"Abandon","floor":40,"key":"SMITH"},{"data":"Sentinel","floor":42,"key":"SMITH"},{"data":"Twin Strike","floor":42,"key":"SMITH"},{"data":"Battle Trance","floor":49,"key":"SMITH"},{"data":"Pommel Strike","floor":49,"key":"SMITH"}],"neow_cost":"","seed_source_timestamp":0,"circlet_count":0,"master_deck":["AscendersBane","Cleave+1","Clothesline+1","Sword Boomerang+1","Twin Strike+1","ReplayTheSpireMod:Muscle Training+1","True Grit+1","Armaments+1","Rage+1","Ghostly Armor+1","Metallicize+1","Feed+1","Dramatic Entrance+1","Limit Break+1","Power Through+1","Abandon+1","Sever Soul","Sentinel+1","Cleave+1","True Grit+1","Uppercut+1","Iron Wave+1","Reaper+1","Metallicize+1","Pommel Strike+1","Battle Trance+1"],"special_seed":0,"relics":["Burning Blood","replay:Trail_Library","Golden Idol","Golden Egg","Replay:Wax Seal","Bottled Flame","ClockworkSouvenir","War Paint","Omamori","Orrery","Tiny Chest","Replay:Towering Pillar of Hats","aspiration:HummingbirdHeart","Du-Vu Doll","Question Card","hubris:TenFootPole","Vajra","hubris:MysteriousPyramids","Darkstone Periapt","aspiration:SupercapacitiveCoin","Bottled Lightning","Bottled Tornado","Self Forming Clay","Sozu","Arrowhead","Dodecahedron","Bag of Marbles","Strawberry","Art of War","Simple Rune","Potion Belt","hubris:Teleporter","ReplayFunnel","Chameleon Ring"],"potions_floor_usage":[33,50,50],"damage_taken":[{"damage":2.0,"enemies":"Small Slimes","floor":1.0,"turns":3.0},{"damage":0.0,"enemies":"2 Louse","floor":4.0,"turns":1.0},{"damage":16.0,"enemies":"Gremlin Nob","floor":7.0,"turns":4.0},{"damage":0.0,"enemies":"Jaw Worm","floor":13.0,"turns":2.0},{"damage":0.0,"enemies":"Blue Slaver","floor":14.0,"turns":4.0},{"damage":15.0,"enemies":"The Guardian","floor":16.0,"turns":10.0},{"damage":11.0,"enemies":"Shell Parasite","floor":18.0,"turns":7.0},{"damage":2.0,"enemies":"3 Byrds","floor":20.0,"turns":5.0},{"damage":1.0,"enemies":"Colosseum Slavers","floor":21.0,"turns":4.0},{"damage":4.0,"enemies":"Colosseum Nobs","floor":21.0,"turns":4.0},{"damage":25.0,"enemies":"Replay:Snechameleon","floor":23.0,"turns":7.0},{"damage":27.0,"enemies":"Book of Stabbing","floor":27.0,"turns":6.0},{"damage":12.0,"enemies":"Snake Plant","floor":28.0,"turns":3.0},{"damage":22,"enemies":"Slavers","floor":30,"turns":4},{"damage":1,"enemies":"Snecko","floor":31,"turns":5},{"damage":47,"enemies":"Pondfish","floor":33,"turns":13},{"damage":21,"enemies":"3 Darklings","floor":35,"turns":3},{"damage":2,"enemies":"3 Shapes","floor":36,"turns":2},{"damage":7,"enemies":"Sphere and 2 Shapes","floor":38,"turns":4},{"damage":4,"enemies":"Transient","floor":41,"turns":5},{"damage":0,"enemies":"Jaw Worm Horde","floor":44,"turns":3},{"damage":12,"enemies":"4 Shapes","floor":45,"turns":3},{"damage":8,"enemies":"Transient","floor":47,"turns":5},{"damage":11,"enemies":"hubris:GrandSnecko","floor":50,"turns":11}],"seed_played":"-4470288866138841862","potions_obtained":[{"floor":4.0,"key":"LifebloodPotion"},{"floor":7.0,"key":"Fire Potion"},{"floor":16.0,"key":"Ancient Potion"},{"floor":18.0,"key":"Strength Potion"},{"floor":21.0,"key":"Reflective Coating"},{"floor":23.0,"key":"Ancient Potion"},{"floor":31,"key":"Toxic Potion"}],"is_trial":true,"path_per_floor":["M","?","?","M","?","R","E","R","T","R","?","$","M","M","R","B",null,"M","?","M","?","?","E","$","R","T","E","M","R","E","M","R","B",null,"M","M","$","M","?","R","M","R","T","M","M","?","M","T","R","B",null],"character_chosen":"IRONCLAD","items_purchased":["ClockworkSouvenir","Dramatic Entrance","Vajra","hubris:MysteriousPyramids","Bag of Marbles","Metallicize"],"campfire_rested":1,"item_purchase_floors":[12,12,24,24,37,37],"current_hp_per_floor":[76,56,45,51,51,51,41,41,41,41,41,41,51,61,61,52,79,74,74,82,93,93,78,78,78,78,57,55,55,43,52,85,44,95,97,101,101,111,111,111,122,122,122,127,127,127,125,125,125,131],"gold":400,"neow_bonus":"","is_prod":false,"is_daily":false,"chose_seed":false,"campfire_upgraded":12,"win_rate":0,"timestamp":1548750275,"path_taken":["M","?","?","M","?","R","E","R","T","R","?","$","M","M","R","BOSS","M","?","M","?","?","E","$","R","T","E","?","R","E","M","R","BOSS","M","M","$","M","?","R","M","R","T","M","M","?","?","?","R","BOSS"],"build_version":"2019-01-23","purchased_purges":0,"victory":true,"max_hp_per_floor":[80,80,80,80,80,80,80,80,80,80,80,80,84,88,88,88,88,88,88,92,96,96,100,100,100,100,100,104,104,108,112,112,112,112,112,112,112,123,123,123,123,123,123,127,131,131,131,131,131,131],"card_choices":[{"not_picked":["Armaments","Replay:Undeath\u0027s Touch"],"picked":"Metallicize","floor":7.0},{"not_picked":["Berserk","Eclipse"],"picked":"Limit Break","floor":16.0},{"not_picked":["Combust","Anger"],"picked":"Power Through","floor":17.0},{"not_picked":["Seeing Red","ReplayTheSpireMod:Strike From Hell"],"picked":"Abandon","floor":17.0},{"not_picked":["Twin Strike","Intimidate"],"picked":"Sever Soul","floor":17.0},{"not_picked":["Pommel Strike","Heavy Blade"],"picked":"Sentinel","floor":17.0},{"not_picked":["Havoc","Headbutt"],"picked":"Cleave+1","floor":21.0},{"not_picked":["Corruption+1","hubris:SharpeningStone+1","Feed"],"picked":"Uppercut+1","floor":23.0},{"not_picked":["Hemokinesis","Wild Strike","Cleave"],"picked":"Iron Wave","floor":27.0},{"not_picked":["hubris:CleavingFinish","Combust","Eclipse","Searing Blow"],"picked":"SKIP","floor":30},{"not_picked":["Exhume","Hemogenesis","Double Tap"],"picked":"Reaper","floor":33}],"player_experience":1120802,"relics_obtained":[{"floor":1.0,"key":"aspiration:Lifesprig"},{"floor":4.0,"key":"Golden Egg"},{"floor":7.0,"key":"Replay:Wax Seal"},{"floor":9.0,"key":"Bottled Flame"},{"floor":13.0,"key":"War Paint"},{"floor":14.0,"key":"Omamori"},{"floor":18.0,"key":"Tiny Chest"},{"floor":20.0,"key":"aspiration:HummingbirdHeart"},{"floor":21.0,"key":"Du-Vu Doll"},{"floor":21.0,"key":"Question Card"},{"floor":23.0,"key":"hubris:TenFootPole"},{"floor":26.0,"key":"Darkstone Periapt"},{"floor":27.0,"key":"aspiration:SupercapacitiveCoin"},{"floor":28.0,"key":"Bottled Lightning"},{"floor":30,"key":"Bottled Tornado"},{"floor":31,"key":"Self Forming Clay"},{"floor":35,"key":"Arrowhead"},{"floor":36,"key":"Dodecahedron"},{"floor":38,"key":"Strawberry"},{"floor":41,"key":"Art of War"},{"floor":43,"key":"Simple Rune"},{"floor":44,"key":"Potion Belt"},{"floor":45,"key":"hubris:Teleporter"},{"floor":47,"key":"ReplayFunnel"},{"floor":48,"key":"Chameleon Ring"}],"event_choices":[{"damage_healed":0.0,"max_hp_gain":0.0,"max_hp_loss":0.0,"gold_gain":0.0,"event_name":"Golden Idol","player_choice":"Take Damage","floor":2.0,"gold_loss":0.0,"damage_taken":20.0,"relics_obtained":["Golden Idol"]},{"damage_healed":0.0,"max_hp_gain":0.0,"max_hp_loss":0.0,"gold_gain":75.0,"event_name":"World of Goop","player_choice":"Gather Gold","floor":3.0,"gold_loss":0.0,"damage_taken":11.0},{"damage_healed":0.0,"max_hp_gain":0.0,"max_hp_loss":0.0,"gold_gain":0.0,"event_name":"The Mausoleum","player_choice":"Opened","floor":19.0,"gold_loss":0.0,"damage_taken":0.0,"relics_obtained":["Replay:Towering Pillar of Hats"],"cards_obtained":["Writhe"]},{"damage_healed":0.0,"max_hp_gain":0.0,"max_hp_loss":0.0,"gold_gain":0.0,"event_name":"Colosseum","player_choice":"Fight","floor":21.0,"gold_loss":0.0,"damage_taken":0.0},{"damage_healed":0.0,"max_hp_gain":0.0,"max_hp_loss":0.0,"gold_gain":0.0,"event_name":"Colosseum","player_choice":"Fought Nobs","floor":21.0,"gold_loss":0.0,"damage_taken":0.0},{"damage_healed":0,"gold_gain":0,"player_choice":"0 cards matched","damage_taken":0,"max_hp_gain":0,"max_hp_loss":0,"event_name":"Match and Keep!","floor":46,"gold_loss":0,"cards_obtained":[]}],"is_beta":false,"boss_relics":[{"not_picked":["hubris:TerracottaHorce","Astrolabe"],"picked":"Orrery"},{"not_picked":["Eternal Feather","Runic Dome"],"picked":"Sozu"}],"items_purged_floors":[],"is_endless":false,"potions_floor_spawned":[4,7,16,18,21,23,31,35,41,45],"ascension_level":10}