{"path_per_floor":["M","M","?","?","T","E","R","E","T","M","$","?","M"],"character_chosen":"THE_SILENT","items_purchased":["Finesse","Dagger Throw"],"gold_per_floor":[119,129,304,304,304,331,331,364,364,381,193,258,269],"floor_reached":14,"campfire_rested":0,"playtime":2191,"current_hp_per_floor":[70,68,68,68,68,41,41,22,22,22,22,9,9],"items_purged":["Doubt"],"gold":269,"score":98,"play_id":"73308370-39dd-4571-bf4b-d23c81c221b8","local_time":"20180316213006","is_prod":false,"is_daily":false,"is_ascension_mode":false,"campfire_upgraded":0,"timestamp":1521232206,"path_taken":["M","M","?","?","?","E","R","E","T","M","$","?","M","?"],"build_version":"2018-03-15v2","purchased_purges":1,"victory":false,"master_deck":["Defend_G","Defend_G","Defend_G","Defend_G","Defend_G","Strike_G","Strike_G","Strike_G","Strike_G","Strike_G","Survivor","Neutralize","Caltrops","Cloak And Dagger","A Thousand Cuts","Accuracy","Quick Slash","Finesse+1","Dagger Throw","Dodge and Roll+1","Distraction+1"],"max_hp_per_floor":[70,70,70,70,70,70,70,70,70,70,70,70,70],"relics":["Ring of the Snake","Peace Pipe","Unceasing Top","Toxic Egg 2","Pen Nib","Frozen Eye","Bag of Preparation"],"card_choices":[{"not_picked":["Deadly Poison","Crippling Poison"],"picked":"Caltrops"},{"not_picked":["Prepared","Caltrops"],"picked":"Cloak And Dagger"},{"not_picked":["Prepared","Dagger Throw"],"picked":"A Thousand Cuts"},{"not_picked":["All Out Attack","Eviscerate"],"picked":"Accuracy"},{"not_picked":["Deadly Poison","Underhanded Strike"],"picked":"Quick Slash"},{"not_picked":["PiercingWail","Expertise"],"picked":"Dodge and Roll"},{"not_picked":["Slice","PiercingWail"],"picked":"Distraction"}],"player_experience":80375,"potions_floor_usage":[6],"damage_taken":[{"damage":0,"enemies":"2 Louse","floor":1,"turns":4},{"damage":2,"enemies":"Jaw Worm","floor":2,"turns":6},{"damage":27,"enemies":"3 Sentries","floor":6,"turns":11},{"damage":19,"enemies":"Lagavulin","floor":8,"turns":11},{"damage":0,"enemies":"Cultist","floor":10,"turns":5},{"damage":13,"enemies":"3 Sentries","floor":12,"turns":9},{"damage":0,"enemies":"Blue Slaver","floor":13,"turns":5},{"damage":12,"enemies":"Large Slime","floor":14,"turns":4}],"event_choices":[{"event_name":"Liars Game","player_choice":"agreed","floor":3,"damage_taken":0},{"event_name":"Big Fish","player_choice":"Box","floor":4,"damage_taken":0},{"event_name":"Dead Adventurer","player_choice":"Searched \u00272\u0027 times","floor":12,"damage_taken":0}],"boss_relics":[],"potions_floor_spawned":[1,8,12],"seed_played":"21527726145702243","killed_by":"Large Slime","ascension_level":0,"is_trial":false}