{"gold_per_floor":[111,18,28,203,217,248,265,265,288,288,288,301,301,316,316,437,437,422,422,31,50,50,50,70,70,70,111,111,111,129,148,148,148],"floor_reached":33,"playtime":2302,"items_purged":[],"score":267,"play_id":"bc109f88-7071-431b-81e0-002fd888b9ed","local_time":"20181230144006","is_ascension_mode":false,"campfire_choices":[{"floor":8,"key":"REST"},{"floor":10,"key":"RECALL"},{"data":"Armaments","floor":13,"key":"SMITH"},{"data":"Havoc","floor":15,"key":"SMITH"},{"data":"Flame Barrier","floor":23,"key":"SMITH"},{"data":"Dark Embrace","floor":25,"key":"SMITH"},{"floor":28,"key":"REST"},{"floor":32,"key":"REST"}],"neow_cost":"NONE","seed_source_timestamp":842339049107377,"circlet_count":0,"master_deck":["Strike_R","Strike_R","Strike_R","Strike_R","Strike_R","Defend_R","Defend_R","Defend_R+1","Defend_R+1","Bash","Flex","Shockwave","Havoc+1","Metallicize","Armaments+1","Fiend Fire","Inflame","Flex","Iron Wave","Dark Embrace+1","Shrug It Off","Flame Barrier+1","Second Wind+1","Feel No Pain+1","Body Slam","Cleave+1"],"relics":["Burning Blood","NeowsBlessing","Regal Pillow","Golden Idol","Blood Vial","War Paint","Dodecahedron","Centennial Puzzle","Nloth\u0027s Gift"],"potions_floor_usage":[12,16,18,21,22,24,27,27,33],"damage_taken":[{"damage":0,"enemies":"Cultist","floor":1,"turns":1},{"damage":0,"enemies":"Small Slimes","floor":3,"turns":1},{"damage":0,"enemies":"Jaw Worm","floor":5,"turns":1},{"damage":39,"enemies":"Lagavulin","floor":6,"turns":11},{"damage":17,"enemies":"Red Slaver","floor":7,"turns":4},{"damage":9,"enemies":"Looter","floor":12,"turns":3},{"damage":7,"enemies":"Blue Slaver","floor":14,"turns":5},{"damage":38,"enemies":"The Guardian","floor":16,"turns":14},{"damage":25,"enemies":"2 Thieves","floor":18,"turns":4},{"damage":13,"enemies":"Shell Parasite","floor":21,"turns":5},{"damage":21,"enemies":"Snake Plant","floor":24,"turns":6},{"damage":57,"enemies":"Slavers","floor":27,"turns":6},{"damage":11,"enemies":"Chosen and Byrds","floor":30,"turns":9},{"damage":27,"enemies":"Centurion and Healer","floor":31,"turns":12},{"damage":120,"enemies":"Champ","floor":33,"turns":22}],"seed_played":"-7116081828254924518","potions_obtained":[{"floor":6,"key":"LiquidBronze"},{"floor":7,"key":"Weak Potion"},{"floor":12,"key":"FairyPotion"},{"floor":14,"key":"Explosive Potion"},{"floor":18,"key":"Strength Potion"},{"floor":22,"key":"EntropicBrew"},{"floor":22,"key":"Fruit Juice"},{"floor":31,"key":"SpeedPotion"}],"is_trial":false,"path_per_floor":["M","$","M","?","M","E","M","R","T","R","?","M","R","M","R","B",null,"M","?","$","M","?","R","M","R","T","E","R","?","M","M","R","B"],"character_chosen":"IRONCLAD","items_purchased":["Shockwave","Havoc","Blood Vial","War Paint","Regen Potion","Shrug It Off"],"campfire_rested":3,"item_purchase_floors":[2,2,20,20,20,20],"current_hp_per_floor":[80,80,80,80,80,47,36,75,75,75,75,72,72,71,71,39,80,61,66,66,75,80,80,67,67,67,18,58,58,55,36,76,0],"gold":148,"neow_bonus":"THREE_ENEMY_KILL","is_prod":false,"is_daily":false,"chose_seed":false,"campfire_upgraded":4,"win_rate":0,"timestamp":1546134006,"path_taken":["M","$","M","?","M","E","M","R","T","R","?","M","R","M","R","BOSS","M","?","$","?","?","R","?","R","T","E","R","?","M","?","R","BOSS"],"build_version":"2018-12-20","purchased_purges":0,"victory":false,"max_hp_per_floor":[80,80,80,80,80,80,80,80,80,80,80,80,80,80,80,80,80,80,80,80,80,85,85,85,85,85,85,85,85,85,85,85,85],"card_choices":[{"not_picked":["Body Slam","Twin Strike"],"picked":"Flex","floor":1},{"not_picked":["Perfected Strike","Twin Strike"],"picked":"Metallicize","floor":3},{"not_picked":["Hemokinesis","Sword Boomerang"],"picked":"Armaments","floor":5},{"not_picked":["Perfected Strike","Carnage"],"picked":"Fiend Fire","floor":6},{"not_picked":["Warcry","Clothesline"],"picked":"Inflame","floor":7},{"not_picked":["Clash","Entrench"],"picked":"Flex","floor":12},{"not_picked":["Havoc","Shrug It Off"],"picked":"Iron Wave","floor":14},{"not_picked":["Double Tap","Berserk"],"picked":"Dark Embrace","floor":16},{"not_picked":["Wild Strike+1","Intimidate"],"picked":"Flex+1","floor":18},{"not_picked":["Entrench","Combust+1"],"picked":"Flame Barrier","floor":21},{"not_picked":["Body Slam","Flex"],"picked":"Second Wind+1","floor":24},{"not_picked":["Hemokinesis","Sentinel"],"picked":"Feel No Pain+1","floor":27},{"not_picked":["Carnage","Hemokinesis"],"picked":"Body Slam","floor":30},{"not_picked":["Battle Trance","Iron Wave+1"],"picked":"Cleave+1","floor":31}],"player_experience":536521,"relics_obtained":[{"floor":6,"key":"Regal Pillow"},{"floor":26,"key":"Dodecahedron"},{"floor":27,"key":"Centennial Puzzle"}],"event_choices":[{"damage_healed":0,"gold_gain":175,"player_choice":"AGREE","damage_taken":0,"max_hp_gain":0,"max_hp_loss":0,"event_name":"Liars Game","floor":4,"gold_loss":0,"cards_obtained":["Doubt"]},{"damage_healed":0,"gold_gain":0,"player_choice":"Take Wound","damage_taken":0,"relics_obtained":["Golden Idol"],"max_hp_gain":0,"max_hp_loss":0,"event_name":"Golden Idol","floor":11,"gold_loss":0,"cards_obtained":["Injury"]},{"cards_removed":["Flex"],"damage_healed":5,"gold_gain":0,"player_choice":"Offered Common","damage_taken":0,"max_hp_gain":0,"max_hp_loss":0,"event_name":"Bonfire Elementals","floor":19,"gold_loss":0},{"cards_removed":["Flex"],"damage_healed":5,"gold_gain":0,"player_choice":"Offered Special","damage_taken":0,"max_hp_gain":0,"max_hp_loss":0,"event_name":"Bonfire Elementals","floor":19,"gold_loss":0},{"damage_healed":0,"gold_gain":0,"player_choice":"Got Potions","damage_taken":0,"max_hp_gain":0,"max_hp_loss":0,"event_name":"Lab","floor":22,"gold_loss":0},{"damage_healed":0,"gold_gain":0,"player_choice":"Traded Relic","damage_taken":0,"relics_obtained":["Nloth\u0027s Gift"],"max_hp_gain":0,"max_hp_loss":0,"event_name":"N\u0027loth","floor":29,"relics_lost":["Empty Cage"],"gold_loss":0}],"is_beta":false,"boss_relics":[{"not_picked":["Tiny House","Runic Cube"],"picked":"Empty Cage"}],"items_purged_floors":[],"is_endless":false,"potions_floor_spawned":[6,7,12,14,18,31],"killed_by":"Champ","ascension_level":0}