{"path_per_floor":["M","$","?","M","M","R","$","M","T","E","?","R","M","M","R","B",null,"M","M","$","$","?","R","M","M","T","R","M","R","$","M","R","B",null,"M","?","T","$","?","R","M","R","T","$","?","E","R","M","R","B"],"character_chosen":"IRONCLAD","items_purchased":["Shrug It Off","Toxic Egg 2","Flame Barrier","Block Potion"],"gold_per_floor":[109,34,34,50,65,65,25,39,62,93,93,93,113,130,130,231,231,245,257,7,7,7,7,21,39,110,110,125,125,3,14,14,110,110,123,123,123,23,23,23,34,34,106,106,0,33,33,48,48,48],"floor_reached":51,"campfire_rested":4,"playtime":1864,"current_hp_per_floor":[80,80,68,64,57,57,57,43,43,29,55,79,80,80,80,36,80,80,75,75,75,75,75,73,71,71,71,34,58,58,62,62,50,80,61,61,61,61,51,75,80,80,80,80,80,43,67,73,73,22],"items_purged":["Strike_R","Strike_R","Pain"],"gold":48,"score":769,"play_id":"544c8a9c-89e4-4afa-8c5d-495d8a16b218","local_time":"20180315181844","is_prod":false,"is_daily":false,"is_ascension_mode":true,"campfire_upgraded":7,"timestamp":1521134324,"path_taken":["M","$","?","M","M","R","$","M","T","E","?","R","M","M","R","BOSS","M","M","?","$","?","R","M","M","T","R","M","R","$","M","R","BOSS","M","?","?","$","?","R","M","R","T","$","?","E","R","?","R","BOSS"],"build_version":"2018-03-09","purchased_purges":3,"victory":true,"master_deck":["Strike_R","Strike_R","Strike_R","Defend_R","Defend_R","Defend_R","Bash","Sword Boomerang+1","Pummel+1","Pommel Strike+1","Shrug It Off+1","Spot Weakness+1","Flex+1","Demon Form+1","Flame Barrier+1","Shrug It Off+1","Clumsy","Impervious+1","Madness+1","Madness+1","Shrug It Off+1","Doubt","Limit Break+1"],"max_hp_per_floor":[80,80,80,80,80,80,80,80,80,80,80,80,80,80,80,80,80,80,80,80,80,80,80,80,80,80,80,80,80,80,80,80,80,80,80,80,80,80,80,80,80,80,80,80,80,80,80,80,80,80],"relics":["Burning Blood","The Courier","Happy Flower","Gambling Chip","Cursed Key","Toxic Egg 2","Blue Candle","Sozu","Unceasing Top","Self Forming Clay","Red Mask","Orichalcum"],"card_choices":[{"not_picked":["Warcry","True Grit"],"picked":"Sword Boomerang"},{"not_picked":["Hemokinesis","Cleave"],"picked":"Pummel"},{"not_picked":["Sever Soul","Headbutt"],"picked":"Pommel Strike"},{"not_picked":["Pommel Strike","Perfected Strike"],"picked":"Spot Weakness"},{"not_picked":["Pummel","Reaper"],"picked":"Flex"},{"not_picked":["Juggernaut","Fiend Fire"],"picked":"Demon Form"},{"not_picked":["Dark Embrace","Juggernaut"],"picked":"Impervious"},{"not_picked":["Clothesline","Carnage"],"picked":"Shrug It Off"},{"not_picked":["Heavy Blade","Clash"],"picked":"Limit Break"}],"player_experience":95999,"potions_floor_usage":[10,10,18,19,33,33,41],"damage_taken":[{"damage":2,"enemies":"2 Louse","floor":1,"turns":2},{"damage":10,"enemies":"Small Slimes","floor":4,"turns":4},{"damage":13,"enemies":"Jaw Worm","floor":5,"turns":4},{"damage":20,"enemies":"3 Louse","floor":8,"turns":4},{"damage":20,"enemies":"Lagavulin","floor":10,"turns":7},{"damage":0,"enemies":"Blue Slaver","floor":13,"turns":3},{"damage":0,"enemies":"Looter","floor":14,"turns":2},{"damage":50,"enemies":"The Guardian","floor":16,"turns":10},{"damage":0,"enemies":"Chosen","floor":18,"turns":3},{"damage":11,"enemies":"Shell Parasite","floor":19,"turns":3},{"damage":8,"enemies":"Snecko","floor":24,"turns":4},{"damage":8,"enemies":"Centurion and Healer","floor":25,"turns":5},{"damage":43,"enemies":"Slaver and Parasite","floor":28,"turns":6},{"damage":2,"enemies":"Snecko","floor":31,"turns":4},{"damage":18,"enemies":"Champ","floor":33,"turns":9},{"damage":25,"enemies":"3 Darklings","floor":35,"turns":6},{"damage":0,"enemies":"Orb Walker","floor":41,"turns":4},{"damage":43,"enemies":"Nemesis","floor":46,"turns":7},{"damage":0,"enemies":"3 Darklings","floor":48,"turns":5},{"damage":57,"enemies":"Time Eater","floor":50,"turns":9}],"event_choices":[{"event_name":"Scrap Ooze","player_choice":"success","floor":3,"damage_taken":12},{"event_name":"Big Fish","player_choice":"Banana","floor":11,"damage_taken":0},{"event_name":"The Library","player_choice":"Read","floor":22,"damage_taken":0},{"event_name":"Winding Halls","player_choice":"Embrace Madness","floor":39,"damage_taken":0},{"event_name":"Tomb of Lord Red Mask","player_choice":"Paid","floor":45,"damage_taken":0}],"boss_relics":[{"not_picked":["Eternal Feather","Runic Dome"],"picked":"Cursed Key"},{"not_picked":["Philosopher\u0027s Stone","Calling Bell"],"picked":"Sozu"}],"potions_floor_spawned":[1,8,10,14,19,28,33,35,41],"seed_played":"-9129913579346984484","ascension_level":3,"is_trial":false}