{"path_per_floor":["M","M","M","?","?","R","M","M","T","?","R","$","M","M","R","B",null,"M","?","?","M","T","R","M","M","T","R","M","R","M","M","R"],"character_chosen":"IRONCLAD","items_purchased":["Dream Catcher","Headbutt"],"gold_per_floor":[112,129,140,140,140,140,156,175,175,175,175,6,20,36,36,139,139,150,250,250,262,262,262,281,298,298,298,315,315,335,354,354],"floor_reached":33,"campfire_rested":4,"playtime":1928,"current_hp_per_floor":[80,80,80,73,73,73,56,60,60,60,60,60,48,42,66,72,80,78,78,78,64,64,64,31,21,21,45,40,64,30,19,43],"items_purged":[],"gold":354,"score":293,"play_id":"7ae6a171-0297-493e-935d-f72362b2d1b6","local_time":"20180305001923","is_prod":false,"is_daily":false,"is_ascension_mode":false,"campfire_upgraded":3,"timestamp":1520205563,"path_taken":["M","M","M","?","?","R","M","M","T","?","R","$","M","M","R","BOSS","M","?","?","M","?","R","M","M","T","R","?","R","M","M","R","BOSS"],"build_version":"2018-03-01-PROD1","purchased_purges":0,"victory":false,"master_deck":["Strike_R","Strike_R","Strike_R","Strike_R","Defend_R","Defend_R","Defend_R","Defend_R","Bash","Fiend Fire","Rampage","Anger+1","Anger+1","Demon Form+1","Pommel Strike","Headbutt","Anger","Armaments","Headbutt","Bludgeon","Sword Boomerang+1","Decay","Fire Breathing+1","Rage","Pummel","Shrug It Off","Clash","Shrug It Off+1","True Grit+1","Twin Strike"],"max_hp_per_floor":[80,80,80,80,80,80,80,80,80,80,80,80,80,80,80,80,80,80,80,80,80,80,80,80,80,80,80,80,80,80,80,80],"relics":["Burning Blood","Vajra","Dream Catcher","Sozu","Red Skull","Prayer Wheel"],"card_choices":[{"not_picked":["Sword Boomerang","Headbutt"],"picked":"Rampage"},{"not_picked":["Twin Strike","Entrench"],"picked":"Anger"},{"not_picked":["Clothesline","Cleave"],"picked":"Anger"},{"not_picked":["Flex","Twin Strike"],"picked":"Demon Form"},{"not_picked":["Warcry","True Grit"],"picked":"Pommel Strike"},{"not_picked":["Perfected Strike","Clash"],"picked":"Anger"},{"not_picked":["Clothesline","Blood for Blood"],"picked":"Armaments"},{"not_picked":["Body Slam","Juggernaut"],"picked":"Headbutt"},{"not_picked":["Berserk","Fiend Fire"],"picked":"Bludgeon"},{"not_picked":["Pommel Strike","Iron Wave"],"picked":"Sword Boomerang"},{"not_picked":["Warcry","Body Slam"],"picked":"Fire Breathing"},{"not_picked":["Clash","Twin Strike"],"picked":"Rage"},{"not_picked":["Sever Soul","Rampage"],"picked":"Pummel"},{"not_picked":["True Grit","Thunderclap"],"picked":"Shrug It Off"},{"not_picked":["Fire Breathing","Corruption"],"picked":"Clash"},{"not_picked":["Clash","Headbutt"],"picked":"Shrug It Off"},{"not_picked":["Burning Pact","Berserk"],"picked":"True Grit"},{"not_picked":["Reckless Charge","Warcry"],"picked":"Twin Strike"}],"player_experience":22863,"potions_floor_usage":[8,16,16],"damage_taken":[{"damage":6,"enemies":"Jaw Worm","floor":1,"turns":3},{"damage":1,"enemies":"Cultist","floor":2,"turns":3},{"damage":0,"enemies":"2 Louse","floor":3,"turns":2},{"damage":23,"enemies":"Large Slime","floor":7,"turns":5},{"damage":2,"enemies":"Blue Slaver","floor":8,"turns":3},{"damage":18,"enemies":"3 Louse","floor":13,"turns":3},{"damage":12,"enemies":"Exordium Thugs","floor":14,"turns":4},{"damage":0,"enemies":"Slime Boss","floor":16,"turns":7},{"damage":8,"enemies":"Chosen","floor":18,"turns":4},{"damage":20,"enemies":"2 Thieves","floor":21,"turns":4},{"damage":39,"enemies":"Snake Plant","floor":24,"turns":4},{"damage":16,"enemies":"Centurion and Healer","floor":25,"turns":4},{"damage":11,"enemies":"3 Cultists","floor":28,"turns":5},{"damage":40,"enemies":"Chosen and Byrds","floor":30,"turns":5},{"damage":17,"enemies":"Centurion and Healer","floor":31,"turns":4},{"damage":82,"enemies":"Automaton","floor":33,"turns":6}],"event_choices":[{"event_name":"Golden Wing","player_choice":"Card Removal","floor":4,"damage_taken":0},{"event_name":"Living Wall","player_choice":"Grow","floor":5,"damage_taken":0},{"event_name":"Liars Game","player_choice":"disagreed","floor":10,"damage_taken":0},{"event_name":"Golden Shrine","player_choice":"Pray","floor":19,"damage_taken":0},{"event_name":"Wheel of Change","player_choice":"Curse","floor":20,"damage_taken":0}],"boss_relics":[{"not_picked":["Eternal Feather","Mark of Pain"],"picked":"Sozu"}],"potions_floor_spawned":[1,7,14,21,28,30],"seed_played":"-7027986890692006939","killed_by":"Automaton","ascension_level":0,"is_trial":false}