{"gold_per_floor":[112,112,37,48,48,48,79,79,150,179,2,13,13,29,29,103,103,120,137,61,61,61,61,87,87],"floor_reached":25,"playtime":862,"items_purged":[],"score":441,"play_id":"ae5046fd-fd91-4375-8704-7c9dc197c0a1","local_time":"20180722212227","is_ascension_mode":true,"campfire_choices":[{"data":"Bash","floor":6,"key":"SMITH"},{"data":"Armaments","floor":13,"key":"SMITH"},{"data":"Metallicize","floor":15,"key":"SMITH"},{"data":"Limit Break","floor":23,"key":"SMITH"}],"neow_cost":"TEN_PERCENT_HP_LOSS","seed_source_timestamp":203794963481815,"circlet_count":0,"master_deck":["Strike_R","Strike_R","Strike_R","Strike_R","Defend_R","Defend_R","Defend_R","Bash+1","AscendersBane","Ghostly Armor","Iron Wave","Metallicize+1","Battle Trance","Infernal Blade","Clothesline","Shrug It Off","Feed","Armaments+1","Metallicize+1","Double Tap","Spot Weakness","Warcry+1","Shrug It Off","Heavy Blade","Immolate","Injury","Shockwave","Limit Break+1","Blood for Blood"],"relics":["Burning Blood","StoneCalendar","Art of War","Question Card","Boot","Snecko Eye","Dream Catcher"],"potions_floor_usage":[10,14,24],"damage_taken":[{"damage":0,"enemies":"Small Slimes","floor":1,"turns":3},{"damage":5,"enemies":"Cultist","floor":4,"turns":4},{"damage":0,"enemies":"3 Sentries","floor":7,"turns":8},{"damage":23,"enemies":"Gremlin Nob","floor":10,"turns":6},{"damage":0,"enemies":"2 Louse","floor":12,"turns":2},{"damage":7,"enemies":"Exordium Thugs","floor":14,"turns":8},{"damage":37,"enemies":"Hexaghost","floor":16,"turns":15},{"damage":19,"enemies":"2 Thieves","floor":18,"turns":5},{"damage":0,"enemies":"Shell Parasite","floor":19,"turns":2},{"damage":42,"enemies":"Gremlin Leader","floor":24,"turns":9},{"damage":19,"enemies":"Snake Plant","floor":25,"turns":2}],"seed_played":"4517190842111345952","potions_obtained":[{"floor":7,"key":"Ancient Potion"},{"floor":10,"key":"Swift Potion"},{"floor":12,"key":"SteroidPotion"},{"floor":14,"key":"SpeedPotion"},{"floor":19,"key":"Energy Potion"}],"is_trial":false,"path_per_floor":["M","?","$","M","?","R","E","?","T","E","$","M","R","M","R","B",null,"M","M","$","?","?","R","E"],"character_chosen":"IRONCLAD","items_purchased":["Metallicize","Shrug It Off","Feed","Shrug It Off","Heavy Blade"],"campfire_rested":0,"item_purchase_floors":[3,11,11,20,20],"current_hp_per_floor":[68,68,68,68,68,68,68,68,68,51,51,60,60,63,63,35,67,58,64,64,64,64,64,28,9],"gold":87,"neow_bonus":"ONE_RARE_RELIC","is_prod":false,"is_daily":false,"chose_seed":false,"campfire_upgraded":4,"win_rate":0,"timestamp":1532319747,"path_taken":["M","?","$","M","?","R","E","?","T","E","?","M","R","M","R","BOSS","M","M","$","?","?","R","E","M"],"build_version":"2018-07-19","purchased_purges":0,"victory":false,"max_hp_per_floor":[68,68,68,68,68,68,68,68,68,68,68,71,71,75,75,78,78,82,82,82,82,82,82,82,82],"card_choices":[{"not_picked":["Clothesline","Whirlwind"],"picked":"Ghostly Armor","floor":1},{"not_picked":["Searing Blow","Body Slam"],"picked":"Battle Trance","floor":4},{"not_picked":["Ghostly Armor","Pummel"],"picked":"Infernal Blade","floor":7},{"not_picked":["Twin Strike","Pummel","Rupture"],"picked":"Clothesline","floor":10},{"not_picked":["Sword Boomerang","Havoc","Iron Wave"],"picked":"Armaments","floor":12},{"not_picked":["Pommel Strike","Carnage","Iron Wave"],"picked":"Metallicize","floor":14},{"not_picked":["Dark Embrace","Limit Break","Brutality"],"picked":"Double Tap","floor":16},{"not_picked":["Sword Boomerang","Clash+1","Wild Strike+1"],"picked":"Spot Weakness","floor":18},{"not_picked":["Havoc","Rampage","Twin Strike"],"picked":"Warcry+1","floor":19},{"not_picked":["Pommel Strike","Intimidate","Brutality"],"picked":"Blood for Blood","floor":24}],"player_experience":686765,"relics_obtained":[{"floor":7,"key":"Art of War"},{"floor":9,"key":"Question Card"},{"floor":10,"key":"Boot"},{"floor":24,"key":"Dream Catcher"}],"event_choices":[{"event_name":"Transmorgrifier","player_choice":"Transform","floor":2,"damage_taken":0},{"event_name":"Living Wall","player_choice":"Grow","floor":5,"damage_taken":0},{"event_name":"Purifier","player_choice":"One Purge","floor":8,"damage_taken":0},{"event_name":"Match and Keep!","player_choice":"3 cards matched","floor":21,"damage_taken":0},{"event_name":"The Library","player_choice":"Read","floor":22,"damage_taken":0}],"is_beta":true,"boss_relics":[{"not_picked":["Pandora\u0027s Box","Busted Crown"],"picked":"Snecko Eye"}],"items_purged_floors":[],"is_endless":false,"potions_floor_spawned":[7,10,12,14,19],"killed_by":"Snake Plant","ascension_level":15}