{"path_per_floor":["M","?","?","$","?","R","E","R","T","$","?","M","$","?","R","B",null,"M","?","M","M","M","R","E","R","T","R","M","$","M","?","R"],"character_chosen":"IRONCLAD","items_purchased":["Metallicize","Flex","Shrug It Off","Whirlwind","Anger","Spot Weakness","Spot Weakness","Toxic Egg 2"],"gold_per_floor":[117,117,117,3,103,103,138,138,138,31,31,49,23,53,53,158,158,170,170,181,199,213,213,244,244,244,244,258,2,14,14,14],"floor_reached":33,"campfire_rested":5,"playtime":2182,"current_hp_per_floor":[80,80,80,80,80,80,40,64,64,64,80,80,80,80,80,59,80,80,80,58,56,22,46,18,42,42,66,45,45,36,36,60],"items_purged":[],"gold":14,"score":274,"play_id":"ce18aebf-7928-497e-898d-f542a8f6f6a1","local_time":"20180307185808","is_prod":false,"is_daily":false,"is_ascension_mode":true,"campfire_upgraded":2,"timestamp":1520445488,"path_taken":["M","?","?","$","?","R","E","R","T","?","?","M","$","?","R","BOSS","M","?","M","M","M","R","E","R","T","R","M","$","?","?","R","BOSS"],"build_version":"2018-03-01-PROD1","purchased_purges":0,"victory":false,"master_deck":["Strike_R","Strike_R","Strike_R","Defend_R","Defend_R","Defend_R","Defend_R","Bash","Flex","Flame Barrier","Metallicize+1","Flex","Twin Strike","Shrug It Off","Whirlwind","Anger","Rampage+1","Spot Weakness+1","Double Tap","Flex","Sword Boomerang","Demon Form","Iron Wave+1","Pommel Strike+1","Spot Weakness","Headbutt+1"],"max_hp_per_floor":[80,80,80,80,80,80,80,80,80,80,80,80,80,80,80,80,80,80,80,80,80,80,80,80,80,80,80,80,80,80,80,80],"relics":["Burning Blood","Kunai","The Courier","Sozu","Nloth\u0027s Gift","Mercury Hourglass","Magic Flower","Toxic Egg 2"],"card_choices":[{"not_picked":["True Grit","Clash"],"picked":"Flex"},{"not_picked":["True Grit","Ghostly Armor"],"picked":"Twin Strike"},{"not_picked":["Shockwave","Headbutt"],"picked":"Rampage"},{"not_picked":["Fiend Fire","Brutality"],"picked":"Double Tap"},{"not_picked":["Hemokinesis","Clothesline"],"picked":"Flex"},{"not_picked":["Body Slam","Evolve"],"picked":"Sword Boomerang"},{"not_picked":["Sever Soul","Second Wind"],"picked":"Demon Form"},{"not_picked":["Sentinel","Wild Strike"],"picked":"Iron Wave"},{"not_picked":["Warcry","Corruption"],"picked":"Pommel Strike"},{"not_picked":["Blood for Blood","Flex"],"picked":"Headbutt"}],"player_experience":117102,"potions_floor_usage":[24],"damage_taken":[{"damage":4,"enemies":"2 Louse","floor":1,"turns":4},{"damage":46,"enemies":"Gremlin Nob","floor":7,"turns":6},{"damage":1,"enemies":"Jaw Worm","floor":12,"turns":4},{"damage":27,"enemies":"The Guardian","floor":16,"turns":8},{"damage":0,"enemies":"3 Byrds","floor":18,"turns":2},{"damage":28,"enemies":"2 Thieves","floor":20,"turns":4},{"damage":8,"enemies":"Chosen and Byrds","floor":21,"turns":7},{"damage":40,"enemies":"Slaver and Parasite","floor":22,"turns":5},{"damage":34,"enemies":"Slavers","floor":24,"turns":4},{"damage":30,"enemies":"Snake Plant","floor":28,"turns":5},{"damage":18,"enemies":"Centurion and Healer","floor":30,"turns":4},{"damage":74,"enemies":"Automaton","floor":33,"turns":6}],"event_choices":[{"event_name":"Living Wall","player_choice":"Change","floor":2,"damage_taken":0},{"event_name":"Purifier","player_choice":"One Purge","floor":3,"damage_taken":0},{"event_name":"Golden Shrine","player_choice":"Pray","floor":5,"damage_taken":0},{"event_name":"Big Fish","player_choice":"Banana","floor":11,"damage_taken":0},{"event_name":"Dead Adventurer","player_choice":"Searched \u00272\u0027 times","floor":14,"damage_taken":0},{"event_name":"N\u0027loth","player_choice":"Traded a Juzu Bracelet","floor":19,"damage_taken":0},{"event_name":"Upgrade Shrine","player_choice":"Upgraded","floor":31,"damage_taken":0}],"boss_relics":[{"not_picked":["Question Card","Mark of Pain"],"picked":"Sozu"}],"potions_floor_spawned":[7,12,20,21,22],"seed_played":"-2764943487945333013","killed_by":"Automaton","ascension_level":1,"is_trial":false}