{"gold_per_floor":[116,291,306,306,322,322,334,75,75,92,104,104,33,49,49,49],"floor_reached":16,"playtime":695,"items_purged":[],"score":108,"play_id":"db92b33f-0d85-4d6a-ab72-371931f07dac","local_time":"20181207002345","is_ascension_mode":true,"campfire_choices":[{"floor":6.0,"key":"RECALL"},{"data":"Bash","floor":12.0,"key":"SMITH"},{"floor":15.0,"key":"REST"}],"neow_cost":"NONE","seed_source_timestamp":0,"circlet_count":0,"master_deck":["Strike_R","Strike_R","Strike_R","Strike_R","Strike_R","Defend_R","Defend_R","Defend_R","Defend_R","Bash+1","Inflame","Doubt","Shrug It Off","Regret","Searing Blow","Pommel Strike","Inflame","Flame Barrier","Whirlwind"],"special_seed":0,"relics":["Burning Blood","NeowsBlessing","Champion Belt","Kunai"],"potions_floor_usage":[],"damage_taken":[{"damage":0.0,"enemies":"Cultist","floor":1.0,"turns":1.0},{"damage":0.0,"enemies":"Jaw Worm","floor":3.0,"turns":1.0},{"damage":0.0,"enemies":"2 Louse","floor":5.0,"turns":1.0},{"damage":25.0,"enemies":"Red Slaver","floor":7.0,"turns":5.0},{"damage":24.0,"enemies":"2 Fungi Beasts","floor":10.0,"turns":5.0},{"damage":18.0,"enemies":"Blue Slaver","floor":11.0,"turns":5.0},{"damage":29.0,"enemies":"Large Slime","floor":14.0,"turns":6.0},{"damage":40,"enemies":"Slime Boss","floor":16,"turns":6}],"seed_played":"8615814115189302100","potions_obtained":[{"floor":1.0,"key":"Dexterity Potion"},{"floor":11.0,"key":"PowerPotion"}],"is_trial":false,"path_per_floor":["M","?","M","?","M","R","M","$","T","M","M","R","$","M","R","B"],"character_chosen":"IRONCLAD","items_purchased":["Kunai","Flame Barrier"],"campfire_rested":1,"item_purchase_floors":[8,13],"current_hp_per_floor":[80,80,80,80,80,80,61,61,61,43,31,31,31,8,32,0],"gold":49,"neow_bonus":"THREE_ENEMY_KILL","is_prod":false,"is_daily":false,"chose_seed":false,"campfire_upgraded":1,"win_rate":0,"timestamp":1544117025,"path_taken":["M","?","M","?","M","R","M","$","T","M","M","R","?","M","R","BOSS"],"build_version":"2018-11-15","purchased_purges":0,"victory":false,"max_hp_per_floor":[80,80,80,80,80,80,80,80,80,80,80,80,80,80,80,80],"card_choices":[{"not_picked":["Anger","Armaments"],"picked":"Inflame","floor":1.0},{"not_picked":["Clash","Pommel Strike"],"picked":"Shrug It Off","floor":3.0},{"not_picked":["Feel No Pain","Rupture"],"picked":"Searing Blow","floor":5.0},{"not_picked":["Warcry","Sword Boomerang"],"picked":"Pommel Strike","floor":7.0},{"not_picked":["Sever Soul","Anger"],"picked":"Inflame","floor":10.0},{"not_picked":["Dual Wield","Sword Boomerang","Flex"],"picked":"SKIP","floor":11.0},{"not_picked":["Berserk","Clothesline"],"picked":"Whirlwind","floor":14.0}],"player_experience":184252,"relics_obtained":[],"event_choices":[{"damage_healed":0.0,"max_hp_gain":0.0,"max_hp_loss":0.0,"gold_gain":175.0,"event_name":"Liars Game","player_choice":"AGREE","floor":2.0,"gold_loss":0.0,"damage_taken":0.0,"cards_obtained":["Doubt"]},{"damage_healed":0.0,"max_hp_gain":0.0,"max_hp_loss":0.0,"gold_gain":0.0,"event_name":"Big Fish","player_choice":"Box","floor":4.0,"gold_loss":0.0,"damage_taken":0.0,"relics_obtained":["Champion Belt"],"cards_obtained":["Regret"]}],"is_beta":false,"boss_relics":[],"items_purged_floors":[],"is_endless":false,"potions_floor_spawned":[1,11],"killed_by":"Slime Boss","ascension_level":3}