{"gold_per_floor":[115,115,127,127,139,139,139,156,156,81,109,109,109,123,123,223,223,211,111,187,206,222,222,97,123,123,222,222,234,253,270,270,366,366,382,68,79,99,119,119,154,154,208,208,0,0,0,13,13,13],"floor_reached":51,"playtime":3566,"items_purged":["Strike_G","Strike_G","Strike_G"],"score":722,"play_id":"32914fce-5738-4093-9682-8118a2b790f6","local_time":"20181219153450","is_ascension_mode":false,"campfire_choices":[{"data":"Neutralize","floor":6,"key":"SMITH"},{"floor":13,"key":"REST"},{"data":"Strike_G","floor":15,"key":"SMITH"},{"floor":23,"key":"REST"},{"floor":32,"key":"REST"},{"data":"Prepared","floor":40,"key":"SMITH"},{"floor":42,"key":"REST"},{"floor":44,"key":"REST"},{"data":"A Thousand Cuts","floor":46,"key":"SMITH"},{"data":"Defend_G","floor":49,"key":"SMITH"}],"neow_cost":"NONE","seed_source_timestamp":273385191939252,"circlet_count":0,"master_deck":["Defend_G+1","Defend_G+1","Defend_G","Defend_G","Strike_G","Strike_G+1","Survivor+1","Neutralize+1","Heel Hook+1","Unload","Noxious Fumes","Noxious Fumes","Noxious Fumes","Prepared+1","Prepared+1","After Image","A Thousand Cuts+1"],"relics":["Ring of the Snake","Letter Opener","Pear","Thread and Needle","Mango","Orrery","Pantograph","Blood Vial","Shuriken","Velvet Choker","Bird Faced Urn","Calipers","War Paint","Red Mask"],"potions_floor_usage":[11,11,31,50,50],"damage_taken":[{"damage":0,"enemies":"2 Louse","floor":1,"turns":3},{"damage":1,"enemies":"Jaw Worm","floor":3,"turns":6},{"damage":15,"enemies":"Cultist","floor":5,"turns":4},{"damage":0,"enemies":"Blue Slaver","floor":8,"turns":4},{"damage":31,"enemies":"3 Sentries","floor":11,"turns":9},{"damage":1,"enemies":"Lots of Slimes","floor":14,"turns":3},{"damage":58,"enemies":"The Guardian","floor":16,"turns":24},{"damage":8,"enemies":"2 Thieves","floor":18,"turns":4},{"damage":0,"enemies":"Shell Parasite","floor":21,"turns":6},{"damage":21,"enemies":"Chosen and Byrds","floor":22,"turns":6},{"damage":74,"enemies":"Slavers","floor":25,"turns":5},{"damage":14,"enemies":"3 Cultists","floor":29,"turns":5},{"damage":3,"enemies":"Snake Plant","floor":30,"turns":6},{"damage":0,"enemies":"Cultist and Chosen","floor":31,"turns":6},{"damage":28,"enemies":"Automaton","floor":33,"turns":11},{"damage":1,"enemies":"Orb Walker","floor":35,"turns":4},{"damage":16,"enemies":"3 Darklings","floor":37,"turns":5},{"damage":0,"enemies":"4 Shapes","floor":38,"turns":6},{"damage":25,"enemies":"Spire Growth","floor":39,"turns":7},{"damage":46,"enemies":"Giant Head","floor":41,"turns":11},{"damage":3,"enemies":"Maw","floor":48,"turns":8},{"damage":105,"enemies":"Donu and Deca","floor":50,"turns":10}],"seed_played":"-8215993971454835187","potions_obtained":[{"floor":1,"key":"Poison Potion"},{"floor":5,"key":"Regen Potion"},{"floor":11,"key":"FearPotion"},{"floor":22,"key":"LiquidBronze"},{"floor":25,"key":"GamblersBrew"},{"floor":30,"key":"SteroidPotion"},{"floor":33,"key":"Strength Potion"},{"floor":35,"key":"Fire Potion"}],"is_trial":false,"path_per_floor":["M","?","M","?","M","R","?","M","T","$","E","?","R","M","R","B",null,"M","$","T","M","M","R","$","E","T","?","?","M","M","M","R","B",null,"M","$","M","M","M","R","E","R","T","R","?","R","$","M","R","B",null],"character_chosen":"THE_SILENT","items_purchased":["Bird Faced Urn"],"campfire_rested":5,"item_purchase_floors":[36],"current_hp_per_floor":[77,70,69,62,47,47,47,47,57,57,41,55,85,84,84,26,101,93,93,93,93,72,101,101,27,27,27,27,15,14,16,46,45,101,100,100,87,97,78,78,42,72,72,101,101,101,101,98,98,2],"gold":13,"neow_bonus":"TEN_PERCENT_HP_BONUS","is_prod":false,"is_daily":false,"chose_seed":false,"campfire_upgraded":5,"win_rate":0.0,"timestamp":1545230090,"path_taken":["M","?","M","?","M","R","?","?","T","$","E","?","R","M","R","BOSS","M","$","?","M","M","R","$","E","T","?","?","M","?","M","R","BOSS","M","$","?","M","M","R","E","R","T","R","?","R","$","M","R","BOSS"],"build_version":"2018-12-13","purchased_purges":3,"victory":true,"max_hp_per_floor":[77,77,77,77,77,77,77,77,87,87,87,101,101,101,101,101,101,101,101,101,101,101,101,101,101,101,101,101,101,101,101,101,101,101,101,101,101,101,101,101,101,101,101,101,101,101,101,101,101,101],"card_choices":[{"not_picked":["All Out Attack","Bouncing Flask","Masterful Stab"],"picked":"SKIP","floor":1},{"not_picked":["Prepared","Tactician"],"picked":"Heel Hook","floor":3},{"not_picked":["Backflip","Dodge and Roll","Choke"],"picked":"SKIP","floor":5},{"not_picked":["Crippling Poison","Dagger Throw","Flying Knee"],"picked":"SKIP","floor":8},{"not_picked":["Outmaneuver","Dash","Deflect"],"picked":"SKIP","floor":11},{"not_picked":["Quick Slash","Dodge and Roll","Calculated Gamble"],"picked":"SKIP","floor":14},{"not_picked":["Corpse Explosion","Phantasmal Killer"],"picked":"Unload","floor":16},{"not_picked":["Dagger Throw","Dash"],"picked":"Noxious Fumes","floor":17},{"not_picked":["Blade Dance","Dodge and Roll"],"picked":"Noxious Fumes","floor":17},{"not_picked":["Deadly Poison","Leg Sweep"],"picked":"Noxious Fumes","floor":17},{"not_picked":["Dagger Throw","Deadly Poison"],"picked":"Prepared","floor":17},{"not_picked":["Acrobatics","Infinite Blades","Heel Hook"],"picked":"SKIP","floor":18},{"not_picked":["Choke","Distraction+1","Well Laid Plans+1"],"picked":"SKIP","floor":21},{"not_picked":["Dodge and Roll","Infinite Blades"],"picked":"Prepared","floor":22},{"not_picked":["Underhanded Strike+1","Eviscerate","Deadly Poison+1"],"picked":"SKIP","floor":25},{"not_picked":["Slice","Infinite Blades","Backstab"],"picked":"SKIP","floor":29},{"not_picked":["Infinite Blades","Malaise","Well Laid Plans"],"picked":"SKIP","floor":30},{"not_picked":["Bouncing Flask","Terror+1","Catalyst"],"picked":"SKIP","floor":31},{"not_picked":["Malaise","Venomology"],"picked":"After Image","floor":33},{"not_picked":["Predator","Outmaneuver+1","Dagger Throw+1"],"picked":"SKIP","floor":35},{"not_picked":["Flying Knee","Footwork+1","Predator"],"picked":"SKIP","floor":37},{"not_picked":["Tactician","Bane+1","Slice"],"picked":"SKIP","floor":38},{"not_picked":["Reflex","PiercingWail","Underhanded Strike"],"picked":"SKIP","floor":39},{"not_picked":["Catalyst","Expertise+1"],"picked":"A Thousand Cuts","floor":41},{"not_picked":["Finisher+1","Poisoned Stab+1","Quick Slash"],"picked":"SKIP","floor":48}],"player_experience":12377,"relics_obtained":[{"floor":9,"key":"Pear"},{"floor":11,"key":"Thread and Needle"},{"floor":20,"key":"Pantograph"},{"floor":25,"key":"Blood Vial"},{"floor":26,"key":"Shuriken"},{"floor":41,"key":"Calipers"},{"floor":43,"key":"War Paint"}],"event_choices":[{"damage_healed":0,"gold_gain":0,"player_choice":"Success","damage_taken":7,"relics_obtained":["Letter Opener"],"max_hp_gain":0,"max_hp_loss":0,"event_name":"Scrap Ooze","floor":2,"gold_loss":0},{"cards_removed":["Defend_G"],"damage_healed":0,"gold_gain":0,"player_choice":"Card Removal","damage_taken":7,"max_hp_gain":0,"max_hp_loss":0,"event_name":"Golden Wing","floor":4,"gold_loss":0},{"damage_healed":0,"gold_gain":0,"player_choice":"Forge","damage_taken":0,"max_hp_gain":0,"max_hp_loss":0,"event_name":"Accursed Blacksmith","floor":7,"gold_loss":0,"cards_upgraded":["Heel Hook"]},{"damage_healed":0,"gold_gain":0,"player_choice":"Gave Potion","damage_taken":0,"relics_obtained":["Mango"],"max_hp_gain":0,"max_hp_loss":0,"event_name":"WeMeetAgain","floor":12,"gold_loss":0},{"damage_healed":0,"gold_gain":99,"player_choice":"Stole From Cult","damage_taken":0,"max_hp_gain":0,"max_hp_loss":0,"event_name":"Nest","floor":27,"gold_loss":0},{"damage_healed":0,"gold_gain":0,"player_choice":"Upgraded","damage_taken":0,"max_hp_gain":0,"max_hp_loss":0,"event_name":"Upgrade Shrine","floor":28,"gold_loss":0,"cards_upgraded":["Survivor"]},{"damage_healed":0,"gold_gain":0,"player_choice":"Paid","damage_taken":0,"relics_obtained":["Red Mask"],"max_hp_gain":0,"max_hp_loss":0,"event_name":"Tomb of Lord Red Mask","floor":45,"gold_loss":208}],"is_beta":false,"boss_relics":[{"not_picked":["Astrolabe","Tiny House"],"picked":"Orrery"},{"not_picked":["WristBlade","Busted Crown"],"picked":"Velvet Choker"}],"items_purged_floors":[10,19,24],"is_endless":false,"potions_floor_spawned":[1,5,11,22,25,30,33,35,39],"ascension_level":0}