{"gold_per_floor":[16,34,52,52,65,65,100,113,137,52,52,52,52,52,52,129,129,148,2,0,14,14,14,14,14,95,95,107,107,107],"floor_reached":30,"playtime":642,"items_purged":[],"score":396,"play_id":"c1cd96cf-ba47-42fd-b524-7d1532a6d5f2","local_time":"20180713153654","is_ascension_mode":true,"campfire_choices":[{"data":"Whirlwind","floor":6,"key":"SMITH"},{"data":"Demon Form","floor":11,"key":"SMITH"},{"data":"Heavy Blade","floor":13,"key":"SMITH"},{"data":"Bash","floor":15,"key":"SMITH"},{"data":"Limit Break","floor":24,"key":"SMITH"},{"data":"True Grit","floor":27,"key":"SMITH"},{"floor":29,"key":"REST"}],"neow_cost":"NO_GOLD","seed_source_timestamp":252858094886280,"circlet_count":0,"master_deck":["Bash+1","AscendersBane","Demon Form+1","Whirlwind+1","Iron Wave","Seeing Red+1","Headbutt","Heavy Blade+1","Flame Barrier","Limit Break+1","Warcry","Power Through","Pommel Strike","True Grit+1","Armaments","Iron Wave","Twin Strike","Armaments+1","Ghostly Armor","Shockwave"],"relics":["Burning Blood","Vajra","War Paint","Pandora\u0027s Box","Art of War","Molten Egg 2"],"potions_floor_usage":[5,8,30],"damage_taken":[{"damage":6,"enemies":"Cultist","floor":1,"turns":4},{"damage":8,"enemies":"Jaw Worm","floor":2,"turns":5},{"damage":0,"enemies":"2 Louse","floor":3,"turns":3},{"damage":7,"enemies":"Looter","floor":5,"turns":5},{"damage":19,"enemies":"Gremlin Nob","floor":7,"turns":4},{"damage":12,"enemies":"Red Slaver","floor":8,"turns":4},{"damage":38,"enemies":"Hexaghost","floor":16,"turns":9},{"damage":17,"enemies":"2 Thieves","floor":18,"turns":4},{"damage":12,"enemies":"Chosen","floor":21,"turns":5},{"damage":13,"enemies":"Snecko","floor":28,"turns":5},{"damage":60,"enemies":"Slavers","floor":30,"turns":4}],"seed_played":"-7252472485842487406","potions_obtained":[{"floor":3,"key":"EssenceOfSteel"},{"floor":5,"key":"Dexterity Potion"},{"floor":7,"key":"AttackPotion"},{"floor":18,"key":"SneckoOil"}],"is_trial":false,"path_per_floor":["M","M","M","?","M","R","E","M","T","$","R","?","R","$","R","B",null,"M","$","?","M","$","?","R","?","T","R","M","R"],"character_chosen":"IRONCLAD","items_purchased":["Heavy Blade","Flame Barrier","Art of War"],"campfire_rested":1,"item_purchase_floors":[10,10,19],"current_hp_per_floor":[68,66,72,72,71,71,58,52,52,52,52,52,52,52,52,20,61,50,50,50,44,44,44,44,44,44,44,37,59,0],"gold":107,"neow_bonus":"THREE_RARE_CARDS","is_prod":false,"is_daily":false,"chose_seed":false,"campfire_upgraded":6,"win_rate":0,"timestamp":1531521414,"path_taken":["M","M","?","?","M","R","E","M","T","$","R","?","R","$","R","BOSS","M","$","?","M","$","?","R","?","T","R","M","R","E"],"build_version":"2018-07-12","purchased_purges":0,"victory":false,"max_hp_per_floor":[75,75,75,75,75,75,75,75,75,75,75,75,75,75,75,75,75,75,75,75,75,75,75,75,75,75,75,75,75,75],"card_choices":[{"not_picked":["Dark Embrace","Feed"],"picked":"Demon Form","floor":0},{"not_picked":["Iron Wave","Burning Pact"],"picked":"Whirlwind","floor":2},{"not_picked":["Warcry","Carnage"],"picked":"Iron Wave","floor":3},{"not_picked":["Body Slam","Intimidate"],"picked":"Seeing Red","floor":5},{"not_picked":["Cleave","Dark Embrace"],"picked":"Headbutt","floor":8},{"not_picked":["Demon Form","Exhume"],"picked":"Limit Break","floor":16},{"not_picked":["Second Wind+1","Clothesline"],"picked":"Armaments+1","floor":18},{"not_picked":["Searing Blow","Headbutt+1"],"picked":"Ghostly Armor","floor":21},{"not_picked":["Inflame","Thunderclap+1"],"picked":"Shockwave","floor":28}],"player_experience":625397,"relics_obtained":[{"floor":7,"key":"Vajra"},{"floor":9,"key":"War Paint"},{"floor":26,"key":"Molten Egg 2"}],"event_choices":[{"event_name":"Purifier","player_choice":"One Purge","floor":4,"damage_taken":0},{"event_name":"Bonfire Elementals","player_choice":"BASIC","floor":12,"damage_taken":0},{"event_name":"Masked Bandits","player_choice":"Paid Bandits 2 gold","floor":20,"damage_taken":0},{"event_name":"Beggar","player_choice":"Ignored","floor":23,"damage_taken":0},{"event_name":"The Mausoleum","player_choice":"No","floor":25,"damage_taken":0}],"boss_relics":[{"not_picked":["Calling Bell","Runic Pyramid"],"picked":"Pandora\u0027s Box"}],"items_purged_floors":[],"is_endless":false,"potions_floor_spawned":[3,5,7,18],"killed_by":"Slavers","ascension_level":15}