{"gold_per_floor":[118,118,137,154,114,114,124,73,73,87,87,117,131,160,160,160],"floor_reached":16,"playtime":521,"items_purged":[],"score":224,"play_id":"5702fde3-f3fb-4649-b0f4-163d16e6e17f","local_time":"20181230170746","is_ascension_mode":true,"campfire_choices":[{"data":"Loop","floor":6.0,"key":"SMITH"},{"floor":11,"key":"REST"},{"data":"Redo","floor":15,"key":"SMITH"}],"neow_cost":"NONE","seed_source_timestamp":4780719589966,"circlet_count":0,"master_deck":["AscendersBane","Strike_B","Strike_B","Strike_B","Defend_B","Defend_B","Defend_B","Defend_B","Zap","Dualcast","Glacier","Amplify","Loop+1","Self Repair","Doom and Gloom","Ball Lightning","Compile Driver","FTL","Redo+1","Conserve Battery"],"special_seed":0,"relics":["Cracked Core","Orichalcum","StoneCalendar","Peace Pipe","Potion Belt"],"potions_floor_usage":[12,14],"damage_taken":[{"damage":8.0,"enemies":"Jaw Worm","floor":1.0,"turns":4.0},{"damage":1.0,"enemies":"Cultist","floor":3.0,"turns":5.0},{"damage":7.0,"enemies":"Small Slimes","floor":4.0,"turns":4.0},{"damage":1.0,"enemies":"Looter","floor":5.0,"turns":4.0},{"damage":11.0,"enemies":"Red Slaver","floor":7.0,"turns":3.0},{"damage":10,"enemies":"Blue Slaver","floor":10,"turns":3},{"damage":14,"enemies":"3 Sentries","floor":12,"turns":7},{"damage":1,"enemies":"Looter","floor":13,"turns":4},{"damage":17,"enemies":"Gremlin Nob","floor":14,"turns":5},{"damage":53,"enemies":"Slime Boss","floor":16,"turns":5}],"seed_played":"-3842882405053896016","potions_obtained":[{"floor":4.0,"key":"Ancient Potion"},{"floor":10,"key":"SkillPotion"},{"floor":12,"key":"Weak Potion"},{"floor":14,"key":"Dexterity Potion"}],"is_trial":false,"path_per_floor":["M","?","M","M","M","R","M","$","T","M","R","E","M","E","R","B"],"character_chosen":"DEFECT","items_purchased":["Compile Driver"],"campfire_rested":1,"item_purchase_floors":[8],"current_hp_per_floor":[56,56,55,48,54,54,50,50,50,40,61,47,53,36,36,0],"gold":160,"neow_bonus":"RANDOM_COMMON_RELIC","is_prod":false,"is_daily":false,"chose_seed":false,"campfire_upgraded":2,"win_rate":0,"timestamp":1546157266,"path_taken":["M","?","?","M","M","R","M","$","T","M","R","E","M","E","R","BOSS"],"build_version":"2018-12-20","purchased_purges":0,"victory":false,"max_hp_per_floor":[71,71,71,71,71,71,71,71,71,71,71,71,71,71,71,71],"card_choices":[{"not_picked":["Rebound","Redo"],"picked":"Glacier","floor":1.0},{"not_picked":["Skim","Steam"],"picked":"Loop","floor":3.0},{"not_picked":["Fusion","Reinforced Body"],"picked":"Self Repair","floor":4.0},{"not_picked":["Leap","Cold Snap"],"picked":"Doom and Gloom","floor":5.0},{"not_picked":["Beam Cell","Blizzard"],"picked":"Ball Lightning","floor":7.0},{"not_picked":["Coolheaded","Heatsinks"],"picked":"FTL","floor":10},{"not_picked":["Reprogram","Ball Lightning","Beam Cell"],"picked":"SKIP","floor":12},{"not_picked":["Gash","Steam"],"picked":"Redo","floor":13},{"not_picked":["Beam Cell","Compile Driver"],"picked":"Conserve Battery","floor":14}],"player_experience":888243,"relics_obtained":[{"floor":9,"key":"StoneCalendar"},{"floor":12,"key":"Peace Pipe"},{"floor":14,"key":"Potion Belt"}],"event_choices":[{"damage_healed":0.0,"max_hp_gain":0.0,"max_hp_loss":0.0,"gold_gain":0.0,"cards_transformed":["Strike_B"],"event_name":"Transmorgrifier","player_choice":"Transformed","floor":2.0,"gold_loss":0.0,"damage_taken":0.0,"cards_obtained":["Amplify"]}],"is_beta":false,"boss_relics":[],"items_purged_floors":[],"is_endless":false,"potions_floor_spawned":[4,10,12,14],"killed_by":"Slime Boss","ascension_level":20}