{"gold_per_floor":[13,13,13,13,26,26,52,70,70,70,70,102,102,122,122,225,225,236,224,241,257,271,271,296,395,418,418,418,418,25,55,55,151,151,166,266,266,280,280,280,293,293,293,293,305,305,13,13,13,13,13,13,13,42,42],"floor_reached":56,"playtime":3653,"items_purged":["Strike_G","Grand Finale+1"],"score":1361,"play_id":"c19efb16-89a0-4cf7-bddd-e44b68a585ff","local_time":"20190115154931","is_ascension_mode":true,"campfire_choices":[{"data":"Neutralize","floor":6.0,"key":"SMITH"},{"data":"Wraith Form v2","floor":10,"key":"SMITH"},{"data":"Blur","floor":13,"key":"SMITH"},{"data":"Bouncing Flask","floor":15,"key":"SMITH"},{"data":"Concentrate","floor":23,"key":"SMITH"},{"data":"Noxious Fumes","floor":27,"key":"SMITH"},{"data":"Poisoned Stab","floor":29,"key":"SMITH"},{"data":"Noxious Fumes","floor":32,"key":"SMITH"},{"floor":40,"key":"RECALL"},{"data":"Poisoned Stab","floor":42,"key":"SMITH"},{"data":"Madness","floor":44,"key":"SMITH"},{"data":"Mayhem","floor":49,"key":"SMITH"},{"data":"Corpse Explosion","floor":52,"key":"SMITH"}],"neow_cost":"NO_GOLD","seed_source_timestamp":0,"circlet_count":0,"master_deck":["Defend_G","Defend_G","Defend_G+1","Defend_G","Defend_G+1","Strike_G","Survivor","Neutralize+1","Heel Hook","Dagger Throw","Wraith Form v2+1","Crippling Poison","Blur+1","Bouncing Flask+1","Bullet Time","Footwork+1","Poisoned Stab+1","Dagger Spray+1","Concentrate+1","Poisoned Stab+1","Noxious Fumes+1","Adrenaline","Noxious Fumes+1","Corpse Explosion+1","Unload+1","Caltrops+1","Bane+1","Madness+1","Deadly Poison+1","Night Terror","Mayhem+1","Bane+1"],"special_seed":0,"relics":["Ring of the Snake","Du-Vu Doll","Pear","Vajra","Happy Flower","Runic Pyramid","Turnip","Centennial Puzzle","MutagenicStrength","Bag of Preparation","Incense Burner","Astrolabe","Bird Faced Urn","HandDrill","Dead Branch"],"potions_floor_usage":[16,21,22,24,31,50],"damage_taken":[{"damage":1.0,"enemies":"2 Louse","floor":1.0,"turns":5.0},{"damage":0.0,"enemies":"Jaw Worm","floor":5.0,"turns":6.0},{"damage":6.0,"enemies":"Lagavulin","floor":7.0,"turns":10.0},{"damage":0,"enemies":"Cultist","floor":8,"turns":3},{"damage":9,"enemies":"Gremlin Nob","floor":12,"turns":6},{"damage":4,"enemies":"3 Louse","floor":14,"turns":3},{"damage":12,"enemies":"The Guardian","floor":16,"turns":9},{"damage":8,"enemies":"Spheric Guardian","floor":18,"turns":4},{"damage":11,"enemies":"2 Thieves","floor":19,"turns":4},{"damage":4,"enemies":"3 Cultists","floor":20,"turns":6},{"damage":2,"enemies":"Shelled Parasite and Fungi","floor":21,"turns":5},{"damage":12,"enemies":"Cultist and Chosen","floor":22,"turns":6},{"damage":0,"enemies":"Gremlin Leader","floor":24,"turns":4},{"damage":3,"enemies":"Slavers","floor":31,"turns":4},{"damage":0,"enemies":"Automaton","floor":33,"turns":8},{"damage":1,"enemies":"3 Darklings","floor":35,"turns":4},{"damage":0,"enemies":"Mind Bloom Boss Battle","floor":36,"turns":4},{"damage":0,"enemies":"Orb Walker","floor":38,"turns":3},{"damage":0,"enemies":"3 Darklings","floor":41,"turns":4},{"damage":0,"enemies":"Maw","floor":45,"turns":6},{"damage":77,"enemies":"Donu and Deca","floor":50,"turns":8},{"damage":11,"enemies":"Shield and Spear","floor":54,"turns":5},{"damage":77,"enemies":"The Heart","floor":55,"turns":9}],"seed_played":"6360799472001784588","potions_obtained":[{"floor":5.0,"key":"Dexterity Potion"},{"floor":8,"key":"Explosive Potion"},{"floor":14,"key":"Block Potion"},{"floor":19,"key":"AttackPotion"},{"floor":20,"key":"Weak Potion"},{"floor":22,"key":"Strength Potion"},{"floor":35,"key":"Block Potion"},{"floor":38,"key":"Swift Potion"},{"floor":41,"key":"Weak Potion"},{"floor":45,"key":"Fire Potion"}],"is_trial":false,"path_per_floor":["M","$","?","$","M","R","E","M","T","R","?","E","R","M","R","B",null,"M","M","M","M","M","R","E","?","T","R","?","R","$","E","R","B",null,"M","?","?","M","?","R","M","R","T","R","M","?","$","?","R","B",null,"R","$","E","B",null],"character_chosen":"THE_SILENT","items_purchased":["Bag of Preparation","Adrenaline","HandDrill"],"campfire_rested":0,"item_purchase_floors":[30,30,47],"current_hp_per_floor":[69,69,55,55,55,55,59,59,59,59,59,50,50,46,46,34,80,72,61,57,55,43,43,43,43,43,43,43,43,43,40,40,40,80,79,79,79,80,70,70,76,76,76,76,80,80,80,80,80,5,80,80,80,73,10],"gold":42,"neow_bonus":"ONE_RARE_RELIC","is_prod":false,"is_daily":false,"chose_seed":false,"campfire_upgraded":12,"win_rate":0,"timestamp":1547563771,"path_taken":["M","$","?","?","M","R","E","?","T","R","?","E","R","M","R","BOSS","M","M","?","M","M","R","E","?","T","R","?","R","?","E","R","BOSS","M","?","?","?","?","R","M","R","T","R","M","?","$","?","R","BOSS","R","$","E","BOSS"],"build_version":"2019-01-10","purchased_purges":2,"victory":true,"max_hp_per_floor":[70,70,70,70,70,70,80,80,80,80,80,80,80,80,80,80,80,80,80,80,80,80,80,80,80,80,80,80,80,80,80,80,80,80,80,80,80,80,80,80,80,80,80,80,80,80,80,80,80,80,80,80,80,80,80],"card_choices":[{"not_picked":["Sucker Punch","Infinite Blades"],"picked":"Heel Hook","floor":1.0},{"not_picked":["Predator","Backstab"],"picked":"Dagger Throw","floor":5.0},{"not_picked":["Crippling Poison","Terror"],"picked":"Wraith Form v2","floor":7},{"not_picked":["Slice","Backstab"],"picked":"Crippling Poison","floor":8},{"not_picked":["Eviscerate","Outmaneuver"],"picked":"Blur","floor":12},{"not_picked":["Blade Dance","Dagger Throw"],"picked":"Bouncing Flask","floor":14},{"not_picked":["Storm of Steel","Grand Finale"],"picked":"Bullet Time","floor":16},{"not_picked":["Outmaneuver","Flying Knee"],"picked":"Footwork+1","floor":18},{"not_picked":["Catalyst+1","Flying Knee+1"],"picked":"Poisoned Stab","floor":19},{"not_picked":["Tactician","Catalyst"],"picked":"Dagger Spray+1","floor":20},{"not_picked":["Expertise","Sucker Punch"],"picked":"Concentrate","floor":21},{"not_picked":["Prepared","Sucker Punch"],"picked":"Poisoned Stab","floor":22},{"not_picked":["Malaise","Acrobatics+1"],"picked":"Noxious Fumes","floor":24},{"not_picked":["Expertise","All Out Attack"],"picked":"Noxious Fumes","floor":31},{"not_picked":["Unload","Envenom"],"picked":"Corpse Explosion","floor":33},{"not_picked":["Blade Dance","Cloak And Dagger"],"picked":"Bane+1","floor":35},{"not_picked":["Predator","Quick Slash+1","Eviscerate"],"picked":"SKIP","floor":38},{"not_picked":["Slice","Flying Knee+1"],"picked":"Deadly Poison+1","floor":41},{"not_picked":["Dagger Throw+1","Sucker Punch"],"picked":"Night Terror","floor":45},{"not_picked":["Panacea","Impatience"],"picked":"Mayhem","floor":46},{"not_picked":["Backstab","Riddle With Holes"],"picked":"Bane+1","floor":54}],"player_experience":169148,"relics_obtained":[{"floor":7,"key":"Pear"},{"floor":9,"key":"Vajra"},{"floor":12,"key":"Happy Flower"},{"floor":24,"key":"Turnip"},{"floor":26,"key":"Centennial Puzzle"},{"floor":31,"key":"Incense Burner"},{"floor":36,"key":"Bird Faced Urn"},{"floor":54,"key":"Dead Branch"}],"event_choices":[{"damage_healed":0.0,"max_hp_gain":0.0,"max_hp_loss":0.0,"gold_gain":0.0,"event_name":"Shining Light","player_choice":"Entered Light","floor":3.0,"gold_loss":0.0,"damage_taken":14.0,"cards_upgraded":["Defend_G","Defend_G"]},{"damage_healed":0,"gold_gain":0,"player_choice":"Bought 0 Potions","damage_taken":0,"max_hp_gain":0,"max_hp_loss":0,"event_name":"The Woman in Blue","floor":11,"gold_loss":0},{"damage_healed":0,"gold_gain":99,"player_choice":"Stole From Cult","damage_taken":0,"max_hp_gain":0,"max_hp_loss":0,"event_name":"Nest","floor":25,"gold_loss":0},{"damage_healed":0,"gold_gain":0,"player_choice":"Inject Mutagens","damage_taken":0,"relics_obtained":["MutagenicStrength"],"max_hp_gain":0,"max_hp_loss":0,"event_name":"Drug Dealer","floor":28,"gold_loss":0},{"damage_healed":0,"gold_gain":0,"player_choice":"Fight","damage_taken":0,"max_hp_gain":0,"max_hp_loss":0,"event_name":"MindBloom","floor":36,"gold_loss":0},{"damage_healed":0,"gold_gain":0,"player_choice":"Leave","damage_taken":0,"max_hp_gain":0,"max_hp_loss":0,"event_name":"FaceTrader","floor":37,"gold_loss":0},{"damage_healed":0,"gold_gain":0,"player_choice":"Embrace Madness","damage_taken":10,"max_hp_gain":0,"max_hp_loss":0,"event_name":"Winding Halls","floor":39,"gold_loss":0,"cards_obtained":["Madness","Madness"]},{"damage_healed":0,"gold_gain":0,"player_choice":"Memory 1","damage_taken":0,"max_hp_gain":0,"max_hp_loss":0,"event_name":"SensoryStone","floor":46,"gold_loss":0},{"cards_removed":["Madness"],"damage_healed":0,"gold_gain":0,"player_choice":"Removed Skill","damage_taken":0,"max_hp_gain":0,"max_hp_loss":0,"event_name":"Falling","floor":48,"gold_loss":0}],"is_beta":false,"boss_relics":[{"not_picked":["Orrery","Busted Crown"],"picked":"Runic Pyramid"},{"not_picked":["Pandora\u0027s Box","Tiny House"],"picked":"Astrolabe"}],"items_purged_floors":[30,47],"is_endless":false,"potions_floor_spawned":[5,8,14,19,20,22,35,38,41,45],"ascension_level":3}