{"path_per_floor":["M","M","?","?","M","E","R","M","T","M","?","M","R","M","R","B",null,"M","M","?","?","?","R","M","R","T","R","$","R","$","M","R"],"character_chosen":"IRONCLAD","items_purchased":["Metallicize"],"gold_per_floor":[17,30,105,55,74,103,103,121,121,136,136,155,155,170,170,272,272,285,300,300,300,350,350,360,360,360,360,214,214,114,131,131,131],"floor_reached":33,"campfire_rested":3,"playtime":1205,"current_hp_per_floor":[77,80,69,69,75,36,60,60,74,53,46,52,52,58,86,30,94,89,74,74,55,55,84,82,82,82,82,82,82,82,82,82,0],"items_purged":["Strike_R","Strike_R"],"gold":131,"score":272,"play_id":"b131429a-8ad8-4495-8f62-502582e672e9","local_time":"20180328094738","is_prod":false,"is_daily":false,"is_ascension_mode":false,"campfire_upgraded":5,"timestamp":1522223258,"path_taken":["M","M","?","?","M","E","R","M","T","M","?","?","R","M","R","BOSS","M","M","?","?","?","R","M","R","T","R","$","R","?","M","R","BOSS"],"build_version":"2018-03-22v2","purchased_purges":2,"victory":false,"master_deck":["Strike_R","Defend_R","Defend_R","Defend_R","Defend_R","Bash","Heavy Blade+1","Ghostly Armor","Iron Wave","Flex","Shrug It Off","Clothesline","Rampage+1","Whirlwind","Offering","Shrug It Off+1","Spot Weakness+1","Flex+1","Metallicize+1"],"max_hp_per_floor":[80,80,80,80,80,80,80,80,94,94,94,94,94,94,94,94,94,94,94,94,99,99,99,99,99,99,99,99,99,99,99,99,99],"relics":["Burning Blood","Red Skull","Charon\u0027s Ashes","Mango","White Beast Statue","Gremlin Horn","Calipers"],"card_choices":[{"not_picked":["Anger","Cleave"],"picked":"Heavy Blade","floor":1},{"not_picked":["Seeing Red","Reckless Charge"],"picked":"Ghostly Armor","floor":2},{"not_picked":["Armaments","Anger"],"picked":"Iron Wave","floor":5},{"not_picked":["Thunderclap","Headbutt"],"picked":"Flex","floor":6},{"not_picked":["Uppercut","Twin Strike"],"picked":"Shrug It Off","floor":8},{"not_picked":["Whirlwind","Intimidate"],"picked":"Clothesline","floor":10},{"not_picked":["Anger","Clash"],"picked":"Rampage","floor":12},{"not_picked":["Juggernaut","Second Wind"],"picked":"Whirlwind","floor":14},{"not_picked":["Double Tap","Berserk"],"picked":"Offering","floor":16},{"not_picked":["Twin Strike","Havoc"],"picked":"Shrug It Off","floor":18},{"not_picked":["Juggernaut","Blood for Blood"],"picked":"Spot Weakness","floor":19},{"not_picked":["Perfected Strike","True Grit"],"picked":"Flex","floor":24}],"player_experience":199681,"potions_floor_usage":[8,14,18,18,19,24,31],"damage_taken":[{"damage":9,"enemies":"Jaw Worm","floor":1,"turns":4},{"damage":0,"enemies":"2 Louse","floor":2,"turns":3},{"damage":0,"enemies":"Cultist","floor":5,"turns":3},{"damage":45,"enemies":"Lagavulin","floor":6,"turns":9},{"damage":6,"enemies":"3 Louse","floor":8,"turns":3},{"damage":27,"enemies":"Exordium Thugs","floor":10,"turns":4},{"damage":0,"enemies":"Exordium Wildlife","floor":12,"turns":3},{"damage":0,"enemies":"Lots of Slimes","floor":14,"turns":5},{"damage":62,"enemies":"The Guardian","floor":16,"turns":12},{"damage":11,"enemies":"2 Thieves","floor":18,"turns":4},{"damage":21,"enemies":"Shell Parasite","floor":19,"turns":10},{"damage":20,"enemies":"Centurion and Healer","floor":24,"turns":7},{"damage":6,"enemies":"Snecko","floor":31,"turns":5},{"damage":113,"enemies":"Champ","floor":33,"turns":12}],"event_choices":[{"event_name":"World of Goop","player_choice":"Gather Gold","floor":3,"damage_taken":0},{"event_name":"The Cleric","player_choice":"Card Removal","floor":4,"damage_taken":0},{"event_name":"Golden Wing","player_choice":"Card Removal","floor":11,"damage_taken":0},{"event_name":"The Mausoleum","player_choice":"Yes","floor":20,"damage_taken":0},{"event_name":"Forgotten Altar","player_choice":"Shed Blood","floor":21,"damage_taken":0},{"event_name":"The Joust","player_choice":"Bet on Murderer","floor":22,"damage_taken":0}],"boss_relics":[{"not_picked":["Philosopher\u0027s Stone","Ectoplasm"],"picked":"White Beast Statue"}],"potions_floor_spawned":[6,10,14,16,18,19,24,31],"seed_played":"6748118388840868091","killed_by":"Champ","ascension_level":0,"is_trial":false}