{"gold_per_floor":[109,34,34,52,227,227,242,257,334,349,349,365,365,384,384,384],"floor_reached":16,"playtime":576,"items_purged":["Go for the Eyes"],"score":94,"play_id":"4217d407-c4fc-4e30-8d2b-666bcb0ff26e","local_time":"20181023173704","is_ascension_mode":false,"campfire_choices":[{"data":"Zap","floor":6,"key":"SMITH"},{"data":"Heatsinks","floor":13,"key":"SMITH"},{"data":"FTL","floor":15,"key":"SMITH"}],"neow_cost":"NONE","seed_source_timestamp":1037021333830714,"circlet_count":0,"master_deck":["Strike_B","Strike_B","Strike_B","Defend_B","Defend_B","Defend_B","Defend_B","Zap+1","Dualcast","Heatsinks+1","Doubt","Gash","FTL+1","Hologram","Biased Cognition","Compile Driver"],"relics":["Cracked Core","NeowsBlessing","Golden Idol","Gremlin Horn"],"potions_floor_usage":[8,16,16],"damage_taken":[{"damage":0,"enemies":"Small Slimes","floor":1,"turns":1},{"damage":0,"enemies":"2 Louse","floor":4,"turns":1},{"damage":0,"enemies":"Jaw Worm","floor":7,"turns":1},{"damage":5,"enemies":"2 Fungi Beasts","floor":8,"turns":3},{"damage":5,"enemies":"Looter","floor":10,"turns":3},{"damage":1,"enemies":"Exordium Thugs","floor":12,"turns":4},{"damage":8,"enemies":"2 Fungi Beasts","floor":14,"turns":3},{"damage":30,"enemies":"Hexaghost","floor":16,"turns":9}],"seed_played":"-5504015051734922926","potions_obtained":[{"floor":1,"key":"SkillPotion"},{"floor":8,"key":"LiquidBronze"},{"floor":14,"key":"Dexterity Potion"}],"is_trial":false,"path_per_floor":["M","$","?","M","?","R","M","M","T","M","?","M","R","M","R"],"character_chosen":"DEFECT","items_purchased":[],"campfire_rested":0,"item_purchase_floors":[],"current_hp_per_floor":[75,75,69,69,69,69,69,64,64,59,59,58,58,50,50,20],"gold":384,"neow_bonus":"THREE_ENEMY_KILL","is_prod":false,"is_daily":false,"chose_seed":false,"campfire_upgraded":3,"win_rate":0.0,"timestamp":1540269424,"path_taken":["M","$","?","M","?","R","M","M","T","M","?","M","R","?","R","BOSS"],"build_version":"2018-10-18","purchased_purges":1,"victory":false,"max_hp_per_floor":[75,75,69,69,69,69,69,69,69,69,69,69,69,69,69,69],"card_choices":[{"not_picked":["Aggregate","Rip and Tear"],"picked":"Go for the Eyes","floor":1},{"not_picked":["Barrage","Sweeping Beam"],"picked":"Heatsinks","floor":4},{"not_picked":["Tempest","Turbo"],"picked":"Gash","floor":7},{"not_picked":["Stack","Melter"],"picked":"FTL","floor":8},{"not_picked":["Streamline","Storm"],"picked":"Hologram","floor":10},{"not_picked":["Auto Shields","Glacier"],"picked":"Compile Driver","floor":12},{"not_picked":["Force Field","Cold Snap","Hologram"],"picked":"SKIP","floor":14}],"player_experience":192064,"relics_obtained":[{"floor":9,"key":"Gremlin Horn"}],"event_choices":[{"damage_healed":0,"gold_gain":0,"player_choice":"Lose Max HP","damage_taken":0,"relics_obtained":["Golden Idol"],"max_hp_gain":0,"max_hp_loss":6,"event_name":"Golden Idol","floor":3,"gold_loss":0},{"damage_healed":0,"gold_gain":175,"player_choice":"AGREE","damage_taken":0,"max_hp_gain":0,"max_hp_loss":0,"event_name":"Liars Game","floor":5,"gold_loss":0,"cards_obtained":["Doubt"]},{"damage_healed":0,"gold_gain":0,"cards_transformed":["Strike_B"],"player_choice":"Transformed","damage_taken":0,"max_hp_gain":0,"max_hp_loss":0,"event_name":"Transmorgrifier","floor":11,"gold_loss":0,"cards_obtained":["Biased Cognition"]}],"is_beta":false,"boss_relics":[],"items_purged_floors":[2],"is_endless":false,"potions_floor_spawned":[1,8,14],"killed_by":"Hexaghost","ascension_level":0}