{"gold_per_floor":[115,40,54,24,24,24,59,71,71,71,84,84,95,155,155,233,233,251,251,176,208,39,39,39,70,70,70,85,85,85,98,98,172,172,189,289,337,237,237,272,282,315,386,415,415,427,442,101,101,101,101,101,101,101,135,135],"floor_reached":56,"playtime":3653,"items_purged":["Strike_B+1","Strike_B+1","Zap"],"score":2203,"play_id":"0c61e1ad-38e7-4668-8f5c-9bb24298a31e","local_time":"20181226184223","is_ascension_mode":true,"campfire_choices":[{"data":"Sunder","floor":6.0,"key":"SMITH"},{"data":"Turbo","floor":10.0,"key":"SMITH"},{"data":"Undo","floor":12.0,"key":"SMITH"},{"data":"Steam Power","floor":15.0,"key":"SMITH"},{"data":"Hologram","floor":23.0,"key":"SMITH"},{"data":"Recycle","floor":27.0,"key":"SMITH"},{"floor":30.0,"key":"REST"},{"data":"Fission","floor":32.0,"key":"SMITH"},{"data":"Coolheaded","floor":45.0,"key":"SMITH"},{"floor":49.0,"key":"RECALL"},{"data":"Hologram","floor":53.0,"key":"SMITH"}],"neow_cost":"NONE","seed_source_timestamp":19106783022966,"circlet_count":0,"master_deck":["AscendersBane","Defend_B+1","Defend_B+1","Defend_B+1","Defend_B+1","Dualcast","Sunder+1","Turbo+1","Compile Driver","Echo Form","Undo+1","Double Energy","Steam Power+1","Meteor Strike+1","Hologram+1","Glacier+1","Meteor Strike+1","Recycle+1","Hologram+1","Fission+1","Echo Form","Tempest","Hologram+1","Rebound+1","Coolheaded+1","Buffer+1","Capacitor+1"],"special_seed":0,"relics":["Cracked Core","NeowsBlessing","Nunchaku","Molten Egg 2","Tiny Chest","Sozu","Red Mask","Pear","Kunai","Black Star","Prayer Wheel","FossilizedHelix","Juzu Bracelet","Frozen Egg 2","Emotion Chip","Cables","Gremlin Horn","Oddly Smooth Stone","Lee\u0027s Waffle","Letter Opener","Happy Flower"],"potions_floor_usage":[],"damage_taken":[{"damage":0.0,"enemies":"Jaw Worm","floor":1.0,"turns":1.0},{"damage":0.0,"enemies":"Small Slimes","floor":3.0,"turns":1.0},{"damage":0.0,"enemies":"Gremlin Nob","floor":7.0,"turns":1.0},{"damage":0.0,"enemies":"2 Louse","floor":8.0,"turns":2.0},{"damage":11.0,"enemies":"Exordium Thugs","floor":11.0,"turns":3.0},{"damage":0.0,"enemies":"Large Slime","floor":13.0,"turns":2.0},{"damage":11.0,"enemies":"3 Sentries","floor":14.0,"turns":6.0},{"damage":2.0,"enemies":"Slime Boss","floor":16.0,"turns":6.0},{"damage":11.0,"enemies":"Shell Parasite","floor":18.0,"turns":5.0},{"damage":3.0,"enemies":"Masked Bandits","floor":21.0,"turns":2.0},{"damage":19.0,"enemies":"Gremlin Leader","floor":25.0,"turns":7.0},{"damage":0.0,"enemies":"3 Byrds","floor":28.0,"turns":3.0},{"damage":2.0,"enemies":"Cultist and Chosen","floor":31.0,"turns":5.0},{"damage":37.0,"enemies":"Automaton","floor":33.0,"turns":9.0},{"damage":3.0,"enemies":"3 Darklings","floor":35.0,"turns":4.0},{"damage":0.0,"enemies":"Mind Bloom Boss Battle","floor":36.0,"turns":4.0},{"damage":0.0,"enemies":"2 Orb Walkers","floor":37.0,"turns":4.0},{"damage":9.0,"enemies":"Nemesis","floor":40.0,"turns":9.0},{"damage":0.0,"enemies":"3 Shapes","floor":41.0,"turns":5.0},{"damage":0.0,"enemies":"Reptomancer","floor":42.0,"turns":3.0},{"damage":0.0,"enemies":"Nemesis","floor":44.0,"turns":5.0},{"damage":0.0,"enemies":"3 Darklings","floor":46.0,"turns":3.0},{"damage":0.0,"enemies":"Maw","floor":47.0,"turns":6.0},{"damage":2.0,"enemies":"Time Eater","floor":50.0,"turns":12.0},{"damage":0.0,"enemies":"Awakened One","floor":51.0,"turns":10.0},{"damage":44.0,"enemies":"Shield and Spear","floor":55.0,"turns":8.0},{"damage":80,"enemies":"The Heart","floor":56,"turns":3}],"seed_played":"2536494508097792951","potions_obtained":[{"floor":7.0,"key":"LiquidBronze"},{"floor":8.0,"key":"LiquidBronze"},{"floor":11.0,"key":"Strength Potion"}],"is_trial":false,"path_per_floor":["M","?","M","$","?","R","E","M","T","R","M","R","M","E","R","B",null,"M","?","$","?","$","R","?","E","T","R","M","?","R","M","R","B",null,"M","?","?","$","?","E","M","E","T","E","R","M","M","$","R","B","B",null,"R","$","E","B"],"character_chosen":"DEFECT","items_purchased":["Compile Driver","Meteor Strike+1","Lee\u0027s Waffle"],"campfire_rested":1,"item_purchase_floors":[4,22,48],"current_hp_per_floor":[64,64,64,64,64,64,64,64,64,64,53,53,53,42,42,40,63,52,52,52,49,49,49,49,40,40,40,40,17,42,40,40,3,65,62,62,62,62,62,53,53,53,53,53,53,53,53,93,93,91,91,93,93,93,49,0],"gold":135,"neow_bonus":"THREE_ENEMY_KILL","is_prod":false,"is_daily":false,"chose_seed":false,"campfire_upgraded":9,"win_rate":0,"timestamp":1545817343,"path_taken":["M","?","M","$","?","R","E","M","T","R","M","R","M","E","R","BOSS","M","?","$","?","$","R","?","E","T","R","?","?","R","M","R","BOSS","M","?","?","$","?","E","M","E","T","E","R","M","M","$","R","BOSS","BOSS","R","$","E","BOSS"],"build_version":"2018-12-20","purchased_purges":3,"victory":false,"max_hp_per_floor":[71,71,71,71,71,71,71,71,71,71,71,71,71,71,71,71,71,71,71,71,71,71,71,71,81,81,81,81,86,86,86,86,86,86,86,86,86,86,86,86,86,86,86,86,86,86,86,93,93,93,93,93,93,93,93,93],"card_choices":[{"not_picked":["Hologram","Sweeping Beam"],"picked":"Sunder","floor":1.0},{"not_picked":["Compile Driver","Rebound"],"picked":"Turbo","floor":3.0},{"not_picked":["Beam Cell","Chaos"],"picked":"Echo Form","floor":7.0},{"not_picked":["Compile Driver","Consume"],"picked":"Leap","floor":8.0},{"not_picked":["Leap","Beam Cell+1"],"picked":"Undo","floor":11.0},{"not_picked":["Go for the Eyes+1","Storm"],"picked":"Double Energy","floor":13.0},{"not_picked":["Static Discharge","Barrage+1"],"picked":"Steam Power","floor":14.0},{"not_picked":["Creative AI","Biased Cognition"],"picked":"Meteor Strike+1","floor":16.0},{"not_picked":["Conserve Battery","Double Energy"],"picked":"Hologram","floor":18.0},{"not_picked":["FTL+1","Sunder+1"],"picked":"Glacier+1","floor":21.0},{"not_picked":["Steam Power","Blizzard+1"],"picked":"Recycle","floor":25.0},{"not_picked":["Gash+1","Rebound+1"],"picked":"Hologram","floor":28.0},{"not_picked":["Defragment","Fusion"],"picked":"Fission","floor":31.0},{"not_picked":["Electrodynamics","Multi-Cast"],"picked":"Echo Form","floor":33.0},{"not_picked":["Streamline+1","FTL+1"],"picked":"Tempest","floor":35.0},{"not_picked":["Doom and Gloom+1","Recycle","Aggregate+1"],"picked":"SKIP","floor":40.0},{"not_picked":["Genetic Algorithm+1","Leap"],"picked":"Hologram+1","floor":41.0},{"not_picked":["Scrape+1","Hologram"],"picked":"Rebound+1","floor":41.0},{"not_picked":["Stack","Streamline+1","Lockon+1"],"picked":"SKIP","floor":42.0},{"not_picked":["Steam","Compile Driver+1"],"picked":"Coolheaded","floor":44.0},{"not_picked":["Stack","Consume"],"picked":"Buffer+1","floor":46.0},{"not_picked":["Rebound+1","Coolheaded","Melter+1"],"picked":"SKIP","floor":46.0},{"not_picked":["Steam Power","Rebound+1","Chaos"],"picked":"SKIP","floor":47.0},{"not_picked":["Leap+1","Auto Shields","Blizzard+1"],"picked":"SKIP","floor":47.0},{"not_picked":["Gash+1","Melter+1"],"picked":"Capacitor+1","floor":55.0}],"player_experience":857503,"relics_obtained":[{"floor":7.0,"key":"Nunchaku"},{"floor":9.0,"key":"Molten Egg 2"},{"floor":14.0,"key":"Tiny Chest"},{"floor":21.0,"key":"Red Mask"},{"floor":25.0,"key":"Pear"},{"floor":26.0,"key":"Kunai"},{"floor":36.0,"key":"Prayer Wheel"},{"floor":37.0,"key":"FossilizedHelix"},{"floor":40.0,"key":"Juzu Bracelet"},{"floor":40.0,"key":"Frozen Egg 2"},{"floor":42.0,"key":"Emotion Chip"},{"floor":42.0,"key":"Cables"},{"floor":44.0,"key":"Gremlin Horn"},{"floor":44.0,"key":"Oddly Smooth Stone"},{"floor":55.0,"key":"Letter Opener"},{"floor":55.0,"key":"Happy Flower"}],"event_choices":[{"cards_removed":["Strike_B"],"damage_healed":0.0,"max_hp_gain":0.0,"max_hp_loss":0.0,"gold_gain":0.0,"event_name":"The Cleric","player_choice":"Card Removal","floor":2.0,"gold_loss":75.0,"damage_taken":0.0},{"damage_healed":0.0,"max_hp_gain":0.0,"max_hp_loss":0.0,"gold_gain":0.0,"event_name":"Liars Game","player_choice":"Ignored","floor":5.0,"gold_loss":0.0,"damage_taken":0.0},{"damage_healed":0.0,"max_hp_gain":0.0,"max_hp_loss":0.0,"gold_gain":0.0,"event_name":"Back to Basics","player_choice":"Simplicity","floor":19.0,"gold_loss":0.0,"damage_taken":0.0,"cards_upgraded":["Strike_B","Strike_B","Strike_B","Defend_B","Defend_B","Defend_B","Defend_B"]},{"damage_healed":0.0,"max_hp_gain":0.0,"max_hp_loss":0.0,"gold_gain":0.0,"event_name":"Masked Bandits","player_choice":"Fought Bandits","floor":21.0,"gold_loss":0.0,"damage_taken":0.0},{"cards_removed":["Strike_B"],"damage_healed":0.0,"max_hp_gain":0.0,"max_hp_loss":0.0,"gold_gain":0.0,"event_name":"Wheel of Change","player_choice":"Card Removal","floor":24.0,"gold_loss":0.0,"damage_taken":0.0},{"damage_healed":0.0,"max_hp_gain":5.0,"max_hp_loss":0.0,"gold_gain":0.0,"event_name":"Forgotten Altar","player_choice":"Shed Blood","floor":29.0,"gold_loss":0.0,"damage_taken":28.0},{"damage_healed":0.0,"max_hp_gain":0.0,"max_hp_loss":0.0,"gold_gain":0.0,"event_name":"MindBloom","player_choice":"Fight","floor":36.0,"gold_loss":0.0,"damage_taken":0.0},{"damage_healed":0.0,"max_hp_gain":0.0,"max_hp_loss":0.0,"gold_gain":0.0,"event_name":"Mysterious Sphere","player_choice":"Fight","floor":37.0,"gold_loss":0.0,"damage_taken":0.0},{"cards_removed":["Leap"],"damage_healed":0.0,"max_hp_gain":0.0,"max_hp_loss":0.0,"gold_gain":0.0,"event_name":"Falling","player_choice":"Removed Skill","floor":39.0,"gold_loss":0.0,"damage_taken":0.0}],"is_beta":false,"boss_relics":[{"not_picked":["Lizard Tail","Velvet Choker"],"picked":"Sozu"},{"not_picked":["White Beast Statue","Pandora\u0027s Box"],"picked":"Black Star"}],"items_purged_floors":[20,38,48],"is_endless":false,"potions_floor_spawned":[7,8,11,16,18,21,31,33,37,44,46,47,55],"killed_by":"The Heart","ascension_level":20}