{"gold_per_floor":[112,62,80,80,80,122,134,161,173,205,236,268,280],"floor_reached":13,"playtime":645,"items_purged":[],"score":104,"play_id":"7176e8c8-c281-4124-9b0f-ea0e1fcc1c63","local_time":"20190131173253","is_ascension_mode":true,"campfire_choices":[{"floor":7,"key":"REST"}],"neow_cost":"NONE","seed_source_timestamp":1203747775942940,"circlet_count":0,"master_deck":["Strike_R","Strike_R","Strike_R","Strike_R","Defend_R","Defend_R","Defend_R","Defend_R","Bash","Spot Weakness","Shrug It Off","Regret","Burning Pact","Armaments","Headbutt","Shrug It Off","Dropkick","Body Slam","Shrug It Off","Ghostly Armor"],"relics":["Sozu","Prayer Wheel","MawBank","Mercury Hourglass"],"potions_floor_usage":[],"damage_taken":[{"damage":0,"enemies":"Cultist","floor":1,"turns":3},{"damage":3,"enemies":"Jaw Worm","floor":3,"turns":4},{"damage":31,"enemies":"Gremlin Nob","floor":6,"turns":4},{"damage":3,"enemies":"2 Louse","floor":8,"turns":2},{"damage":11,"enemies":"Exordium Wildlife","floor":10,"turns":4},{"damage":18,"enemies":"Gremlin Gang","floor":11,"turns":4},{"damage":2,"enemies":"Blue Slaver","floor":12,"turns":3},{"damage":26,"enemies":"Lagavulin","floor":13,"turns":5}],"seed_played":"3844019886293548907","potions_obtained":[],"is_trial":false,"path_per_floor":["M","?","M","?","?","E","R","M","T","M","M","M","E"],"character_chosen":"IRONCLAD","items_purchased":[],"campfire_rested":1,"item_purchase_floors":[],"current_hp_per_floor":[80,80,77,65,65,34,58,55,55,44,26,24,0],"gold":280,"neow_bonus":"BOSS_RELIC","is_prod":false,"is_daily":false,"chose_seed":false,"campfire_upgraded":0,"win_rate":0,"timestamp":1548952373,"path_taken":["M","?","M","?","?","E","R","?","T","M","?","?","E"],"build_version":"2019-01-23","purchased_purges":0,"victory":false,"max_hp_per_floor":[80,80,80,80,80,80,80,80,80,80,80,80,80],"card_choices":[{"not_picked":["Anger","Reckless Charge"],"picked":"Spot Weakness","floor":1},{"not_picked":["Warcry","Flex"],"picked":"Shrug It Off","floor":3},{"not_picked":["Immolate","Spot Weakness"],"picked":"Burning Pact","floor":6},{"not_picked":["Spot Weakness","Flex"],"picked":"Armaments","floor":8},{"not_picked":["Thunderclap","Rupture"],"picked":"Headbutt","floor":8},{"not_picked":["Thunderclap","Cleave"],"picked":"Shrug It Off","floor":10},{"not_picked":["Rage","Corruption"],"picked":"Dropkick","floor":10},{"not_picked":["Headbutt","Dropkick"],"picked":"Body Slam","floor":11},{"not_picked":["Bloodletting","Cleave","Sever Soul"],"picked":"SKIP","floor":11},{"not_picked":["Clothesline","Blood for Blood"],"picked":"Shrug It Off","floor":12},{"not_picked":["Clash","Armaments"],"picked":"Ghostly Armor","floor":12}],"player_experience":465598,"relics_obtained":[{"floor":6,"key":"Mercury Hourglass"}],"event_choices":[{"cards_removed":["Strike_R"],"damage_healed":0,"gold_gain":0,"player_choice":"Card Removal","damage_taken":0,"max_hp_gain":0,"max_hp_loss":0,"event_name":"The Cleric","floor":2,"gold_loss":50},{"damage_healed":0,"gold_gain":0,"player_choice":"Success","damage_taken":12,"relics_obtained":["Prayer Wheel"],"max_hp_gain":0,"max_hp_loss":0,"event_name":"Scrap Ooze","floor":4,"gold_loss":0},{"damage_healed":0,"gold_gain":0,"player_choice":"Box","damage_taken":0,"relics_obtained":["MawBank"],"max_hp_gain":0,"max_hp_loss":0,"event_name":"Big Fish","floor":5,"gold_loss":0,"cards_obtained":["Regret"]}],"is_beta":false,"boss_relics":[],"items_purged_floors":[],"is_endless":false,"potions_floor_spawned":[6,8,12],"killed_by":"Lagavulin","ascension_level":4}