{"gold_per_floor":[368,368,391,43,43,43,74,74,74,117,82,82,113,127,127,220,220,241,29,29,454,470,470,486,486,531,562,149,64,64,82,82,180,180,203,536,536,133,149,149,149,149,149,149,168,268,303,92,92,92,92,92,92,50,85,85],"floor_reached":57,"playtime":3162,"items_purged":["Injury","Strike_B","Doubt","Injury"],"score":3070,"play_id":"78c70274-79b4-4a46-a4c6-b4c3a188862a","local_time":"20190616094804","is_ascension_mode":true,"campfire_choices":[{"data":"Zap","floor":6.0,"key":"SMITH"},{"data":"Reboot","floor":8.0,"key":"SMITH"},{"data":"Loop","floor":15.0,"key":"SMITH"},{"floor":23.0,"key":"REST"},{"floor":25.0,"key":"REST"},{"floor":30.0,"key":"REST"},{"data":"Ghostly","floor":32.0,"key":"SMITH"},{"data":"Darkness","floor":40.0,"key":"SMITH"},{"data":"Creative AI","floor":42.0,"key":"SMITH"},{"data":"Defragment","floor":44.0,"key":"SMITH"},{"floor":49.0,"key":"RECALL"},{"data":"Apotheosis","floor":53,"key":"SMITH"}],"neow_cost":"TEN_PERCENT_HP_LOSS","seed_source_timestamp":152417327172100,"circlet_count":0,"master_deck":["AscendersBane","Defend_B","Defend_B","Defend_B","Defend_B","Zap+1","Dualcast","Ball Lightning","Panacea","Reboot+1","Melter","Loop+1","Echo Form","Writhe","Ghostly+1","Ghostly","Ghostly","Turbo","Genetic Algorithm","Chill","Reboot","Coolheaded","Ghostly","White Noise","Creative AI+1","Genetic Algorithm+1","Reinforced Body+1","Steam+1","Heatsinks","Defragment+1","Double Energy","Darkness+1","Glacier","Turbo+1","Apotheosis+1"],"special_seed":0,"relics":["Cracked Core","PreservedInsect","Dead Branch","Art of War","Dream Catcher","Mango","Blue Candle","StoneCalendar","Calling Bell","Boot","Sundial","Gambling Chip","Membership Card","Old Coin","Pear","FossilizedHelix","Happy Flower","Letter Opener","DollysMirror","Bird Faced Urn","Astrolabe","Lantern","Lee\u0027s Waffle","Strawberry","Bag of Marbles","Emotion Chip","Symbiotic Virus","Vajra"],"potions_floor_usage":[51,55],"damage_taken":[{"damage":2.0,"enemies":"Jaw Worm","floor":1.0,"turns":4.0},{"damage":0.0,"enemies":"Small Slimes","floor":3.0,"turns":3.0},{"damage":10.0,"enemies":"3 Sentries","floor":7.0,"turns":4.0},{"damage":14.0,"enemies":"Lagavulin","floor":10.0,"turns":7.0},{"damage":20.0,"enemies":"3 Sentries","floor":13.0,"turns":5.0},{"damage":0.0,"enemies":"2 Louse","floor":14.0,"turns":2.0},{"damage":8.0,"enemies":"Hexaghost","floor":16.0,"turns":7.0},{"damage":7.0,"enemies":"Spheric Guardian","floor":18.0,"turns":3.0},{"damage":10.0,"enemies":"Colosseum Slavers","floor":21.0,"turns":4.0},{"damage":20.0,"enemies":"Colosseum Nobs","floor":21.0,"turns":5.0},{"damage":1.0,"enemies":"Chosen","floor":22.0,"turns":4.0},{"damage":9.0,"enemies":"3 Cultists","floor":24.0,"turns":5.0},{"damage":19.0,"enemies":"Book of Stabbing","floor":27.0,"turns":5.0},{"damage":0.0,"enemies":"Sentry and Sphere","floor":31.0,"turns":4.0},{"damage":2.0,"enemies":"Automaton","floor":33.0,"turns":9.0},{"damage":0.0,"enemies":"3 Shapes","floor":35.0,"turns":3.0},{"damage":0.0,"enemies":"Orb Walker","floor":39.0,"turns":4.0},{"damage":0.0,"enemies":"Sphere and 2 Shapes","floor":45.0,"turns":4.0},{"damage":0.0,"enemies":"Mind Bloom Boss Battle","floor":46.0,"turns":6.0},{"damage":0.0,"enemies":"Nemesis","floor":47.0,"turns":8.0},{"damage":0.0,"enemies":"Time Eater","floor":50.0,"turns":10.0},{"damage":41,"enemies":"Awakened One","floor":51,"turns":13},{"damage":0,"enemies":"Shield and Spear","floor":55,"turns":9},{"damage":54,"enemies":"The Heart","floor":56,"turns":9}],"seed_played":"3830716433658349098","potions_obtained":[{"floor":3.0,"key":"EssenceOfSteel"},{"floor":10.0,"key":"PowerPotion"},{"floor":18.0,"key":"SteroidPotion"},{"floor":21.0,"key":"Ancient Potion"},{"floor":31.0,"key":"Poison Potion"},{"floor":33.0,"key":"SkillPotion"},{"floor":35.0,"key":"Block Potion"}],"is_trial":false,"path_per_floor":["M","?","M","$","?","R","E","R","T","E","?","T","E","M","R","B",null,"M","$","?","?","M","R","M","R","T","E","$","?","R","M","R","B",null,"M","?","?","$","M","R","?","R","T","R","M","?","E","$","R","B","B",null,"R","$","E","B",null],"character_chosen":"DEFECT","items_purchased":["PreservedInsect","Panacea","Membership Card","Coolheaded","Happy Flower","Letter Opener","DollysMirror","Lantern","Defragment","Double Energy","Lee\u0027s Waffle","Strawberry","FocusPotion","Apotheosis","GamblersBrew"],"campfire_rested":3,"item_purchase_floors":[4,4,19,28,28,28,28,38,38,38,38,38,48,48,54],"current_hp_per_floor":[62,62,62,62,51,51,41,41,41,41,60,60,40,40,40,32,67,60,60,39,19,18,32,23,37,37,18,18,18,32,40,40,49,49,49,49,49,63,63,63,63,63,63,63,63,63,63,63,63,63,63,63,63,63,63,27],"gold":85,"neow_bonus":"TWO_FIFTY_GOLD","is_prod":false,"is_daily":false,"chose_seed":false,"campfire_upgraded":8,"win_rate":0,"timestamp":1560646084,"path_taken":["M","?","M","$","?","R","E","R","T","E","?","?","E","M","R","BOSS","M","$","?","?","M","R","M","R","T","E","$","?","R","?","R","BOSS","M","?","?","$","?","R","?","R","T","R","M","?","E","$","R","BOSS","BOSS","R","$","E","BOSS"],"build_version":"2019-01-23","purchased_purges":4,"victory":true,"max_hp_per_floor":[64,64,64,64,64,64,64,64,64,78,78,78,78,78,78,78,78,78,78,39,49,49,49,49,49,49,49,49,49,49,49,49,49,49,49,49,49,63,63,63,63,63,63,63,63,63,63,63,63,63,63,63,63,63,63,63],"card_choices":[{"not_picked":["Turbo","Conserve Battery"],"picked":"Compile Driver","floor":1.0},{"not_picked":["Turbo","Go for the Eyes"],"picked":"Ball Lightning","floor":3.0},{"not_picked":["Ball Lightning","Leap"],"picked":"Reboot","floor":7.0},{"not_picked":["Sunder","Go for the Eyes"],"picked":"Melter","floor":10.0},{"not_picked":["Chaos","Heatsinks"],"picked":"Loop","floor":13.0},{"not_picked":["Scrape","Conserve Battery","Leap"],"picked":"SKIP","floor":14.0},{"not_picked":["Buffer","Hyperbeam"],"picked":"Echo Form","floor":16.0},{"not_picked":["Storm","FTL","Doom and Gloom"],"picked":"SKIP","floor":18.0},{"not_picked":["Reinforced Body","Scrape"],"picked":"Turbo","floor":21.0},{"not_picked":["Auto Shields","Sweeping Beam"],"picked":"Genetic Algorithm","floor":22.0},{"not_picked":["Chaos+1","Scrape"],"picked":"Chill","floor":23.0},{"not_picked":["Melter","Redo","Rebound"],"picked":"SKIP","floor":24.0},{"not_picked":["Stack","Static Discharge"],"picked":"Reboot","floor":27.0},{"not_picked":["BootSequence","Barrage"],"picked":"White Noise","floor":31.0},{"not_picked":["Buffer","All For One"],"picked":"Creative AI","floor":33.0},{"not_picked":["Ball Lightning+1","Stack","Sweeping Beam"],"picked":"SKIP","floor":35.0},{"not_picked":["Ball Lightning+1","Stack","Sweeping Beam"],"picked":"SKIP","floor":35.0},{"not_picked":["Redo+1","Steam"],"picked":"Darkness","floor":39.0},{"not_picked":["Chaos","Heatsinks","Turbo"],"picked":"SKIP","floor":45.0},{"not_picked":["Chaos","Heatsinks","Turbo"],"picked":"SKIP","floor":45.0},{"not_picked":["Turbo","Aggregate"],"picked":"Glacier","floor":46.0},{"not_picked":["Lockon","Hologram+1"],"picked":"Turbo+1","floor":47.0},{"not_picked":["Ball Lightning","Meteor Strike","Conserve Battery"],"picked":"SKIP","floor":55}],"player_experience":685147,"relics_obtained":[{"floor":7.0,"key":"Art of War"},{"floor":9.0,"key":"Dream Catcher"},{"floor":10.0,"key":"Mango"},{"floor":12.0,"key":"Blue Candle"},{"floor":13.0,"key":"StoneCalendar"},{"floor":17.0,"key":"Boot"},{"floor":17.0,"key":"Sundial"},{"floor":17.0,"key":"Gambling Chip"},{"floor":21.0,"key":"Old Coin"},{"floor":21.0,"key":"Pear"},{"floor":27.0,"key":"FossilizedHelix"},{"floor":43.0,"key":"Bag of Marbles"},{"floor":46.0,"key":"Emotion Chip"},{"floor":47.0,"key":"Symbiotic Virus"},{"floor":55,"key":"Vajra"}],"event_choices":[{"damage_healed":0.0,"max_hp_gain":0.0,"max_hp_loss":0.0,"gold_gain":0.0,"event_name":"Golden Idol","player_choice":"Take Wound","floor":2.0,"gold_loss":0.0,"damage_taken":0.0,"relics_obtained":["Golden Idol"],"cards_obtained":["Injury"]},{"damage_healed":0.0,"max_hp_gain":0.0,"max_hp_loss":0.0,"gold_gain":0.0,"event_name":"Scrap Ooze","player_choice":"Success","floor":5.0,"gold_loss":0.0,"damage_taken":11.0,"relics_obtained":["Dead Branch"]},{"damage_healed":19.0,"max_hp_gain":0.0,"max_hp_loss":0.0,"gold_gain":0.0,"event_name":"The Cleric","player_choice":"Healed","floor":11.0,"gold_loss":35.0,"damage_taken":0.0},{"damage_healed":0.0,"max_hp_gain":0.0,"max_hp_loss":39.0,"gold_gain":0.0,"event_name":"Ghosts","player_choice":"Became a Ghost","floor":20.0,"gold_loss":0.0,"damage_taken":0.0,"cards_obtained":["Ghostly","Ghostly","Ghostly"]},{"damage_healed":0.0,"max_hp_gain":0.0,"max_hp_loss":0.0,"gold_gain":0.0,"event_name":"Colosseum","player_choice":"Fight","floor":21.0,"gold_loss":0.0,"damage_taken":0.0},{"damage_healed":0.0,"max_hp_gain":0.0,"max_hp_loss":0.0,"gold_gain":0.0,"event_name":"Colosseum","player_choice":"Fought Nobs","floor":21.0,"gold_loss":0.0,"damage_taken":0.0},{"damage_healed":0.0,"max_hp_gain":0.0,"max_hp_loss":0.0,"gold_gain":0.0,"event_name":"Addict","player_choice":"Obtained Relic","floor":29.0,"gold_loss":85.0,"damage_taken":0.0,"relics_obtained":["Bird Faced Urn"]},{"damage_healed":0.0,"max_hp_gain":0.0,"max_hp_loss":0.0,"gold_gain":333.0,"event_name":"The Moai Head","player_choice":"Gave Idol","floor":36.0,"relics_lost":["Golden Idol"],"gold_loss":0.0,"damage_taken":0.0},{"damage_healed":0.0,"max_hp_gain":0.0,"max_hp_loss":0.0,"gold_gain":0.0,"event_name":"Match and Keep!","player_choice":"1 cards matched","floor":37.0,"gold_loss":0.0,"damage_taken":0.0,"cards_obtained":["Heatsinks"]},{"cards_removed":["Compile Driver"],"damage_healed":0.0,"max_hp_gain":0.0,"max_hp_loss":0.0,"gold_gain":0.0,"event_name":"Falling","player_choice":"Removed Attack","floor":41.0,"gold_loss":0.0,"damage_taken":0.0},{"damage_healed":0.0,"max_hp_gain":0.0,"max_hp_loss":0.0,"gold_gain":0.0,"event_name":"MindBloom","player_choice":"Fight","floor":46.0,"gold_loss":0.0,"damage_taken":0.0}],"is_beta":false,"boss_relics":[{"not_picked":["Inserter","Philosopher\u0027s Stone"],"picked":"Calling Bell"},{"not_picked":["Velvet Choker","Eternal Feather"],"picked":"Astrolabe"}],"items_purged_floors":[4,28,38,48],"is_endless":false,"potions_floor_spawned":[3,10,14,18,21,21,31,33,35,39,45],"ascension_level":20}