{"gold_per_floor":[363,373,373,11,11,11,39,39,39,39,58,35,48,66,66,137,137,156,19,32,32,32],"floor_reached":22,"playtime":1222,"items_purged":[],"score":331,"play_id":"55854988-fa1a-4c86-9132-8a564a451955","local_time":"20190729190013","is_ascension_mode":true,"campfire_choices":[{"floor":6.0,"key":"REST"},{"floor":8.0,"key":"REST"},{"floor":10.0,"key":"REST"},{"floor":15.0,"key":"REST"}],"neow_cost":"CURSE","seed_source_timestamp":866230266631600,"circlet_count":0,"master_deck":["AscendersBane","Strike_G","Strike_G","Strike_G","Strike_G","Strike_G","Defend_G","Defend_G","Defend_G","Defend_G","Defend_G","Survivor","Neutralize","Prepared","Prepared","Apotheosis","Underhanded Strike","Terror","Underhanded Strike","Infinite Blades","Sucker Punch","Burst","Backflip","Envenom","Escape Plan"],"special_seed":0,"relics":["Ring of the Snake","Bronze Scales","Mummified Hand","Odd Mushroom","The Courier"],"potions_floor_usage":[],"damage_taken":[{"damage":10.0,"enemies":"Jaw Worm","floor":1.0,"turns":5.0},{"damage":8.0,"enemies":"Small Slimes","floor":2.0,"turns":5.0},{"damage":24.0,"enemies":"The Mushroom Lair","floor":7.0,"turns":6.0},{"damage":1.0,"enemies":"Cultist","floor":11.0,"turns":3.0},{"damage":7.0,"enemies":"Gremlin Gang","floor":13.0,"turns":5.0},{"damage":7.0,"enemies":"Exordium Wildlife","floor":14.0,"turns":4.0},{"damage":17.0,"enemies":"The Guardian","floor":16.0,"turns":11.0},{"damage":19.0,"enemies":"2 Thieves","floor":18.0,"turns":5.0},{"damage":0.0,"enemies":"3 Byrds","floor":20.0,"turns":3.0},{"damage":52,"enemies":"Cultist and Chosen","floor":22,"turns":4}],"seed_played":"-11186844871105049","potions_obtained":[{"floor":2.0,"key":"Regen Potion"},{"floor":7.0,"key":"SpeedPotion"},{"floor":11.0,"key":"GamblersBrew"},{"floor":16.0,"key":"PowerPotion"}],"is_trial":false,"path_per_floor":["M","M","?","$","?","R","?","R","T","R","M","$","M","M","R","B",null,"M","$","M","$","M"],"character_chosen":"THE_SILENT","items_purchased":["Apotheosis","Bronze Scales","Underhanded Strike","Envenom"],"campfire_rested":4,"item_purchase_floors":[4,4,12,19],"current_hp_per_floor":[49,41,34,34,23,42,33,52,52,66,65,65,58,51,66,49,62,43,43,43,43,0],"gold":32,"neow_bonus":"TWO_FIFTY_GOLD","is_prod":false,"is_daily":false,"chose_seed":false,"campfire_upgraded":0,"win_rate":0,"timestamp":1564416013,"path_taken":["M","M","?","$","?","R","?","R","T","R","M","?","M","M","R","BOSS","M","$","M","?","M"],"build_version":"2019-07-17","purchased_purges":0,"victory":false,"max_hp_per_floor":[66,66,66,66,66,66,66,66,66,66,66,66,66,66,66,66,66,66,66,66,66,66],"card_choices":[{"not_picked":["Dodge and Roll","Quick Slash"],"picked":"Prepared","floor":1.0},{"not_picked":["Deadly Poison","Endless Agony"],"picked":"Prepared","floor":2.0},{"not_picked":["Dodge and Roll","Unload"],"picked":"Underhanded Strike","floor":7.0},{"not_picked":["Skewer","Accuracy"],"picked":"Terror","floor":11.0},{"not_picked":["Backflip","Accuracy"],"picked":"Infinite Blades","floor":13.0},{"not_picked":["Deadly Poison","Catalyst"],"picked":"Sucker Punch","floor":14.0},{"not_picked":["Die Die Die","Corpse Explosion"],"picked":"Burst","floor":16.0},{"not_picked":["Setup","Outmaneuver"],"picked":"Backflip","floor":18.0},{"not_picked":["Backflip","Dodge and Roll"],"picked":"Escape Plan","floor":20.0}],"player_experience":1672019,"relics_obtained":[{"floor":7.0,"key":"Odd Mushroom"},{"floor":9.0,"key":"The Courier"}],"event_choices":[{"cards_removed":["Regret"],"damage_healed":0.0,"max_hp_gain":0.0,"max_hp_loss":0.0,"gold_gain":0.0,"event_name":"Golden Wing","player_choice":"Card Removal","floor":3.0,"gold_loss":0.0,"damage_taken":7.0},{"damage_healed":0.0,"max_hp_gain":0.0,"max_hp_loss":0.0,"gold_gain":0.0,"event_name":"Scrap Ooze","player_choice":"Success","floor":5.0,"gold_loss":0.0,"damage_taken":11.0,"relics_obtained":["Mummified Hand"]},{"damage_healed":0.0,"max_hp_gain":0.0,"max_hp_loss":0.0,"gold_gain":0.0,"event_name":"Mushrooms","player_choice":"Fought Mushrooms","floor":7.0,"gold_loss":0.0,"damage_taken":0.0}],"is_beta":false,"boss_relics":[{"not_picked":["Runic Pyramid","Runic Dome","Ectoplasm"]}],"items_purged_floors":[],"is_endless":false,"potions_floor_spawned":[2,7,11,16],"killed_by":"Cultist and Chosen","ascension_level":18}