{"gold_per_floor":[111,386,54,19,37,70,86,116,116,150,164,164,164,184,184,255,255,266,44,56,56,56],"floor_reached":22,"playtime":1439,"items_purged":["Regret"],"score":495,"play_id":"1d641639-987a-44e7-a991-dbd91601667f","local_time":"20190524115731","is_ascension_mode":true,"campfire_choices":[{"data":"Noxious Fumes","floor":13,"key":"SMITH"},{"data":"Footwork","floor":15,"key":"SMITH"}],"neow_cost":"NONE","seed_source_timestamp":145156294465732,"circlet_count":0,"master_deck":["AscendersBane","Defend_G+1","Defend_G+1","Defend_G","Defend_G","Defend_G","Strike_G","Strike_G","Strike_G","Strike_G","Strike_G","Survivor","Neutralize","Dagger Throw","Footwork+1","Noxious Fumes+1","Backstab","Dagger Spray","Crippling Poison","Terror","Underhanded Strike+1","Noxious Fumes","Unload+1","Heel Hook+1","Wraith Form v2","Poisoned Stab+1","Well Laid Plans"],"relics":["Ring of the Snake","NeowsBlessing","PreservedInsect","Bottled Flame","Tough Bandages","Peace Pipe","Molten Egg 2","Black Star"],"potions_floor_usage":[8,10,16,16,21],"damage_taken":[{"damage":0,"enemies":"2 Louse","floor":1,"turns":1},{"damage":0,"enemies":"Cultist","floor":5,"turns":1},{"damage":0,"enemies":"3 Sentries","floor":6,"turns":2},{"damage":0,"enemies":"Jaw Worm","floor":7,"turns":3},{"damage":0,"enemies":"Gremlin Nob","floor":8,"turns":2},{"damage":7,"enemies":"Lagavulin","floor":10,"turns":8},{"damage":0,"enemies":"2 Fungi Beasts","floor":11,"turns":3},{"damage":3,"enemies":"Looter","floor":14,"turns":2},{"damage":18,"enemies":"Hexaghost","floor":16,"turns":8},{"damage":18,"enemies":"3 Byrds","floor":18,"turns":5},{"damage":10,"enemies":"Spheric Guardian","floor":20,"turns":4},{"damage":19,"enemies":"Colosseum Slavers","floor":21,"turns":5},{"damage":5,"enemies":"Centurion and Healer","floor":22,"turns":4}],"seed_played":"-4363221751870205241","potions_obtained":[{"floor":5,"key":"FearPotion"},{"floor":7,"key":"Block Potion"},{"floor":8,"key":"EssenceOfSteel"},{"floor":11,"key":"LiquidBronze"},{"floor":20,"key":"SneckoOil"}],"is_trial":false,"path_per_floor":["M","?","$","?","M","E","M","E","T","E","M","?","R","M","R","B",null,"M","$","M","?","M"],"character_chosen":"THE_SILENT","items_purchased":["PreservedInsect","Footwork","Wraith Form v2","Poisoned Stab+1"],"campfire_rested":0,"item_purchase_floors":[3,3,19,19],"current_hp_per_floor":[59,59,59,66,66,66,66,66,66,59,59,39,39,36,36,18,54,36,36,26,7,2],"gold":56,"neow_bonus":"THREE_ENEMY_KILL","is_prod":false,"is_daily":false,"chose_seed":false,"campfire_upgraded":2,"win_rate":0,"timestamp":1558691851,"path_taken":["M","?","?","?","M","E","?","E","T","E","M","?","R","M","R","BOSS","M","$","M","?","M"],"build_version":"2019-01-23","purchased_purges":1,"victory":false,"max_hp_per_floor":[66,66,66,66,66,66,66,66,66,66,66,66,66,66,66,66,66,66,66,66,66,66],"card_choices":[{"not_picked":["Caltrops","Underhanded Strike"],"picked":"Dagger Throw","floor":1},{"not_picked":["Reflex","Distraction"],"picked":"Noxious Fumes","floor":5},{"not_picked":["Bouncing Flask","Prepared"],"picked":"Backstab","floor":6},{"not_picked":["All Out Attack","Deflect"],"picked":"Dagger Spray","floor":7},{"not_picked":["Masterful Stab","Terror"],"picked":"Crippling Poison","floor":8},{"not_picked":["Cloak And Dagger","Concentrate"],"picked":"Terror","floor":10},{"not_picked":["Blade Dance","Acrobatics"],"picked":"Underhanded Strike+1","floor":11},{"not_picked":["Quick Slash+1","Endless Agony+1"],"picked":"Noxious Fumes","floor":14},{"not_picked":["After Image","Grand Finale+1"],"picked":"Unload+1","floor":16},{"not_picked":["Acrobatics+1","Deadly Poison"],"picked":"Heel Hook+1","floor":18},{"not_picked":["Choke+1","Crippling Poison"],"picked":"Well Laid Plans","floor":20}],"player_experience":948076,"relics_obtained":[{"floor":6,"key":"Bottled Flame"},{"floor":8,"key":"Tough Bandages"},{"floor":9,"key":"Peace Pipe"},{"floor":10,"key":"Molten Egg 2"}],"event_choices":[{"damage_healed":0,"gold_gain":275,"player_choice":"Desecrate","damage_taken":0,"max_hp_gain":0,"max_hp_loss":0,"event_name":"Golden Shrine","floor":2,"gold_loss":0,"cards_obtained":["Regret"]},{"damage_healed":16,"gold_gain":0,"player_choice":"Healed","damage_taken":0,"max_hp_gain":0,"max_hp_loss":0,"event_name":"The Cleric","floor":4,"gold_loss":35},{"damage_healed":0,"gold_gain":0,"player_choice":"Entered Light","damage_taken":20,"max_hp_gain":0,"max_hp_loss":0,"event_name":"Shining Light","floor":12,"gold_loss":0,"cards_upgraded":["Defend_G","Defend_G"]},{"damage_healed":0,"gold_gain":0,"player_choice":"Fight","damage_taken":0,"max_hp_gain":0,"max_hp_loss":0,"event_name":"Colosseum","floor":21,"gold_loss":0},{"damage_healed":0,"gold_gain":0,"player_choice":"Fled From Nobs","damage_taken":0,"max_hp_gain":0,"max_hp_loss":0,"event_name":"Colosseum","floor":21,"gold_loss":0}],"is_beta":false,"boss_relics":[{"not_picked":["Philosopher\u0027s Stone","WristBlade"],"picked":"Black Star"}],"items_purged_floors":[3],"is_endless":false,"potions_floor_spawned":[5,7,8,11,14,20,21],"killed_by":"Centurion and Healer","ascension_level":19}