{"gold_per_floor":[109,34,54,71,86,86,115,115,140,140,90,107,6,19,19,117,117,130,147,167,266,266],"floor_reached":22,"playtime":1232,"items_purged":[],"score":273,"play_id":"878e9e93-05fb-4d2f-aadf-2b7c0c585d3a","local_time":"20190612204850","is_ascension_mode":true,"campfire_choices":[{"floor":6,"key":"REST"},{"floor":8,"key":"REST"},{"floor":10,"key":"REST"},{"data":"Deadly Poison","floor":15,"key":"SMITH"}],"neow_cost":"NONE","seed_source_timestamp":1490517988783836,"circlet_count":0,"master_deck":["Defend_G","Defend_G","Defend_G","Defend_G","Defend_G","Strike_G","Strike_G","Strike_G","Strike_G","Strike_G","Survivor","Neutralize","Poisoned Stab","Poisoned Stab","Deadly Poison+1","Riddle With Holes","Poisoned Stab","Venomology","Deadly Poison+1","Crippling Poison","Catalyst"],"relics":["Ring of the Serpent","PreservedInsect","Bronze Scales","Anchor","Centennial Puzzle"],"potions_floor_usage":[5,16,18,19,20,22,22],"damage_taken":[{"damage":0,"enemies":"Jaw Worm","floor":1,"turns":5},{"damage":0,"enemies":"Cultist","floor":3,"turns":3},{"damage":8,"enemies":"Small Slimes","floor":4,"turns":3},{"damage":19,"enemies":"Exordium Thugs","floor":5,"turns":4},{"damage":20,"enemies":"Lagavulin","floor":7,"turns":5},{"damage":0,"enemies":"3 Louse","floor":12,"turns":2},{"damage":1,"enemies":"Looter","floor":14,"turns":2},{"damage":28,"enemies":"Hexaghost","floor":16,"turns":7},{"damage":1,"enemies":"Chosen","floor":18,"turns":4},{"damage":18,"enemies":"2 Thieves","floor":19,"turns":4},{"damage":43,"enemies":"3 Cultists","floor":20,"turns":6},{"damage":31,"enemies":"Snecko","floor":22,"turns":3}],"seed_played":"-5048171426459145267","potions_obtained":[{"floor":4,"key":"Poison Potion"},{"floor":7,"key":"Energy Potion"},{"floor":14,"key":"FearPotion"},{"floor":20,"key":"SteroidPotion"}],"is_trial":false,"path_per_floor":["M","$","M","M","M","R","E","R","T","R","$","M","?","M","R","B",null,"M","M","M","?","M"],"character_chosen":"THE_SILENT","items_purchased":["Poisoned Stab","Deadly Poison","Poison Potion"],"campfire_rested":3,"item_purchase_floors":[2,2,11],"current_hp_per_floor":[63,63,63,55,36,57,37,58,58,70,70,70,70,69,69,41,63,62,44,1,1,0],"gold":266,"neow_bonus":"RANDOM_COMMON_RELIC","is_prod":false,"is_daily":false,"chose_seed":false,"campfire_upgraded":1,"win_rate":0,"timestamp":1560361730,"path_taken":["M","$","M","M","M","R","E","R","T","R","$","M","?","M","R","BOSS","M","?","M","?","M"],"build_version":"2019-01-23","purchased_purges":0,"victory":false,"max_hp_per_floor":[70,70,70,70,70,70,70,70,70,70,70,70,70,70,70,70,70,70,70,70,70,70],"card_choices":[{"not_picked":["PiercingWail","Cloak And Dagger"],"picked":"Poisoned Stab","floor":1},{"not_picked":["Infinite Blades","Acrobatics","Deflect"],"picked":"SKIP","floor":3},{"not_picked":["Tactician","Blade Dance","Outmaneuver"],"picked":"SKIP","floor":4},{"not_picked":["Acrobatics","Calculated Gamble","Quick Slash"],"picked":"SKIP","floor":5},{"not_picked":["Prepared","Malaise","Reflex"],"picked":"SKIP","floor":7},{"not_picked":["Slice","Finisher"],"picked":"Riddle With Holes","floor":12},{"not_picked":["Infinite Blades","Setup"],"picked":"Poisoned Stab","floor":14},{"not_picked":["Doppelganger","Unload"],"picked":"Venomology","floor":16},{"not_picked":["Escape Plan+1","Dagger Spray"],"picked":"Deadly Poison+1","floor":18},{"not_picked":["Slice","Distraction"],"picked":"Crippling Poison","floor":19},{"not_picked":["Sucker Punch+1","Dagger Throw+1"],"picked":"Catalyst","floor":20}],"player_experience":1524365,"relics_obtained":[{"floor":7,"key":"Bronze Scales"},{"floor":9,"key":"Anchor"}],"event_choices":[{"damage_healed":0,"gold_gain":0,"player_choice":"Paid Gold","damage_taken":0,"relics_obtained":["Centennial Puzzle"],"max_hp_gain":0,"max_hp_loss":0,"event_name":"WeMeetAgain","floor":13,"gold_loss":101},{"damage_healed":0,"gold_gain":99,"player_choice":"Stole From Cult","damage_taken":0,"max_hp_gain":0,"max_hp_loss":0,"event_name":"Nest","floor":21,"gold_loss":0}],"is_beta":false,"boss_relics":[{"not_picked":["Sozu","Busted Crown"],"picked":"Ring of the Serpent"}],"items_purged_floors":[],"is_endless":false,"potions_floor_spawned":[4,7,14,20],"killed_by":"Snecko","ascension_level":9}