{"gold_per_floor":[119,137,155,155,173,173,198,198,198,228,228,244,51,51,51,125,125,137,150,75,95,95,95,120,120,145,174,188,206,206,220,220,220],"floor_reached":33,"playtime":1178,"items_purged":[],"score":644,"play_id":"bae93106-425e-48a1-ad19-6782e3da654e","local_time":"20190728195743","is_ascension_mode":true,"campfire_choices":[{"data":"Zap","floor":6,"key":"SMITH"},{"data":"Darkness","floor":8,"key":"SMITH"},{"data":"Electrodynamics","floor":11,"key":"SMITH"},{"data":"Apotheosis","floor":15,"key":"SMITH"},{"data":"Coolheaded","floor":23,"key":"SMITH"},{"floor":25,"key":"REST"},{"floor":30,"key":"REST"},{"data":"Coolheaded","floor":32,"key":"SMITH"}],"neow_cost":"TEN_PERCENT_HP_LOSS","seed_source_timestamp":793151543516400,"circlet_count":0,"master_deck":["AscendersBane","Strike_B","Strike_B","Strike_B","Defend_B","Defend_B","Defend_B","Defend_B","Zap+1","Dualcast","Core Surge","Tempest","Ball Lightning","Coolheaded+1","Darkness+1","Electrodynamics+1","Apotheosis+1","Fission+1","Coolheaded+1","Static Discharge+1","Force Field+1","Genetic Algorithm+1","Turbo+1","Coolheaded+1","Recycle+1"],"relics":["Cracked Core","FaceOfCleric","Vajra","Oddly Smooth Stone","Shuriken","Snecko Eye","Toxic Egg 2","Pantograph"],"potions_floor_usage":[7,29,33],"damage_taken":[{"damage":5,"enemies":"Small Slimes","floor":1,"turns":3},{"damage":0,"enemies":"Cultist","floor":2,"turns":3},{"damage":4,"enemies":"2 Louse","floor":3,"turns":3},{"damage":2,"enemies":"Looter","floor":5,"turns":3},{"damage":8,"enemies":"Lagavulin","floor":7,"turns":7},{"damage":28,"enemies":"3 Sentries","floor":10,"turns":6},{"damage":12,"enemies":"Exordium Wildlife","floor":12,"turns":3},{"damage":9,"enemies":"Slime Boss","floor":16,"turns":6},{"damage":13,"enemies":"2 Thieves","floor":18,"turns":3},{"damage":13,"enemies":"3 Byrds","floor":19,"turns":2},{"damage":0,"enemies":"Cultist and Chosen","floor":21,"turns":3},{"damage":0,"enemies":"Gremlin Leader","floor":24,"turns":4},{"damage":29,"enemies":"Book of Stabbing","floor":27,"turns":5},{"damage":16,"enemies":"Shelled Parasite and Fungi","floor":28,"turns":10},{"damage":0,"enemies":"Snecko","floor":29,"turns":3},{"damage":7,"enemies":"Snake Plant","floor":31,"turns":6},{"damage":33,"enemies":"Collector","floor":33,"turns":10}],"seed_played":"214400860487371735","potions_obtained":[{"floor":1,"key":"Dexterity Potion"},{"floor":5,"key":"Poison Potion"},{"floor":18,"key":"Fire Potion"}],"is_trial":false,"path_per_floor":["M","M","M","?","M","R","E","R","T","E","R","M","$","?","R","B",null,"M","M","?","M","?","R","E","R","T","E","M","M","R","M","R","B"],"character_chosen":"DEFECT","items_purchased":["Apotheosis"],"campfire_rested":2,"item_purchase_floors":[13],"current_hp_per_floor":[59,59,55,55,54,54,47,47,47,20,20,9,9,31,31,23,58,46,34,34,35,35,35,36,57,57,29,14,15,37,31,31,23],"gold":220,"neow_bonus":"THREE_RARE_CARDS","is_prod":false,"is_daily":false,"chose_seed":false,"campfire_upgraded":6,"win_rate":0,"timestamp":1564311463,"path_taken":["M","M","M","?","?","R","E","R","T","E","R","M","$","?","R","BOSS","M","M","?","M","?","R","E","R","T","E","M","?","R","M","R","BOSS"],"build_version":"2019-07-17","purchased_purges":0,"victory":false,"max_hp_per_floor":[64,64,64,64,65,65,66,66,66,67,67,68,68,68,68,69,69,70,71,71,72,72,72,73,73,73,74,75,76,76,77,77,77],"card_choices":[{"not_picked":["Thunder Strike","Meteor Strike"],"picked":"Core Surge","floor":0},{"not_picked":["Steam Power","Beam Cell","Streamline"],"picked":"SKIP","floor":1},{"not_picked":["Gash","Turbo"],"picked":"Tempest","floor":2},{"not_picked":["Hologram","Turbo"],"picked":"Ball Lightning","floor":3},{"not_picked":["Ball Lightning","Steam"],"picked":"Coolheaded","floor":5},{"not_picked":["Heatsinks","BootSequence"],"picked":"Darkness","floor":7},{"not_picked":["Conserve Battery","Barrage"],"picked":"Electrodynamics","floor":10},{"not_picked":["Doom and Gloom","Rebound","Gash"],"picked":"SKIP","floor":12},{"not_picked":["Doom and Gloom","Rebound","Gash"],"picked":"SKIP","floor":12},{"not_picked":["Meteor Strike","Buffer"],"picked":"Fission","floor":16},{"not_picked":["Chaos","Darkness","Barrage"],"picked":"SKIP","floor":18},{"not_picked":["Turbo+1","Redo"],"picked":"Coolheaded","floor":19},{"not_picked":["Redo","Rebound"],"picked":"Static Discharge+1","floor":21},{"not_picked":["Sweeping Beam","Turbo"],"picked":"Force Field","floor":24},{"not_picked":["Heatsinks","Reprogram+1"],"picked":"Genetic Algorithm+1","floor":27},{"not_picked":["Stack+1","Streamline"],"picked":"Turbo+1","floor":28},{"not_picked":["FTL","Steam Power+1"],"picked":"Coolheaded+1","floor":29},{"not_picked":["Stack+1","Chill+1"],"picked":"Recycle+1","floor":31}],"player_experience":1260892,"relics_obtained":[{"floor":7,"key":"Vajra"},{"floor":9,"key":"Oddly Smooth Stone"},{"floor":10,"key":"Shuriken"},{"floor":24,"key":"Toxic Egg 2"},{"floor":27,"key":"Pantograph"}],"event_choices":[{"damage_healed":0,"gold_gain":0,"player_choice":"Trade","damage_taken":0,"relics_obtained":["FaceOfCleric"],"max_hp_gain":0,"max_hp_loss":0,"event_name":"FaceTrader","floor":4,"gold_loss":0},{"damage_healed":22,"gold_gain":0,"player_choice":"Banana","damage_taken":0,"max_hp_gain":0,"max_hp_loss":0,"event_name":"Big Fish","floor":14,"gold_loss":0},{"cards_removed":["Strike_B"],"damage_healed":0,"gold_gain":0,"player_choice":"Gave Gold","damage_taken":0,"max_hp_gain":0,"max_hp_loss":0,"event_name":"Beggar","floor":20,"gold_loss":75},{"damage_healed":0,"gold_gain":0,"player_choice":"Upgraded","damage_taken":0,"max_hp_gain":0,"max_hp_loss":0,"event_name":"Upgrade Shrine","floor":22,"gold_loss":0,"cards_upgraded":["Fission"]}],"is_beta":false,"boss_relics":[{"not_picked":["Nuclear Battery","Ectoplasm"],"picked":"Snecko Eye"}],"items_purged_floors":[],"is_endless":false,"potions_floor_spawned":[1,5,18,27,28],"killed_by":"Collector","ascension_level":20}