{"gold_per_floor":[118,118,118,134,59,59,85,10,36,48,90,119,160,187,199,290,302,332,244,263,263,278,312,312,342,415,415,450,450,43,63,63,141,141,154,254,254,270,270,295,295,306,306,335,345,373,27,62,62,62,62,62,62,62,88,88],"floor_reached":57,"playtime":2469,"items_purged":["Strike_R","Strike_R","Strike_R"],"score":3788,"play_id":"725ababf-66a3-40d3-ac66-e86a7a36c1c5","local_time":"20190718183031","is_ascension_mode":true,"campfire_choices":[{"data":"Bash","floor":6.0,"key":"SMITH"},{"data":"Pommel Strike","floor":15.0,"key":"SMITH"},{"floor":24.0,"key":"RECALL"},{"floor":27.0,"key":"REST"},{"floor":32.0,"key":"REST"},{"floor":41.0,"key":"REST"},{"data":"Bash+1","floor":49.0,"key":"PURGE"},{"data":"Entrench+1","floor":53.0,"key":"PURGE"}],"neow_cost":"NONE","seed_source_timestamp":490285687617900,"circlet_count":0,"master_deck":["AscendersBane","Defend_R","Defend_R","Defend_R","Defend_R","Pommel Strike+1","True Grit+1","Carnage","Rage+1","Offering+1","Shrug It Off+1","Second Wind+1","Feel No Pain","Offering+1","Juggernaut","Pommel Strike","Apotheosis+1","Body Slam","Dark Embrace"],"special_seed":0,"relics":["Burning Blood","NeowsBlessing","Sundial","Toxic Egg 2","MawBank","Incense Burner","Bronze Scales","Letter Opener","Fusion Hammer","Charon\u0027s Ashes","The Courier","Shuriken","Paper Frog","DollysMirror","PreservedInsect","Runic Pyramid","Turnip","Gremlin Horn","Dodecahedron","Du-Vu Doll","Membership Card","Oddly Smooth Stone","Peace Pipe","Lantern","Mango"],"potions_floor_usage":[56],"damage_taken":[{"damage":0.0,"enemies":"Jaw Worm","floor":1.0,"turns":1.0},{"damage":0.0,"enemies":"2 Louse","floor":4.0,"turns":2.0},{"damage":0.0,"enemies":"Gremlin Nob","floor":7.0,"turns":1.0},{"damage":34.0,"enemies":"Lagavulin","floor":11.0,"turns":8.0},{"damage":1.0,"enemies":"Small Slimes","floor":12.0,"turns":8.0},{"damage":1.0,"enemies":"Gremlin Nob","floor":13.0,"turns":3.0},{"damage":12.0,"enemies":"Blue Slaver","floor":14.0,"turns":3.0},{"damage":1.0,"enemies":"The Guardian","floor":16.0,"turns":13.0},{"damage":8.0,"enemies":"3 Byrds","floor":18.0,"turns":3.0},{"damage":19.0,"enemies":"Spheric Guardian","floor":20.0,"turns":4.0},{"damage":6.0,"enemies":"Centurion and Healer","floor":22.0,"turns":4.0},{"damage":0.0,"enemies":"Gremlin Leader","floor":23.0,"turns":4.0},{"damage":23.0,"enemies":"Slavers","floor":25.0,"turns":3.0},{"damage":1.0,"enemies":"Gremlin Leader","floor":28.0,"turns":5.0},{"damage":1.0,"enemies":"3 Cultists","floor":31.0,"turns":3.0},{"damage":12.0,"enemies":"Champ","floor":33.0,"turns":3.0},{"damage":6.0,"enemies":"Orb Walker","floor":35.0,"turns":2.0},{"damage":12.0,"enemies":"Mind Bloom Boss Battle","floor":36.0,"turns":2.0},{"damage":6.0,"enemies":"3 Shapes","floor":38.0,"turns":2.0},{"damage":1.0,"enemies":"Nemesis","floor":40.0,"turns":3.0},{"damage":6.0,"enemies":"Spire Growth","floor":42.0,"turns":3.0},{"damage":6.0,"enemies":"Giant Head","floor":44.0,"turns":4.0},{"damage":6.0,"enemies":"3 Darklings","floor":45.0,"turns":2.0},{"damage":1.0,"enemies":"Reptomancer","floor":46.0,"turns":2.0},{"damage":6.0,"enemies":"Giant Head","floor":48.0,"turns":3.0},{"damage":6.0,"enemies":"Donu and Deca","floor":50.0,"turns":3.0},{"damage":6.0,"enemies":"Awakened One","floor":51.0,"turns":4.0},{"damage":2.0,"enemies":"Shield and Spear","floor":55.0,"turns":2.0},{"damage":18,"enemies":"The Heart","floor":56,"turns":5}],"seed_played":"4983464626975141615","potions_obtained":[{"floor":11.0,"key":"GamblersBrew"},{"floor":13.0,"key":"LiquidBronze"},{"floor":14.0,"key":"Strength Potion"},{"floor":23.0,"key":"SkillPotion"},{"floor":25.0,"key":"SpeedPotion"},{"floor":38.0,"key":"Block Potion"},{"floor":40.0,"key":"GamblersBrew"},{"floor":44.0,"key":"PowerPotion"}],"is_trial":false,"path_per_floor":["M","?","?","M","?","R","E","$","T","?","E","M","E","M","R","B",null,"M","$","M","?","M","E","R","E","T","R","E","?","$","M","R","B",null,"M","?","?","M","?","E","R","M","T","E","M","E","$","E","R","B","B",null,"R","$","E","B",null],"character_chosen":"IRONCLAD","items_purchased":["DollysMirror","PreservedInsect","Membership Card","Oddly Smooth Stone","Peace Pipe"],"campfire_rested":3,"item_purchase_floors":[30,30,47,47,47],"current_hp_per_floor":[74,69,74,80,80,80,80,80,80,80,52,57,62,56,56,61,75,73,73,60,60,60,66,66,49,49,73,78,78,78,80,80,74,79,79,73,63,63,63,68,80,80,80,80,80,80,80,80,80,80,80,80,80,80,94,82],"gold":88,"neow_bonus":"THREE_ENEMY_KILL","is_prod":false,"is_daily":false,"chose_seed":false,"campfire_upgraded":2,"win_rate":0,"timestamp":1563442231,"path_taken":["M","?","?","M","?","R","E","$","T","?","E","M","E","M","R","BOSS","M","$","M","?","M","E","R","E","T","R","E","?","$","M","R","BOSS","M","?","?","M","?","E","R","M","T","E","M","E","$","E","R","BOSS","BOSS","R","$","E","BOSS"],"build_version":"2019-07-17","purchased_purges":3,"victory":true,"max_hp_per_floor":[75,75,80,80,80,80,80,80,80,80,80,80,80,80,80,80,80,80,80,80,80,80,80,80,80,80,80,80,80,80,80,80,80,80,80,80,80,80,80,80,80,80,80,80,80,80,80,80,80,80,80,80,80,80,94,94],"card_choices":[{"not_picked":["Warcry","Clothesline","Blood for Blood"],"picked":"SKIP","floor":1.0},{"not_picked":["Wild Strike","Warcry"],"picked":"Pommel Strike","floor":4.0},{"not_picked":["Juggernaut","Dual Wield"],"picked":"True Grit","floor":7.0},{"not_picked":["Fire Breathing","Power Through+1"],"picked":"Carnage","floor":11.0},{"not_picked":["Heavy Blade","Pummel","Flex+1"],"picked":"SKIP","floor":12.0},{"not_picked":["Havoc+1","Blood for Blood"],"picked":"Rage+1","floor":13.0},{"not_picked":["Power Through+1","Thunderclap","Flex+1"],"picked":"SKIP","floor":14.0},{"not_picked":["Immolate","Fiend Fire"],"picked":"Offering+1","floor":16.0},{"not_picked":["Body Slam+1","Sword Boomerang"],"picked":"Shrug It Off+1","floor":18.0},{"not_picked":["Perfected Strike","Pommel Strike+1"],"picked":"Second Wind+1","floor":20.0},{"not_picked":["Iron Wave","Blood for Blood","Body Slam"],"picked":"SKIP","floor":22.0},{"not_picked":["Carnage","Rupture","Thunderclap"],"picked":"SKIP","floor":23.0},{"not_picked":["Carnage","Rupture","Thunderclap"],"picked":"SKIP","floor":23.0},{"not_picked":["Cleave+1","Wild Strike"],"picked":"Entrench+1","floor":25.0},{"not_picked":["Twin Strike","Reckless Charge"],"picked":"Feel No Pain","floor":28.0},{"not_picked":["Iron Wave+1","Sword Boomerang","Pummel"],"picked":"SKIP","floor":31.0},{"not_picked":["Offering+1","Feed"],"picked":"Juggernaut","floor":33.0},{"not_picked":["Evolve","Havoc+1"],"picked":"Pommel Strike","floor":35.0},{"not_picked":["Chrysalis+1","PanicButton+1"],"picked":"Apotheosis+1","floor":37.0},{"not_picked":["Perfected Strike","Evolve"],"picked":"Body Slam","floor":38.0},{"not_picked":["Bloodletting+1","Searing Blow+1","Sever Soul"],"picked":"SKIP","floor":40.0},{"not_picked":["Sentinel+1","Pummel","Cleave"],"picked":"SKIP","floor":42.0},{"not_picked":["Twin Strike","Dual Wield+1","Evolve"],"picked":"SKIP","floor":44.0},{"not_picked":["Havoc+1","Flex+1","Thunderclap+1"],"picked":"SKIP","floor":45.0},{"not_picked":["Power Through+1","Impervious+1","Clash+1"],"picked":"SKIP","floor":46.0},{"not_picked":["Wild Strike+1","Second Wind+1","Rage+1"],"picked":"SKIP","floor":48.0},{"not_picked":["Thunderclap+1","Pommel Strike+1"],"picked":"Dark Embrace","floor":55.0}],"player_experience":1089078,"relics_obtained":[{"floor":7.0,"key":"Toxic Egg 2"},{"floor":9.0,"key":"MawBank"},{"floor":11.0,"key":"Bronze Scales"},{"floor":13.0,"key":"Letter Opener"},{"floor":23.0,"key":"Charon\u0027s Ashes"},{"floor":25.0,"key":"The Courier"},{"floor":26.0,"key":"Shuriken"},{"floor":28.0,"key":"Paper Frog"},{"floor":36.0,"key":"Turnip"},{"floor":40.0,"key":"Gremlin Horn"},{"floor":44.0,"key":"Dodecahedron"},{"floor":46.0,"key":"Du-Vu Doll"},{"floor":48.0,"key":"Lantern"},{"floor":55.0,"key":"Mango"}],"event_choices":[{"damage_healed":0.0,"max_hp_gain":0.0,"max_hp_loss":0.0,"gold_gain":0.0,"event_name":"Scrap Ooze","player_choice":"Success","floor":2.0,"gold_loss":0.0,"damage_taken":5.0,"relics_obtained":["Sundial"]},{"damage_healed":0.0,"max_hp_gain":5.0,"max_hp_loss":0.0,"gold_gain":0.0,"event_name":"Big Fish","player_choice":"Donut","floor":3.0,"gold_loss":0.0,"damage_taken":0.0},{"cards_removed":["Strike_R"],"damage_healed":0.0,"max_hp_gain":0.0,"max_hp_loss":0.0,"gold_gain":0.0,"event_name":"The Cleric","player_choice":"Card Removal","floor":5.0,"gold_loss":75.0,"damage_taken":0.0},{"damage_healed":0.0,"max_hp_gain":0.0,"max_hp_loss":0.0,"gold_gain":0.0,"event_name":"Dead Adventurer","player_choice":"Searched \u00271\u0027 times","floor":10.0,"gold_loss":0.0,"damage_taken":0.0,"relics_obtained":["Incense Burner"]},{"damage_healed":0.0,"max_hp_gain":0.0,"max_hp_loss":0.0,"gold_gain":0.0,"event_name":"Dead Adventurer","player_choice":"Searched \u00271\u0027 times","floor":10.0,"gold_loss":0.0,"damage_taken":0.0,"relics_obtained":["Incense Burner"]},{"damage_healed":0.0,"max_hp_gain":0.0,"max_hp_loss":0.0,"gold_gain":0.0,"event_name":"The Mausoleum","player_choice":"Ignored","floor":21.0,"gold_loss":0.0,"damage_taken":0.0},{"damage_healed":0.0,"max_hp_gain":0.0,"max_hp_loss":0.0,"gold_gain":0.0,"event_name":"Vampires","player_choice":"Ignored","floor":29.0,"gold_loss":0.0,"damage_taken":0.0},{"damage_healed":0.0,"max_hp_gain":0.0,"max_hp_loss":0.0,"gold_gain":0.0,"event_name":"MindBloom","player_choice":"Fight","floor":36.0,"gold_loss":0.0,"damage_taken":0.0},{"damage_healed":0.0,"max_hp_gain":0.0,"max_hp_loss":0.0,"gold_gain":0.0,"event_name":"SensoryStone","player_choice":"Memory 3","floor":37.0,"gold_loss":0.0,"damage_taken":10.0},{"cards_removed":["Strike_R"],"damage_healed":0.0,"max_hp_gain":0.0,"max_hp_loss":0.0,"gold_gain":0.0,"event_name":"Falling","player_choice":"Removed Attack","floor":39.0,"gold_loss":0.0,"damage_taken":0.0}],"is_beta":false,"boss_relics":[{"not_picked":["Eternal Feather","Runic Dome"],"picked":"Fusion Hammer"},{"not_picked":["Black Star","Sozu"],"picked":"Runic Pyramid"}],"items_purged_floors":[8,19,30],"is_endless":false,"potions_floor_spawned":[11,13,14,20,23,25,38,40,44,46,48],"ascension_level":20}