{"gold_per_floor":[109,109,126,51,67,67,78,94,94,94,128,128,140,175,175,247,247,263,276,276],"floor_reached":20,"playtime":527,"items_purged":[],"score":422,"play_id":"1206b5fa-be3f-43b0-8400-d8eecde9b80e","local_time":"20190726153350","is_ascension_mode":true,"campfire_choices":[{"data":"Carnage","floor":6,"key":"SMITH"},{"data":"Bash","floor":10,"key":"SMITH"},{"data":"Rampage","floor":12,"key":"SMITH"},{"data":"Inflame","floor":15,"key":"SMITH"}],"neow_cost":"NONE","seed_source_timestamp":605166464827200,"circlet_count":0,"master_deck":["AscendersBane","Strike_R","Strike_R","Strike_R","Strike_R","Defend_R","Defend_R","Defend_R","Defend_R","Bash+1","Battle Trance","Rampage+1","Carnage+1","Seeing Red","Seeing Red","Inflame+1","Impervious"],"relics":["Burning Blood","PreservedInsect","Matryoshka","Gremlin Horn","White Beast Statue"],"potions_floor_usage":[13,16,18,19],"damage_taken":[{"damage":4,"enemies":"Jaw Worm","floor":1,"turns":5},{"damage":1,"enemies":"Cultist","floor":3,"turns":3},{"damage":7,"enemies":"2 Louse","floor":5,"turns":3},{"damage":6,"enemies":"Looter","floor":7,"turns":2},{"damage":14,"enemies":"3 Louse","floor":8,"turns":4},{"damage":20,"enemies":"Lagavulin","floor":11,"turns":3},{"damage":14,"enemies":"Gremlin Gang","floor":13,"turns":4},{"damage":0,"enemies":"Gremlin Nob","floor":14,"turns":2},{"damage":44,"enemies":"Hexaghost","floor":16,"turns":8},{"damage":28,"enemies":"Shell Parasite","floor":18,"turns":5},{"damage":26,"enemies":"Spheric Guardian","floor":19,"turns":8},{"damage":0,"enemies":"Centurion and Healer","floor":20,"turns":1}],"seed_played":"5874827042257672468","potions_obtained":[{"floor":1,"key":"Swift Potion"},{"floor":3,"key":"Ancient Potion"},{"floor":13,"key":"Block Potion"},{"floor":16,"key":"Explosive Potion"},{"floor":18,"key":"Dexterity Potion"},{"floor":19,"key":"Explosive Potion"}],"is_trial":false,"path_per_floor":["M","?","M","$","M","R","M","M","T","R","E","R","M","E","R","B",null,"M","M","M"],"character_chosen":"IRONCLAD","items_purchased":["Carnage"],"campfire_rested":0,"item_purchase_floors":[4],"current_hp_per_floor":[70,70,75,75,74,74,74,66,66,66,52,52,44,50,50,12,59,37,17,17],"gold":276,"neow_bonus":"RANDOM_COMMON_RELIC","is_prod":false,"is_daily":false,"chose_seed":false,"campfire_upgraded":4,"win_rate":0,"timestamp":1564122830,"path_taken":["M","?","M","$","M","R","M","M","T","R","E","R","M","E","R","BOSS","M","?","M"],"build_version":"2019-07-17","purchased_purges":0,"victory":false,"max_hp_per_floor":[75,75,75,75,75,75,75,75,75,75,75,75,75,75,75,75,75,75,75,75],"card_choices":[{"not_picked":["Thunderclap","Clash"],"picked":"Battle Trance","floor":1},{"not_picked":["Battle Trance","Headbutt"],"picked":"Rampage","floor":3},{"not_picked":["Rampage","Havoc"],"picked":"Seeing Red","floor":5},{"not_picked":["Rupture","Rage","Thunderclap"],"picked":"SKIP","floor":7},{"not_picked":["Sword Boomerang","Clothesline","Pommel Strike"],"picked":"SKIP","floor":8},{"not_picked":["True Grit","Twin Strike"],"picked":"Seeing Red","floor":11},{"not_picked":["Clothesline","Clash"],"picked":"Inflame","floor":13},{"not_picked":["Heavy Blade","Thunderclap","Clothesline"],"picked":"SKIP","floor":14},{"not_picked":["Berserk","Exhume"],"picked":"Impervious","floor":16},{"not_picked":["Armaments","Clothesline","Intimidate"],"picked":"SKIP","floor":18},{"not_picked":["True Grit","Flex","Clothesline"],"picked":"SKIP","floor":19}],"player_experience":1215415,"relics_obtained":[{"floor":11,"key":"Matryoshka"},{"floor":14,"key":"Gremlin Horn"}],"event_choices":[{"cards_removed":["Strike_R"],"damage_healed":0,"gold_gain":0,"player_choice":"Purged","damage_taken":0,"max_hp_gain":0,"max_hp_loss":0,"event_name":"Purifier","floor":2,"gold_loss":0}],"is_beta":false,"boss_relics":[{"not_picked":["Black Blood","Lizard Tail"],"picked":"White Beast Statue"}],"items_purged_floors":[],"is_endless":false,"potions_floor_spawned":[1,3,13,16,18,19],"killed_by":"Centurion and Healer","ascension_level":20}