{"gold_per_floor":[17,36,36,56,69,69,86,86,86,86,86],"floor_reached":11,"playtime":198,"items_purged":[],"score":130,"play_id":"e2594f03-850d-4eb4-8341-c72a3b48e878","local_time":"20190718184015","is_ascension_mode":true,"campfire_choices":[{"floor":6,"key":"REST"},{"data":"Consume","floor":8,"key":"SMITH"}],"neow_cost":"NO_GOLD","seed_source_timestamp":493293701033600,"circlet_count":0,"master_deck":["AscendersBane","Strike_B","Strike_B","Strike_B","Defend_B","Defend_B","Defend_B+1","Defend_B","Zap","Dualcast+1","Core Surge","Consume+1","Fusion"],"relics":["Cracked Core","Meat on the Bone"],"potions_floor_usage":[5],"damage_taken":[{"damage":4,"enemies":"Jaw Worm","floor":1,"turns":4},{"damage":9,"enemies":"Small Slimes","floor":2,"turns":3},{"damage":6,"enemies":"Cultist","floor":4,"turns":3},{"damage":14,"enemies":"Gremlin Gang","floor":5,"turns":5},{"damage":19,"enemies":"Large Slime","floor":7,"turns":5},{"damage":0,"enemies":"3 Sentries","floor":11,"turns":1}],"seed_played":"-4902529706055431428","potions_obtained":[{"floor":2,"key":"Strength Potion"},{"floor":7,"key":"Dexterity Potion"}],"is_trial":false,"path_per_floor":["M","M","?","M","M","R","M","R","T","?","E"],"character_chosen":"DEFECT","items_purchased":[],"campfire_rested":1,"item_purchase_floors":[],"current_hp_per_floor":[60,51,30,24,10,31,12,12,12,12,12],"gold":86,"neow_bonus":"THREE_RARE_CARDS","is_prod":false,"is_daily":false,"chose_seed":false,"campfire_upgraded":1,"win_rate":0,"timestamp":1563442815,"path_taken":["M","M","?","M","M","R","M","R","T","?","E"],"build_version":"2019-07-17","purchased_purges":0,"victory":false,"max_hp_per_floor":[71,71,71,71,71,71,71,71,71,71,71],"card_choices":[{"not_picked":["Reboot","Multi-Cast"],"picked":"Core Surge","floor":0},{"not_picked":["Streamline","Steam Power","Rebound"],"picked":"SKIP","floor":1},{"not_picked":["Compile Driver","Barrage","Stack"],"picked":"SKIP","floor":2},{"not_picked":["Blizzard","Hologram"],"picked":"Consume","floor":4},{"not_picked":["Sweeping Beam","Rebound","Stack"],"picked":"SKIP","floor":5},{"not_picked":["Darkness","Redo","Storm"],"picked":"SKIP","floor":7}],"player_experience":1091547,"relics_obtained":[{"floor":9,"key":"Meat on the Bone"}],"event_choices":[{"damage_healed":0,"gold_gain":0,"player_choice":"Entered Light","damage_taken":21,"max_hp_gain":0,"max_hp_loss":0,"event_name":"Shining Light","floor":3,"gold_loss":0,"cards_upgraded":["Defend_B","Dualcast"]},{"damage_healed":0,"gold_gain":0,"cards_transformed":["Strike_B"],"player_choice":"Transformed","damage_taken":0,"max_hp_gain":0,"max_hp_loss":0,"event_name":"Transmorgrifier","floor":10,"gold_loss":0,"cards_obtained":["Fusion"]}],"is_beta":false,"boss_relics":[],"items_purged_floors":[],"is_endless":false,"potions_floor_spawned":[2,7],"killed_by":"3 Sentries","ascension_level":20}