{"gold_per_floor":[117,117,192,192,14,46,58,78,78,104,104,136,286,8,8,85,85,95,109,109,159,74,74,109,109,109,109,0,0,26,36,36,36],"floor_reached":33,"playtime":1398,"items_purged":["Pain","Doubt"],"score":555,"play_id":"0a477534-2a2c-494e-8e7d-9d13f93b5244","local_time":"20190728190958","is_ascension_mode":true,"campfire_choices":[{"floor":11.0,"key":"REST"},{"data":"Discovery","floor":15.0,"key":"SMITH"},{"floor":23,"key":"REST"},{"floor":25,"key":"REST"},{"floor":27,"key":"REST"},{"floor":29,"key":"REST"},{"data":"Adrenaline","floor":32,"key":"SMITH"}],"neow_cost":"NONE","seed_source_timestamp":780273663764577,"circlet_count":0,"master_deck":["AscendersBane","Strike_G+1","Strike_G","Strike_G","Strike_G","Strike_G+1","Defend_G","Defend_G","Defend_G","Defend_G","Defend_G","Survivor","Neutralize","Dagger Spray+1","Calculated Gamble","PiercingWail","Concentrate","Prepared","Acrobatics","Quick Slash","Discovery+1","Backstab","Adrenaline+1","Reflex","Riddle With Holes","Adrenaline","Dagger Throw","Flying Knee","Underhanded Strike"],"special_seed":0,"relics":["Ring of the Snake","NeowsBlessing","WarpedTongs","Peace Pipe","Blue Candle","Whetstone","Snake Skull","Philosopher\u0027s Stone","Art of War","Potion Belt","Pantograph","Lantern"],"potions_floor_usage":[16,18],"damage_taken":[{"damage":0.0,"enemies":"Jaw Worm","floor":1.0,"turns":1.0},{"damage":0.0,"enemies":"Lagavulin","floor":6.0,"turns":1.0},{"damage":0.0,"enemies":"Small Slimes","floor":7.0,"turns":1.0},{"damage":0.0,"enemies":"Cultist","floor":8.0,"turns":5.0},{"damage":1.0,"enemies":"3 Sentries","floor":12.0,"turns":6.0},{"damage":46,"enemies":"Slime Boss","floor":16,"turns":12},{"damage":22,"enemies":"2 Thieves","floor":18,"turns":5},{"damage":14,"enemies":"Spheric Guardian","floor":19,"turns":4},{"damage":26,"enemies":"Gremlin Leader","floor":24,"turns":7},{"damage":20,"enemies":"Centurion and Healer","floor":31,"turns":7},{"damage":119,"enemies":"Automaton","floor":33,"turns":12}],"seed_played":"-6722244070043384643","potions_obtained":[{"floor":1.0,"key":"Swift Potion"},{"floor":6.0,"key":"EssenceOfSteel"},{"floor":12.0,"key":"SpeedPotion"},{"floor":16,"key":"GamblersBrew"}],"is_trial":false,"path_per_floor":["M","?","?","?","$","E","M","M","T","T","R","E","?","$","R","B",null,"M","M","?","?","?","R","E","R","T","R","$","R","T","M","R","B"],"character_chosen":"THE_SILENT","items_purchased":["Calculated Gamble","PiercingWail","Discovery","Backstab","Dagger Throw","Flying Knee"],"campfire_rested":5,"item_purchase_floors":[5,5,14,14,28,28],"current_hp_per_floor":[59,59,48,48,48,48,48,48,48,48,66,65,65,65,65,19,54,32,18,18,18,18,37,11,30,30,49,49,66,66,46,46,0],"gold":36,"neow_bonus":"THREE_ENEMY_KILL","is_prod":false,"is_daily":false,"chose_seed":false,"campfire_upgraded":2,"win_rate":0,"timestamp":1564330198,"path_taken":["M","?","?","?","$","E","M","?","T","?","R","E","?","$","R","BOSS","M","M","?","?","?","R","E","R","T","R","?","R","?","M","R","BOSS"],"build_version":"2019-07-17","purchased_purges":2,"victory":false,"max_hp_per_floor":[66,66,66,66,66,66,66,66,66,66,66,66,66,66,66,66,66,66,66,66,66,66,66,66,66,66,66,66,66,66,66,66,66],"card_choices":[{"not_picked":["Blur","Flying Knee"],"picked":"Dagger Spray","floor":1.0},{"not_picked":["Choke","Outmaneuver"],"picked":"Concentrate","floor":6.0},{"not_picked":["Noxious Fumes","Endless Agony"],"picked":"Prepared","floor":7.0},{"not_picked":["Poisoned Stab","Choke"],"picked":"Acrobatics","floor":8.0},{"not_picked":["Phantasmal Killer","Night Terror"],"picked":"Quick Slash","floor":12.0},{"not_picked":["Malaise","After Image"],"picked":"Adrenaline","floor":16},{"not_picked":["Blade Dance","Dodge and Roll"],"picked":"Reflex","floor":18},{"not_picked":["Blade Dance","Deadly Poison"],"picked":"Riddle With Holes","floor":19},{"not_picked":["Infinite Blades","Leg Sweep"],"picked":"Adrenaline","floor":24},{"not_picked":["Quick Slash","Dagger Throw"],"picked":"Underhanded Strike","floor":31}],"player_experience":1670621,"relics_obtained":[{"floor":6.0,"key":"Peace Pipe"},{"floor":9.0,"key":"Blue Candle"},{"floor":10.0,"key":"Whetstone"},{"floor":12.0,"key":"Snake Skull"},{"floor":24,"key":"Potion Belt"},{"floor":26,"key":"Pantograph"},{"floor":30,"key":"Lantern"}],"event_choices":[{"damage_healed":0.0,"max_hp_gain":0.0,"max_hp_loss":0.0,"gold_gain":0.0,"event_name":"Living Wall","player_choice":"Grow","floor":2.0,"gold_loss":0.0,"damage_taken":0.0,"cards_upgraded":["Dagger Spray"]},{"damage_healed":0.0,"max_hp_gain":0.0,"max_hp_loss":0.0,"gold_gain":75.0,"event_name":"World of Goop","player_choice":"Gather Gold","floor":3.0,"gold_loss":0.0,"damage_taken":11.0},{"damage_healed":0.0,"max_hp_gain":0.0,"max_hp_loss":0.0,"gold_gain":0.0,"event_name":"Accursed Blacksmith","player_choice":"Rummage","floor":4.0,"gold_loss":0.0,"damage_taken":0.0,"relics_obtained":["WarpedTongs"],"cards_obtained":["Pain"]},{"damage_healed":0.0,"max_hp_gain":0.0,"max_hp_loss":0.0,"gold_gain":150.0,"event_name":"Liars Game","player_choice":"AGREE","floor":13.0,"gold_loss":0.0,"damage_taken":0.0,"cards_obtained":["Doubt"]},{"damage_healed":0,"gold_gain":0,"player_choice":"Ignored","damage_taken":0,"max_hp_gain":0,"max_hp_loss":0,"event_name":"Beggar","floor":20,"gold_loss":0},{"damage_healed":0,"gold_gain":50,"player_choice":"Stole From Cult","damage_taken":0,"max_hp_gain":0,"max_hp_loss":0,"event_name":"Nest","floor":21,"gold_loss":0},{"damage_healed":0,"gold_gain":0,"player_choice":"Obtained Relic","damage_taken":0,"relics_obtained":["Art of War"],"max_hp_gain":0,"max_hp_loss":0,"event_name":"Addict","floor":22,"gold_loss":85}],"is_beta":false,"boss_relics":[{"not_picked":["Empty Cage","Velvet Choker"],"picked":"Philosopher\u0027s Stone"}],"items_purged_floors":[5,14],"is_endless":false,"potions_floor_spawned":[1,6,12,16],"killed_by":"Automaton","ascension_level":18}