{"gold_per_floor":[112,71,146,156,156,189,189,224,224,243,273,287,287,304,304,378,378,388,404,329,349,349,349,375,375,424,435,470,470,11,30,30,101,101,112,1111,1111,559,577,607,631,653,689,701,732,770,782,812,824,836,848,860,872,115,148,148],"floor_reached":57,"playtime":2585,"items_purged":["Bash+1","Pommel Strike"],"score":3519,"play_id":"a9fc076a-1da4-468e-8647-a3c21da92037","local_time":"20190613161938","is_ascension_mode":true,"campfire_choices":[{"data":"Anger","floor":7,"key":"SMITH"},{"data":"Bash","floor":13,"key":"SMITH"},{"data":"Disarm","floor":15,"key":"SMITH"},{"floor":23,"key":"REST"},{"floor":25,"key":"REST"},{"data":"Corruption","floor":29,"key":"SMITH"},{"data":"Armaments","floor":32,"key":"SMITH"},{"floor":44,"key":"RECALL"},{"floor":49,"key":"REST"},{"floor":53,"key":"REST"}],"neow_cost":"NONE","seed_source_timestamp":2792053379400,"circlet_count":0,"master_deck":["AscendersBane","Evolve","Disarm+1","Shrug It Off","Seeing Red","Offering","Armaments+1","Offering","Power Through","Shrug It Off","Havoc","Second Wind","Offering","Body Slam","Disarm","Entrench","Double Tap","Havoc","True Grit","Corruption+1","Impervious","Master of Strategy","Bandage Up","Exhume","Battle Trance+1","Chrysalis","Shockwave","Armaments+1","Second Wind","Impervious","Warcry","Spot Weakness+1","Corruption","Shrug It Off","Seeing Red","Warcry+1"],"relics":["Burning Blood","NeowsBlessing","Ornamental Fan","Vajra","Pen Nib","Dead Branch","Pandora\u0027s Box","Mercury Hourglass","Omamori","Fusion Hammer","Blood Vial","MawBank","Lantern","Bag of Marbles","Bag of Preparation","Calipers","Kunai"],"potions_floor_usage":[16,16,28,56],"damage_taken":[{"damage":0,"enemies":"Small Slimes","floor":1,"turns":1},{"damage":0,"enemies":"2 Louse","floor":4,"turns":1},{"damage":0,"enemies":"Gremlin Nob","floor":6,"turns":1},{"damage":18,"enemies":"3 Sentries","floor":8,"turns":7},{"damage":2,"enemies":"Jaw Worm","floor":10,"turns":3},{"damage":41,"enemies":"Lagavulin","floor":11,"turns":7},{"damage":2,"enemies":"2 Fungi Beasts","floor":12,"turns":3},{"damage":13,"enemies":"Red Slaver","floor":14,"turns":2},{"damage":17,"enemies":"Hexaghost","floor":16,"turns":7},{"damage":6,"enemies":"2 Thieves","floor":18,"turns":3},{"damage":22,"enemies":"Shell Parasite","floor":19,"turns":2},{"damage":18,"enemies":"Cultist and Chosen","floor":21,"turns":2},{"damage":20,"enemies":"Slavers","floor":24,"turns":2},{"damage":18,"enemies":"3 Cultists","floor":27,"turns":2},{"damage":12,"enemies":"Gremlin Leader","floor":28,"turns":2},{"damage":0,"enemies":"Centurion and Healer","floor":31,"turns":2},{"damage":18,"enemies":"Automaton","floor":33,"turns":3},{"damage":6,"enemies":"Orb Walker","floor":35,"turns":1},{"damage":0,"enemies":"3 Shapes","floor":39,"turns":5},{"damage":6,"enemies":"Reptomancer","floor":40,"turns":2},{"damage":12,"enemies":"Spire Growth","floor":41,"turns":2},{"damage":12,"enemies":"4 Shapes","floor":42,"turns":2},{"damage":6,"enemies":"Maw","floor":45,"turns":5},{"damage":0,"enemies":"Nemesis","floor":46,"turns":3},{"damage":12,"enemies":"Jaw Worm Horde","floor":48,"turns":1},{"damage":15,"enemies":"Awakened One","floor":50,"turns":4},{"damage":34,"enemies":"Time Eater","floor":51,"turns":7},{"damage":6,"enemies":"Shield and Spear","floor":55,"turns":4},{"damage":21,"enemies":"The Heart","floor":56,"turns":5}],"seed_played":"-7026104746215395161","potions_obtained":[{"floor":1,"key":"Strength Potion"},{"floor":8,"key":"Weak Potion"},{"floor":14,"key":"Regen Potion"},{"floor":21,"key":"BloodPotion"},{"floor":24,"key":"PowerPotion"},{"floor":31,"key":"AttackPotion"},{"floor":48,"key":"FearPotion"}],"is_trial":false,"path_per_floor":["M","$","?","M","?","E","R","E","T","M","E","M","R","M","R","B",null,"M","M","?","M","?","R","E","R","T","M","E","R","$","M","R","B",null,"M","?","?","$","M","E","M","M","T","R","M","E","?","M","R","B","B",null,"R","$","E","B",null],"character_chosen":"IRONCLAD","items_purchased":["Evolve","Impervious","Master of Strategy","Bandage Up","Chrysalis","Blood Vial","Shockwave","Bag of Preparation","Calipers","Corruption","Shrug It Off","Seeing Red","GamblersBrew"],"campfire_rested":4,"item_purchase_floors":[2,30,30,30,38,38,38,54,54,54,54,54,54],"current_hp_per_floor":[74,74,63,69,74,80,80,68,68,72,37,41,41,34,34,37,69,69,53,53,41,41,65,51,75,75,63,65,65,65,75,75,67,77,80,80,80,80,80,80,78,80,80,80,80,80,80,74,80,75,53,73,80,80,80,80],"gold":148,"neow_bonus":"THREE_ENEMY_KILL","is_prod":false,"is_daily":false,"chose_seed":false,"campfire_upgraded":5,"win_rate":0,"timestamp":1560410378,"path_taken":["M","$","?","M","?","E","R","E","T","M","E","M","R","M","R","BOSS","M","M","?","M","?","R","E","R","T","M","E","R","$","M","R","BOSS","M","?","?","$","M","E","?","M","T","R","M","E","?","M","R","BOSS","BOSS","R","$","E","BOSS"],"build_version":"2019-01-23","purchased_purges":2,"victory":true,"max_hp_per_floor":[75,75,75,75,80,80,80,80,80,80,80,80,80,80,80,80,80,80,80,80,80,80,80,80,80,80,80,80,80,80,80,80,80,80,80,80,80,80,80,80,80,80,80,80,80,80,80,80,80,80,80,80,80,80,80,80],"card_choices":[{"not_picked":["Entrench","Clash"],"picked":"Anger","floor":1},{"not_picked":["Metallicize","Evolve"],"picked":"Disarm","floor":4},{"not_picked":["Iron Wave","Shrug It Off"],"picked":"Pommel Strike","floor":6},{"not_picked":["True Grit","Sever Soul"],"picked":"Shrug It Off","floor":8},{"not_picked":["Heavy Blade","Wild Strike"],"picked":"Seeing Red","floor":10},{"not_picked":["Bludgeon","Infernal Blade"],"picked":"Offering","floor":11},{"not_picked":["Wild Strike","Clothesline","Sever Soul"],"picked":"SKIP","floor":12},{"not_picked":["Whirlwind","Thunderclap"],"picked":"Armaments","floor":14},{"not_picked":["Limit Break","Exhume"],"picked":"Offering","floor":16},{"not_picked":["Pommel Strike","Reckless Charge"],"picked":"Body Slam","floor":18},{"not_picked":["Thunderclap+1","Headbutt"],"picked":"Disarm","floor":19},{"not_picked":["Thunderclap","Warcry"],"picked":"Entrench","floor":21},{"not_picked":["Clothesline","Dropkick+1"],"picked":"True Grit","floor":24},{"not_picked":["Iron Wave+1","Clash"],"picked":"Corruption","floor":27},{"not_picked":["Thunderclap","Reckless Charge","Pommel Strike"],"picked":"SKIP","floor":28},{"not_picked":["Fire Breathing","Rampage","Havoc"],"picked":"SKIP","floor":31},{"not_picked":["Reaper","Offering"],"picked":"Exhume","floor":33},{"not_picked":["Havoc","Dual Wield"],"picked":"Battle Trance+1","floor":35},{"not_picked":["Evolve","Thunderclap+1","Dropkick"],"picked":"SKIP","floor":39},{"not_picked":["Sword Boomerang","Flex"],"picked":"Armaments+1","floor":40},{"not_picked":["Havoc","Wild Strike"],"picked":"Second Wind","floor":41},{"not_picked":["Thunderclap","Flex+1"],"picked":"Impervious","floor":42},{"not_picked":["True Grit","Pommel Strike"],"picked":"Warcry","floor":45},{"not_picked":["Evolve","Wild Strike","True Grit"],"picked":"SKIP","floor":46},{"not_picked":["Rampage+1","Feed"],"picked":"Spot Weakness+1","floor":48},{"not_picked":["Burning Pact","Hemokinesis+1"],"picked":"Warcry+1","floor":55}],"player_experience":627997,"relics_obtained":[{"floor":6,"key":"Ornamental Fan"},{"floor":8,"key":"Vajra"},{"floor":9,"key":"Pen Nib"},{"floor":11,"key":"Dead Branch"},{"floor":24,"key":"Mercury Hourglass"},{"floor":28,"key":"Omamori"},{"floor":40,"key":"MawBank"},{"floor":43,"key":"Lantern"},{"floor":46,"key":"Bag of Marbles"},{"floor":55,"key":"Kunai"}],"event_choices":[{"damage_healed":0,"gold_gain":75,"player_choice":"Gather Gold","damage_taken":11,"max_hp_gain":0,"max_hp_loss":0,"event_name":"World of Goop","floor":3,"gold_loss":0},{"damage_healed":0,"gold_gain":0,"player_choice":"Donut","damage_taken":0,"max_hp_gain":5,"max_hp_loss":0,"event_name":"Big Fish","floor":5,"gold_loss":0},{"cards_removed":["Perfected Strike"],"damage_healed":0,"gold_gain":0,"player_choice":"Gave Gold","damage_taken":0,"max_hp_gain":0,"max_hp_loss":0,"event_name":"Beggar","floor":20,"gold_loss":75},{"damage_healed":0,"gold_gain":0,"cards_transformed":["Flex","Headbutt"],"player_choice":"Became Test Subject","damage_taken":0,"max_hp_gain":0,"max_hp_loss":0,"event_name":"Drug Dealer","floor":22,"gold_loss":0,"cards_obtained":["Double Tap","Havoc"]},{"damage_healed":0,"gold_gain":999,"player_choice":"Gold","damage_taken":0,"max_hp_gain":0,"max_hp_loss":0,"event_name":"MindBloom","floor":36,"gold_loss":0,"cards_obtained":["Normality","Normality"]},{"cards_removed":["Anger"],"damage_healed":0,"gold_gain":0,"player_choice":"Purged","damage_taken":0,"max_hp_gain":0,"max_hp_loss":0,"event_name":"Purifier","floor":37,"gold_loss":0},{"cards_removed":["Sword Boomerang"],"damage_healed":0,"gold_gain":0,"player_choice":"Removed Attack","damage_taken":0,"max_hp_gain":0,"max_hp_loss":0,"event_name":"Falling","floor":47,"gold_loss":0}],"is_beta":false,"boss_relics":[{"not_picked":["Snecko Eye","Runic Dome"],"picked":"Pandora\u0027s Box"},{"not_picked":["Calling Bell","Runic Pyramid"],"picked":"Fusion Hammer"}],"items_purged_floors":[30,38],"is_endless":false,"potions_floor_spawned":[1,8,10,11,14,21,24,31,33,35,42,48,55],"ascension_level":20}