{"gold_per_floor":[111,111,111,111,125,157,177,208,233,233,268,293,317,361,373,459,471,503,530,554,583,611,623,661,673,685,257,257,282,282,302,302,379,379,390,390,400,400,420,420,453,453,507,541,561,574,574,606,606,606,606,606,606,26,53,53],"floor_reached":57,"playtime":2576,"items_purged":["Strike_R","Bludgeon+1"],"score":3049,"play_id":"bc8ad070-6ee0-410b-b02a-4b9df5813810","local_time":"20190706194506","is_ascension_mode":true,"campfire_choices":[{"data":"Shockwave","floor":10.0,"key":"SMITH"},{"data":"Whirlwind","floor":15.0,"key":"SMITH"},{"data":"Disarm","floor":23.0,"key":"SMITH"},{"data":"Dark Embrace","floor":25.0,"key":"SMITH"},{"data":"Inflame","floor":28.0,"key":"SMITH"},{"data":"Second Wind","floor":32.0,"key":"SMITH"},{"data":"Offering","floor":40.0,"key":"SMITH"},{"data":"Feel No Pain","floor":42.0,"key":"SMITH"},{"data":"Demon Form","floor":47.0,"key":"SMITH"},{"floor":49,"key":"RECALL"},{"data":"True Grit","floor":53,"key":"SMITH"}],"neow_cost":"TEN_PERCENT_HP_LOSS","seed_source_timestamp":643245456317100,"circlet_count":0,"master_deck":["AscendersBane","Defend_R","Defend_R","Defend_R","Defend_R","Bash+1","Impervious","Shockwave+1","Dark Embrace+1","Shrug It Off","Whirlwind+1","Offering+1","Second Wind+1","Flame Barrier+1","Infernal Blade+1","Disarm+1","Dropkick+1","Evolve","Corruption","Inflame+1","Power Through","Feel No Pain+1","Demon Form+1","Body Slam+1","True Grit+1","Evolve","Power Through+1","Dropkick","Second Wind","Flame Barrier"],"special_seed":0,"relics":["Burning Blood","PreservedInsect","Regal Pillow","Ancient Tea Set","MawBank","Bag of Marbles","Coffee Dripper","Nunchaku","The Courier","Lee\u0027s Waffle","Bag of Preparation","Mark of Pain","Whetstone","Frozen Egg 2","Bronze Scales","TheAbacus","Pen Nib","Strawberry","Sundial"],"potions_floor_usage":[56,56],"damage_taken":[{"damage":7.0,"enemies":"Jaw Worm","floor":1.0,"turns":2.0},{"damage":0.0,"enemies":"Small Slimes","floor":5.0,"turns":3.0},{"damage":5.0,"enemies":"Lagavulin","floor":6.0,"turns":7.0},{"damage":0.0,"enemies":"Cultist","floor":7.0,"turns":2.0},{"damage":25.0,"enemies":"3 Sentries","floor":8.0,"turns":8.0},{"damage":0.0,"enemies":"Lagavulin","floor":11.0,"turns":6.0},{"damage":21.0,"enemies":"Lots of Slimes","floor":12.0,"turns":5.0},{"damage":11.0,"enemies":"Exordium Thugs","floor":13.0,"turns":5.0},{"damage":6.0,"enemies":"Gremlin Nob","floor":14.0,"turns":3.0},{"damage":28.0,"enemies":"Slime Boss","floor":16.0,"turns":7.0},{"damage":4.0,"enemies":"Chosen","floor":18.0,"turns":3.0},{"damage":11.0,"enemies":"2 Thieves","floor":19.0,"turns":2.0},{"damage":6.0,"enemies":"3 Cultists","floor":20.0,"turns":2.0},{"damage":8.0,"enemies":"Snecko","floor":21.0,"turns":5.0},{"damage":6.0,"enemies":"Shelled Parasite and Fungi","floor":22.0,"turns":1.0},{"damage":6.0,"enemies":"Gremlin Leader","floor":24.0,"turns":2.0},{"damage":11.0,"enemies":"Slavers","floor":29.0,"turns":2.0},{"damage":6.0,"enemies":"Chosen and Byrds","floor":31.0,"turns":3.0},{"damage":46.0,"enemies":"Automaton","floor":33.0,"turns":14.0},{"damage":0.0,"enemies":"Orb Walker","floor":35.0,"turns":5.0},{"damage":0.0,"enemies":"3 Shapes","floor":37.0,"turns":5.0},{"damage":0.0,"enemies":"3 Darklings","floor":39.0,"turns":2.0},{"damage":25.0,"enemies":"Nemesis","floor":41.0,"turns":5.0},{"damage":6.0,"enemies":"Reptomancer","floor":44.0,"turns":2.0},{"damage":6.0,"enemies":"Maw","floor":45.0,"turns":4.0},{"damage":25.0,"enemies":"Spire Growth","floor":46.0,"turns":4.0},{"damage":6,"enemies":"Giant Head","floor":48,"turns":4},{"damage":15,"enemies":"Donu and Deca","floor":50,"turns":3},{"damage":16,"enemies":"Time Eater","floor":51,"turns":6},{"damage":50,"enemies":"Shield and Spear","floor":55,"turns":4},{"damage":10,"enemies":"The Heart","floor":56,"turns":7}],"seed_played":"-6182466962867463132","potions_obtained":[{"floor":1.0,"key":"Energy Potion"},{"floor":6.0,"key":"GamblersBrew"},{"floor":11.0,"key":"Fire Potion"},{"floor":16.0,"key":"Swift Potion"},{"floor":20.0,"key":"EssenceOfSteel"},{"floor":22.0,"key":"Strength Potion"},{"floor":24.0,"key":"SteroidPotion"},{"floor":36.0,"key":"Fire Potion"},{"floor":48,"key":"Weak Potion"},{"floor":55,"key":"BloodPotion"}],"is_trial":false,"path_per_floor":["M","?","?","?","M","E","M","E","T","R","E","M","M","E","R","B",null,"M","M","M","M","M","R","E","R","T","$","R","E","?","M","R","B",null,"M","?","M","?","M","R","E","R","T","E","M","M","R","E","R","B","B",null,"R","$","E","B",null],"character_chosen":"IRONCLAD","items_purchased":["Evolve","Corruption","Lee\u0027s Waffle","Inflame","Power Through","TheAbacus","Flame Barrier","Pen Nib","Strawberry","Swift Potion"],"campfire_rested":0,"item_purchase_floors":[27,27,27,27,27,54,54,54,54,54],"current_hp_per_floor":[67,60,60,60,66,67,68,49,49,49,55,40,35,35,35,13,54,56,51,51,49,49,49,49,49,49,75,75,70,70,70,70,30,64,70,70,75,71,71,71,52,52,52,52,52,33,33,33,33,24,14,57,57,64,20,35],"gold":53,"neow_bonus":"TRANSFORM_TWO_CARDS","is_prod":false,"is_daily":false,"chose_seed":false,"campfire_upgraded":10,"win_rate":0,"timestamp":1562409906,"path_taken":["M","?","?","?","?","E","M","E","T","R","E","?","M","E","R","BOSS","M","M","?","M","M","R","E","R","T","$","R","E","?","M","R","BOSS","M","?","?","?","M","R","E","R","T","E","M","M","R","E","R","BOSS","BOSS","R","$","E","BOSS"],"build_version":"2019-07-05","purchased_purges":2,"victory":true,"max_hp_per_floor":[68,68,68,68,68,68,68,68,68,68,68,68,68,68,68,68,68,68,68,68,68,68,68,68,68,68,75,75,75,75,75,75,75,75,75,75,75,71,71,71,71,71,71,71,71,71,71,71,71,71,71,71,71,78,78,78],"card_choices":[{"not_picked":["Bloodletting","Reckless Charge","Perfected Strike"],"picked":"SKIP","floor":1.0},{"not_picked":["Flex","Clothesline","Anger"],"picked":"SKIP","floor":5.0},{"not_picked":["Anger","Perfected Strike"],"picked":"Shockwave","floor":6.0},{"not_picked":["Sever Soul","Heavy Blade","Havoc"],"picked":"SKIP","floor":7.0},{"not_picked":["Pummel","Sentinel"],"picked":"Dark Embrace","floor":8.0},{"not_picked":["Iron Wave","Thunderclap","Anger"],"picked":"SKIP","floor":11.0},{"not_picked":["Clash","Havoc"],"picked":"Shrug It Off","floor":12.0},{"not_picked":["Disarm","Havoc"],"picked":"Whirlwind","floor":13.0},{"not_picked":["Entrench","Clash","Perfected Strike"],"picked":"SKIP","floor":14.0},{"not_picked":["Bludgeon","Reaper"],"picked":"Offering","floor":16.0},{"not_picked":["Heavy Blade","Havoc"],"picked":"Second Wind","floor":18.0},{"not_picked":["Clash","Intimidate+1"],"picked":"Flame Barrier+1","floor":19.0},{"not_picked":["Sentinel","Sword Boomerang"],"picked":"Infernal Blade+1","floor":20.0},{"not_picked":["Flex","Armaments","Intimidate"],"picked":"SKIP","floor":21.0},{"not_picked":["Clash","Cleave"],"picked":"Disarm","floor":22.0},{"not_picked":["Perfected Strike+1","Armaments"],"picked":"Dropkick","floor":24.0},{"not_picked":["Flame Barrier","Thunderclap","Rampage"],"picked":"SKIP","floor":29.0},{"not_picked":["Rampage","Heavy Blade"],"picked":"Feel No Pain","floor":31.0},{"not_picked":["Fiend Fire","Impervious"],"picked":"Demon Form","floor":33.0},{"not_picked":["Sentinel","Twin Strike"],"picked":"Body Slam+1","floor":35.0},{"not_picked":["Second Wind","Metallicize+1"],"picked":"True Grit","floor":37.0},{"not_picked":["Wild Strike+1","Clash","Headbutt"],"picked":"SKIP","floor":39.0},{"not_picked":["Shrug It Off","Anger"],"picked":"Evolve","floor":41.0},{"not_picked":["Wild Strike","Rupture","Cleave"],"picked":"SKIP","floor":44.0},{"not_picked":["Burning Pact","Warcry+1"],"picked":"Power Through+1","floor":45.0},{"not_picked":["Pommel Strike","Bloodletting+1"],"picked":"Dropkick","floor":46.0},{"not_picked":["Bloodletting","Hemokinesis"],"picked":"Second Wind","floor":48},{"not_picked":["Thunderclap","Pummel","True Grit"],"picked":"SKIP","floor":55}],"player_experience":936975,"relics_obtained":[{"floor":6.0,"key":"PreservedInsect"},{"floor":8.0,"key":"Regal Pillow"},{"floor":9.0,"key":"Ancient Tea Set"},{"floor":11.0,"key":"MawBank"},{"floor":14.0,"key":"Bag of Marbles"},{"floor":24.0,"key":"Nunchaku"},{"floor":26.0,"key":"The Courier"},{"floor":29.0,"key":"Bag of Preparation"},{"floor":41.0,"key":"Whetstone"},{"floor":44.0,"key":"Frozen Egg 2"},{"floor":48,"key":"Bronze Scales"},{"floor":55,"key":"Sundial"}],"event_choices":[{"cards_removed":["Strike_R"],"damage_healed":0.0,"max_hp_gain":0.0,"max_hp_loss":0.0,"gold_gain":0.0,"event_name":"Golden Wing","player_choice":"Card Removal","floor":2.0,"gold_loss":0.0,"damage_taken":7.0},{"damage_healed":0.0,"max_hp_gain":0.0,"max_hp_loss":0.0,"gold_gain":0.0,"cards_transformed":["Strike_R"],"event_name":"Living Wall","player_choice":"Change","floor":3.0,"gold_loss":0.0,"damage_taken":0.0,"cards_obtained":["Impervious"]},{"damage_healed":0.0,"max_hp_gain":0.0,"max_hp_loss":0.0,"gold_gain":0.0,"event_name":"Upgrade Shrine","player_choice":"Upgraded","floor":4.0,"gold_loss":0.0,"damage_taken":0.0,"cards_upgraded":["Bludgeon"]},{"cards_removed":["Heavy Blade"],"damage_healed":0.0,"max_hp_gain":0.0,"max_hp_loss":0.0,"gold_gain":0.0,"event_name":"Back to Basics","player_choice":"Elegance","floor":30.0,"gold_loss":0.0,"damage_taken":0.0},{"damage_healed":0.0,"max_hp_gain":0.0,"max_hp_loss":0.0,"gold_gain":0.0,"event_name":"Lab","player_choice":"Got Potions","floor":36.0,"gold_loss":0.0,"damage_taken":0.0},{"damage_healed":0.0,"max_hp_gain":0.0,"max_hp_loss":4.0,"gold_gain":0.0,"event_name":"Winding Halls","player_choice":"Max HP","floor":38.0,"gold_loss":0.0,"damage_taken":0.0}],"is_beta":false,"boss_relics":[{"not_picked":["White Beast Statue","Runic Pyramid"],"picked":"Coffee Dripper"},{"not_picked":["Runic Cube","Black Star"],"picked":"Mark of Pain"}],"items_purged_floors":[27,54],"is_endless":false,"potions_floor_spawned":[1,6,11,16,20,22,24,39,41,48,55],"ascension_level":20}