{"gold_per_floor":[12,12,25,25,38,38,59,100,125,159,172,172,216,62,62,160,160,179,195,213,213,138,138,152,152,152,56,56,99,14,14,14,14],"floor_reached":33,"playtime":1308,"items_purged":["Strike_R"],"score":616,"play_id":"c67ce2d9-1df7-4356-a6f1-f84e88a5f31b","local_time":"20190729160115","is_ascension_mode":true,"campfire_choices":[{"data":"Cleave","floor":6,"key":"SMITH"},{"data":"Bash","floor":12,"key":"SMITH"},{"data":"Dual Wield","floor":15,"key":"SMITH"},{"data":"Offering","floor":23,"key":"SMITH"},{"data":"True Grit","floor":25,"key":"SMITH"},{"data":"Deep Breath","floor":28,"key":"SMITH"},{"floor":32,"key":"REST"}],"neow_cost":"NO_GOLD","seed_source_timestamp":865234973229700,"circlet_count":0,"master_deck":["AscendersBane","Defend_R","Defend_R","Defend_R","Defend_R","Bash+1","Cleave+1","Dropkick","Shrug It Off","Anger","Dual Wield+1","Offering+1","Inflame","Limit Break","True Grit+1","Shrug It Off","Deep Breath+1","Intimidate"],"relics":["Burning Blood","Golden Idol","PreservedInsect","Red Skull","Pen Nib","Orichalcum","Sozu","Pear","Ice Cream","Shuriken"],"potions_floor_usage":[8,10,16,16,33],"damage_taken":[{"damage":3,"enemies":"2 Louse","floor":1,"turns":4},{"damage":4,"enemies":"Small Slimes","floor":3,"turns":4},{"damage":0,"enemies":"Cultist","floor":5,"turns":3},{"damage":20,"enemies":"Exordium Thugs","floor":7,"turns":5},{"damage":31,"enemies":"Gremlin Nob","floor":8,"turns":4},{"damage":0,"enemies":"Lagavulin","floor":10,"turns":4},{"damage":0,"enemies":"Lots of Slimes","floor":11,"turns":1},{"damage":5,"enemies":"3 Sentries","floor":13,"turns":4},{"damage":44,"enemies":"Slime Boss","floor":16,"turns":9},{"damage":17,"enemies":"Shell Parasite","floor":18,"turns":3},{"damage":13,"enemies":"3 Byrds","floor":19,"turns":4},{"damage":6,"enemies":"3 Cultists","floor":20,"turns":2},{"damage":7,"enemies":"Centurion and Healer","floor":24,"turns":3},{"damage":18,"enemies":"Book of Stabbing","floor":29,"turns":4},{"damage":66,"enemies":"Automaton","floor":33,"turns":6}],"seed_played":"3553193437339773916","potions_obtained":[{"floor":5,"key":"FearPotion"},{"floor":7,"key":"Energy Potion"},{"floor":11,"key":"Fire Potion"},{"floor":13,"key":"GamblersBrew"},{"floor":16,"key":"Dexterity Potion"}],"is_trial":false,"path_per_floor":["M","?","M","?","M","R","M","E","T","E","M","R","E","$","R","B",null,"M","M","M","?","?","R","M","R","T","$","R","E","?","?","R","B"],"character_chosen":"IRONCLAD","items_purchased":["BloodPotion","Deep Breath"],"campfire_rested":1,"item_purchase_floors":[14,27],"current_hp_per_floor":[71,45,47,47,53,53,39,14,14,20,26,26,27,27,27,7,58,47,40,40,40,40,40,39,39,49,49,49,37,37,37,62,0],"gold":14,"neow_bonus":"REMOVE_TWO","is_prod":false,"is_daily":false,"chose_seed":false,"campfire_upgraded":6,"win_rate":0,"timestamp":1564383675,"path_taken":["M","?","M","?","M","R","M","E","T","E","?","R","E","?","R","BOSS","M","M","?","?","?","R","M","R","T","$","R","E","?","?","R","BOSS"],"build_version":"2019-07-17","purchased_purges":1,"victory":false,"max_hp_per_floor":[75,75,75,75,75,75,75,75,75,75,75,75,75,75,75,75,75,75,75,75,75,75,75,75,75,85,85,85,85,85,85,85,85],"card_choices":[{"not_picked":["Thunderclap","Metallicize"],"picked":"Cleave","floor":1},{"not_picked":["Clash","Body Slam"],"picked":"Dropkick","floor":3},{"not_picked":["Bloodletting","Iron Wave","Intimidate"],"picked":"SKIP","floor":5},{"not_picked":["Hemokinesis","Warcry","Clash"],"picked":"SKIP","floor":7},{"not_picked":["Hemokinesis","Warcry","Clash"],"picked":"SKIP","floor":7},{"not_picked":["Corruption","Clothesline"],"picked":"Shrug It Off","floor":8},{"not_picked":["Flame Barrier","Power Through"],"picked":"Anger","floor":10},{"not_picked":["Cleave","Pommel Strike","Sword Boomerang"],"picked":"SKIP","floor":11},{"not_picked":["Rage","Flex"],"picked":"Dual Wield","floor":13},{"not_picked":["Barricade","Fiend Fire"],"picked":"Offering","floor":16},{"not_picked":["Thunderclap","Cleave"],"picked":"Inflame","floor":18},{"not_picked":["Thunderclap+1","Warcry","Sentinel"],"picked":"SKIP","floor":19},{"not_picked":["Bloodletting+1","Twin Strike"],"picked":"Limit Break","floor":20},{"not_picked":["Flex","Cleave"],"picked":"Shrug It Off","floor":24},{"not_picked":["Spot Weakness","Flame Barrier"],"picked":"Intimidate","floor":29}],"player_experience":1278381,"relics_obtained":[{"floor":8,"key":"PreservedInsect"},{"floor":9,"key":"Red Skull"},{"floor":10,"key":"Pen Nib"},{"floor":13,"key":"Orichalcum"},{"floor":26,"key":"Pear"},{"floor":29,"key":"Ice Cream"}],"event_choices":[{"damage_healed":0,"gold_gain":0,"player_choice":"Take Damage","damage_taken":26,"relics_obtained":["Golden Idol"],"max_hp_gain":0,"max_hp_loss":0,"event_name":"Golden Idol","floor":2,"gold_loss":0},{"cards_removed":["Strike_R"],"damage_healed":0,"gold_gain":0,"player_choice":"Offered Basic","damage_taken":0,"max_hp_gain":0,"max_hp_loss":0,"event_name":"Bonfire Elementals","floor":4,"gold_loss":0},{"damage_healed":0,"gold_gain":0,"player_choice":"Read","damage_taken":0,"max_hp_gain":0,"max_hp_loss":0,"event_name":"The Library","floor":21,"gold_loss":0,"cards_obtained":["True Grit"]},{"cards_removed":["Strike_R"],"damage_healed":0,"gold_gain":0,"player_choice":"Gave Gold","damage_taken":0,"max_hp_gain":0,"max_hp_loss":0,"event_name":"Beggar","floor":22,"gold_loss":75},{"damage_healed":0,"gold_gain":0,"player_choice":"Obtained Relic","damage_taken":0,"relics_obtained":["Shuriken"],"max_hp_gain":0,"max_hp_loss":0,"event_name":"Addict","floor":30,"gold_loss":85},{"damage_healed":0,"gold_gain":0,"player_choice":"Ignored","damage_taken":0,"max_hp_gain":0,"max_hp_loss":0,"event_name":"The Mausoleum","floor":31,"gold_loss":0}],"is_beta":false,"boss_relics":[{"not_picked":["Orrery","Philosopher\u0027s Stone"],"picked":"Sozu"}],"items_purged_floors":[14],"is_endless":false,"potions_floor_spawned":[5,7,11,13,16,24],"killed_by":"Automaton","ascension_level":20}