{"gold_per_floor":[116,116,41,55,68,102,102,122,122,132,132,56,56,82,82,159,159,175,175,131,56,75,108,108,138,138,138,158,158,174,185,185,263,263,277,290,305,319,419,453,453,484,533,858,342,342,342,342,342,342,342,342,342,105,139,139],"floor_reached":57,"playtime":3418,"items_purged":["Strike_R","Strike_R","Flex"],"score":2830,"play_id":"e2770a58-7f9d-459f-8fa1-8e246eac42fa","local_time":"20190713182309","is_ascension_mode":true,"campfire_choices":[{"data":"Juggernaut","floor":7.0,"key":"SMITH"},{"data":"Armaments","floor":13.0,"key":"SMITH"},{"data":"Feel No Pain","floor":15.0,"key":"SMITH"},{"data":"Bludgeon","floor":24,"key":"SMITH"},{"data":"Shrug It Off","floor":29,"key":"SMITH"},{"data":"Disarm","floor":32,"key":"SMITH"},{"data":"Evolve","floor":41,"key":"SMITH"},{"data":"Power Through","floor":46,"key":"SMITH"},{"floor":49,"key":"RECALL"},{"data":"Juggernaut","floor":53,"key":"SMITH"}],"neow_cost":"NONE","seed_source_timestamp":56765360528500,"circlet_count":0,"master_deck":["AscendersBane","Defend_R","Defend_R","Defend_R","Defend_R","Bash","Juggernaut+1","Armaments+1","Shrug It Off+1","Iron Wave+1","Feel No Pain+1","Evolve+1","Disarm+1","Reaper+1","Uppercut+1","Sever Soul","Bludgeon+1","Spot Weakness","Seeing Red","Exhume","Barricade","Body Slam","Flame Barrier","Ghostly Armor+1","Entrench","Fiend Fire","Shrug It Off","Juggernaut+1","Evolve","Feel No Pain","Power Through+1","Dark Shackles","Shrug It Off"],"special_seed":0,"relics":["Burning Blood","Letter Opener","Ice Cream","Unceasing Top","Snecko Eye","Gremlin Horn","Mango","Pen Nib","Orrery","Nunchaku","Bottled Tornado","Whetstone","Old Coin","Potion Belt","Mercury Hourglass"],"potions_floor_usage":[23,25,33,33,40,42,50,56,56,56,56],"damage_taken":[{"damage":10.0,"enemies":"2 Louse","floor":1.0,"turns":3.0},{"damage":10.0,"enemies":"Small Slimes","floor":4.0,"turns":4.0},{"damage":1.0,"enemies":"Cultist","floor":5.0,"turns":4.0},{"damage":16.0,"enemies":"Lagavulin","floor":6.0,"turns":10.0},{"damage":1.0,"enemies":"Lots of Slimes","floor":8.0,"turns":3.0},{"damage":8.0,"enemies":"Blue Slaver","floor":10.0,"turns":4.0},{"damage":45.0,"enemies":"Gremlin Nob","floor":14.0,"turns":6.0},{"damage":8.0,"enemies":"Slime Boss","floor":16.0,"turns":10.0},{"damage":0.0,"enemies":"Chosen","floor":18.0,"turns":4.0},{"damage":19.0,"enemies":"2 Thieves","floor":20.0,"turns":5.0},{"damage":0.0,"enemies":"Snake Plant","floor":22.0,"turns":4.0},{"damage":60,"enemies":"Slavers","floor":23,"turns":7},{"damage":19,"enemies":"Book of Stabbing","floor":25,"turns":5},{"damage":14,"enemies":"3 Cultists","floor":28,"turns":4},{"damage":13,"enemies":"Centurion and Healer","floor":30,"turns":5},{"damage":0,"enemies":"Snecko","floor":31,"turns":3},{"damage":61,"enemies":"Automaton","floor":33,"turns":10},{"damage":16,"enemies":"Orb Walker","floor":35,"turns":4},{"damage":15,"enemies":"3 Darklings","floor":36,"turns":7},{"damage":4,"enemies":"Sphere and 2 Shapes","floor":37,"turns":6},{"damage":14,"enemies":"4 Shapes","floor":38,"turns":4},{"damage":0,"enemies":"Mind Bloom Boss Battle","floor":39,"turns":5},{"damage":9,"enemies":"Giant Head","floor":40,"turns":5},{"damage":18,"enemies":"Reptomancer","floor":42,"turns":7},{"damage":0,"enemies":"Nemesis","floor":44,"turns":5},{"damage":29,"enemies":"Awakened One","floor":50,"turns":13},{"damage":37,"enemies":"Time Eater","floor":51,"turns":10},{"damage":63,"enemies":"Shield and Spear","floor":55,"turns":10},{"damage":10,"enemies":"The Heart","floor":56,"turns":9}],"seed_played":"-9103405371343699347","potions_obtained":[{"floor":4.0,"key":"Swift Potion"},{"floor":14.0,"key":"SpeedPotion"},{"floor":16.0,"key":"SteroidPotion"},{"floor":20.0,"key":"Fruit Juice"},{"floor":22.0,"key":"Poison Potion"},{"floor":23,"key":"Swift Potion"},{"floor":25,"key":"Swift Potion"},{"floor":31,"key":"PowerPotion"},{"floor":35,"key":"GamblersBrew"},{"floor":39,"key":"Strength Potion"},{"floor":40,"key":"Fire Potion"},{"floor":42,"key":"Block Potion"}],"is_trial":false,"path_per_floor":["M","?","?","M","M","E","R","M","T","M","?","$","R","E","R","B",null,"M","?","M","$","M","E","R","E","T","?","M","R","M","M","R","B",null,"M","M","M","M","?","E","R","E","T","E","$","R","?","?","R","B","B",null,"R","$","E","B",null],"character_chosen":"IRONCLAD","items_purchased":["Evolve","Feel No Pain","Power Through","Potion Belt","Ancient Potion","PowerPotion","Block Potion"],"campfire_rested":0,"item_purchase_floors":[12,45,45,45,45,54,54],"current_hp_per_floor":[64,57,57,53,58,48,48,53,53,51,51,51,51,12,12,10,59,69,69,65,65,76,44,44,57,57,57,57,57,56,62,62,50,83,82,82,91,83,94,91,91,94,94,94,94,94,84,84,84,89,68,84,84,84,32,43],"gold":139,"neow_bonus":"ONE_RANDOM_RARE_CARD","is_prod":false,"is_daily":false,"chose_seed":false,"campfire_upgraded":9,"win_rate":0,"timestamp":1563009789,"path_taken":["M","?","?","M","M","E","R","M","T","M","?","$","R","E","R","BOSS","M","?","?","$","M","E","R","E","T","?","M","R","M","M","R","BOSS","M","M","M","M","?","E","R","E","T","E","$","R","?","?","R","BOSS","BOSS","R","$","E","BOSS"],"build_version":"2019-07-05","purchased_purges":3,"victory":true,"max_hp_per_floor":[75,75,75,75,75,75,75,75,75,75,75,75,75,75,75,75,75,75,75,80,80,80,80,80,94,94,94,94,94,94,94,94,94,94,94,94,94,94,94,94,94,94,94,94,94,94,94,89,89,89,89,89,89,89,89,89],"card_choices":[{"not_picked":["Thunderclap","Reckless Charge"],"picked":"Armaments","floor":1.0},{"not_picked":["Cleave","Clothesline"],"picked":"Shrug It Off","floor":4.0},{"not_picked":["Infernal Blade","Warcry","Ghostly Armor"],"picked":"SKIP","floor":5.0},{"not_picked":["Double Tap","Burning Pact","Blood for Blood"],"picked":"SKIP","floor":6.0},{"not_picked":["Clothesline","Flex"],"picked":"Iron Wave","floor":8.0},{"not_picked":["Armaments","Fire Breathing"],"picked":"Feel No Pain","floor":10.0},{"not_picked":["Twin Strike","Spot Weakness"],"picked":"Disarm","floor":14.0},{"not_picked":["Double Tap","Immolate"],"picked":"Reaper","floor":16.0},{"not_picked":["Perfected Strike","Shrug It Off"],"picked":"Uppercut","floor":18.0},{"not_picked":["Evolve","Sword Boomerang"],"picked":"Flex","floor":20.0},{"not_picked":["Evolve","Searing Blow"],"picked":"Sever Soul","floor":22.0},{"not_picked":["Heavy Blade","Metallicize"],"picked":"Bludgeon","floor":23},{"not_picked":["True Grit","Iron Wave"],"picked":"Spot Weakness","floor":25},{"not_picked":["Armaments","Iron Wave","Twin Strike"],"picked":"SKIP","floor":28},{"not_picked":["Thunderclap","Sword Boomerang"],"picked":"Seeing Red","floor":30},{"not_picked":["Flex","Pommel Strike+1"],"picked":"Exhume","floor":31},{"not_picked":["Fiend Fire","Reaper"],"picked":"Barricade","floor":33},{"not_picked":["Rage","Heavy Blade"],"picked":"Body Slam","floor":34},{"not_picked":["Warcry","Power Through"],"picked":"Flame Barrier","floor":34},{"not_picked":["Whirlwind","Flex"],"picked":"Ghostly Armor+1","floor":34},{"not_picked":["Pommel Strike","Infernal Blade+1"],"picked":"Entrench","floor":35},{"not_picked":["Heavy Blade","Headbutt+1"],"picked":"Fiend Fire","floor":36},{"not_picked":["Sever Soul","Thunderclap"],"picked":"Shrug It Off","floor":37},{"not_picked":["Sword Boomerang","Havoc","Perfected Strike"],"picked":"SKIP","floor":38},{"not_picked":["Infernal Blade","Rupture"],"picked":"Juggernaut","floor":40},{"not_picked":["Iron Wave","Rage"],"picked":"Evolve","floor":42},{"not_picked":["Combust+1","Wild Strike","Pummel"],"picked":"SKIP","floor":44},{"not_picked":["Madness","Finesse"],"picked":"Dark Shackles","floor":47},{"not_picked":["Pummel","Body Slam+1"],"picked":"Shrug It Off","floor":55}],"player_experience":1004117,"relics_obtained":[{"floor":6.0,"key":"Letter Opener"},{"floor":9.0,"key":"Ice Cream"},{"floor":14.0,"key":"Unceasing Top"},{"floor":23,"key":"Gremlin Horn"},{"floor":25,"key":"Mango"},{"floor":26,"key":"Pen Nib"},{"floor":39,"key":"Nunchaku"},{"floor":40,"key":"Bottled Tornado"},{"floor":42,"key":"Whetstone"},{"floor":44,"key":"Old Coin"},{"floor":55,"key":"Mercury Hourglass"}],"event_choices":[{"cards_removed":["Strike_R"],"damage_healed":0.0,"max_hp_gain":0.0,"max_hp_loss":0.0,"gold_gain":0.0,"event_name":"Golden Wing","player_choice":"Card Removal","floor":2.0,"gold_loss":0.0,"damage_taken":7.0},{"cards_removed":["Strike_R"],"damage_healed":0.0,"max_hp_gain":0.0,"max_hp_loss":0.0,"gold_gain":0.0,"event_name":"The Cleric","player_choice":"Card Removal","floor":3.0,"gold_loss":75.0,"damage_taken":0.0},{"cards_removed":["Strike_R"],"damage_healed":0.0,"max_hp_gain":0.0,"max_hp_loss":0.0,"gold_gain":0.0,"event_name":"Bonfire Elementals","player_choice":"Offered Basic","floor":11.0,"gold_loss":0.0,"damage_taken":0.0},{"damage_healed":0.0,"max_hp_gain":0.0,"max_hp_loss":0.0,"gold_gain":0.0,"event_name":"Upgrade Shrine","player_choice":"Upgraded","floor":19.0,"gold_loss":0.0,"damage_taken":0.0,"cards_upgraded":["Uppercut"]},{"damage_healed":0,"gold_gain":0,"player_choice":"Ignored","damage_taken":0,"max_hp_gain":0,"max_hp_loss":0,"event_name":"The Mausoleum","floor":27,"gold_loss":0},{"damage_healed":0,"gold_gain":0,"player_choice":"Fight","damage_taken":0,"max_hp_gain":0,"max_hp_loss":0,"event_name":"MindBloom","floor":39,"gold_loss":0},{"damage_healed":0,"gold_gain":0,"player_choice":"Memory 3","damage_taken":10,"max_hp_gain":0,"max_hp_loss":0,"event_name":"SensoryStone","floor":47,"gold_loss":0},{"damage_healed":0,"gold_gain":0,"player_choice":"Max HP","damage_taken":0,"max_hp_gain":0,"max_hp_loss":5,"event_name":"Winding Halls","floor":48,"gold_loss":0}],"is_beta":false,"boss_relics":[{"not_picked":["Astrolabe","Mark of Pain"],"picked":"Snecko Eye"},{"not_picked":["Velvet Choker","Runic Dome"],"picked":"Orrery"}],"items_purged_floors":[21,45,54],"is_endless":false,"potions_floor_spawned":[4,14,16,20,22,23,25,31,35,39,40,42],"ascension_level":20}