{"gold_per_floor":[111,111,111,131,151,190,190,204,204,204,239,239,275,114,114,114],"floor_reached":16,"playtime":368,"items_purged":[],"score":236,"play_id":"a233007b-62df-4fab-ab75-bcc228573b4c","local_time":"20190622143436","is_ascension_mode":true,"campfire_choices":[{"floor":7,"key":"REST"},{"floor":10,"key":"REST"},{"floor":15,"key":"REST"}],"neow_cost":"NONE","seed_source_timestamp":3758557109700,"circlet_count":0,"master_deck":["AscendersBane","Strike_R","Strike_R","Strike_R","Strike_R","Defend_R","Defend_R","Defend_R","Defend_R","Bash","Shockwave","Carnage","Disarm","Inflame","Pummel","Feel No Pain","Corruption","Second Wind"],"relics":["Fusion Hammer","Golden Idol","Strawberry","Ornamental Fan","Lantern","Regal Pillow","Vajra"],"potions_floor_usage":[13],"damage_taken":[{"damage":4,"enemies":"Small Slimes","floor":1,"turns":3},{"damage":2,"enemies":"Jaw Worm","floor":4,"turns":4},{"damage":0,"enemies":"Cultist","floor":5,"turns":3},{"damage":20,"enemies":"Lagavulin","floor":6,"turns":5},{"damage":0,"enemies":"3 Louse","floor":8,"turns":4},{"damage":30,"enemies":"3 Sentries","floor":11,"turns":7},{"damage":18,"enemies":"Lagavulin","floor":13,"turns":5},{"damage":43,"enemies":"Hexaghost","floor":16,"turns":11}],"seed_played":"-660649605531176757","potions_obtained":[{"floor":1,"key":"SteroidPotion"},{"floor":6,"key":"FearPotion"}],"is_trial":false,"path_per_floor":["M","?","?","M","M","E","R","M","T","R","E","?","E","$","R","B"],"character_chosen":"IRONCLAD","items_purchased":["Corruption","Second Wind"],"campfire_rested":3,"item_purchase_floors":[14,14],"current_hp_per_floor":[64,64,53,51,51,31,53,53,53,75,45,45,27,27,64,21],"gold":114,"neow_bonus":"BOSS_RELIC","is_prod":false,"is_daily":false,"chose_seed":false,"campfire_upgraded":0,"win_rate":0,"timestamp":1561181676,"path_taken":["M","?","?","M","?","E","R","?","T","R","E","?","E","?","R","BOSS"],"build_version":"2019-01-23","purchased_purges":0,"victory":false,"max_hp_per_floor":[75,68,75,75,75,75,75,75,75,75,75,75,75,75,75,75],"card_choices":[{"not_picked":["True Grit","Iron Wave"],"picked":"Shockwave","floor":1},{"not_picked":["Twin Strike","Iron Wave"],"picked":"Carnage","floor":4},{"not_picked":["Sever Soul","Warcry","Body Slam"],"picked":"SKIP","floor":5},{"not_picked":["Rupture","Twin Strike"],"picked":"Disarm","floor":6},{"not_picked":["Rampage","Twin Strike"],"picked":"Inflame","floor":8},{"not_picked":["Thunderclap","Flex","Power Through"],"picked":"SKIP","floor":11},{"not_picked":["Warcry","Whirlwind"],"picked":"Feel No Pain","floor":13}],"player_experience":739031,"relics_obtained":[{"floor":6,"key":"Ornamental Fan"},{"floor":9,"key":"Lantern"},{"floor":11,"key":"Regal Pillow"},{"floor":13,"key":"Vajra"}],"event_choices":[{"damage_healed":0,"gold_gain":0,"player_choice":"Lose Max HP","damage_taken":0,"relics_obtained":["Golden Idol"],"max_hp_gain":0,"max_hp_loss":7,"event_name":"Golden Idol","floor":2,"gold_loss":0},{"damage_healed":0,"gold_gain":0,"player_choice":"Success","damage_taken":18,"relics_obtained":["Strawberry"],"max_hp_gain":0,"max_hp_loss":0,"event_name":"Scrap Ooze","floor":3,"gold_loss":0},{"damage_healed":0,"gold_gain":0,"cards_transformed":["Strike_R"],"player_choice":"Change","damage_taken":0,"max_hp_gain":0,"max_hp_loss":0,"event_name":"Living Wall","floor":12,"gold_loss":0,"cards_obtained":["Pummel"]}],"is_beta":false,"boss_relics":[],"items_purged_floors":[],"is_endless":false,"potions_floor_spawned":[1,6,8],"killed_by":"Hexaghost","ascension_level":20}