{"gold_per_floor":[113,38,49,63,63,96,96,129,129,129,160,160],"floor_reached":12,"playtime":308,"items_purged":[],"score":192,"play_id":"b11dd7b2-5b4e-4384-ad0e-9e35e152c2d7","local_time":"20190627162437","is_ascension_mode":true,"campfire_choices":[{"data":"Rip and Tear","floor":7,"key":"SMITH"},{"data":"Hologram","floor":10,"key":"SMITH"}],"neow_cost":"TEN_PERCENT_HP_LOSS","seed_source_timestamp":51951524276700,"circlet_count":0,"master_deck":["AscendersBane","Strike_B","Strike_B","Defend_B","Defend_B","Defend_B","Zap","Dualcast","Turbo","Rip and Tear+1","Gash","Ball Lightning","Hologram+1"],"relics":["Cracked Core","Pear","Torii","Incense Burner","Bag of Preparation"],"potions_floor_usage":[6,8,8],"damage_taken":[{"damage":0,"enemies":"Cultist","floor":1,"turns":3},{"damage":2,"enemies":"2 Louse","floor":3,"turns":3},{"damage":18,"enemies":"Small Slimes","floor":4,"turns":3},{"damage":10,"enemies":"Lagavulin","floor":6,"turns":7},{"damage":8,"enemies":"Gremlin Nob","floor":8,"turns":3},{"damage":25,"enemies":"Lagavulin","floor":11,"turns":7},{"damage":0,"enemies":"Gremlin Gang","floor":12,"turns":1}],"seed_played":"-864496206784150955","potions_obtained":[{"floor":1,"key":"Strength Potion"},{"floor":4,"key":"Weak Potion"},{"floor":6,"key":"Poison Potion"}],"is_trial":false,"path_per_floor":["M","$","M","M","?","E","R","E","T","R","E","M"],"character_chosen":"DEFECT","items_purchased":["Rip and Tear"],"campfire_rested":0,"item_purchase_floors":[2],"current_hp_per_floor":[64,64,62,44,44,44,44,36,36,36,11,11],"gold":160,"neow_bonus":"REMOVE_TWO","is_prod":false,"is_daily":false,"chose_seed":false,"campfire_upgraded":2,"win_rate":0,"timestamp":1561620277,"path_taken":["M","$","?","M","?","E","R","E","T","R","E","M"],"build_version":"2019-01-23","purchased_purges":0,"victory":false,"max_hp_per_floor":[64,64,64,64,64,74,74,74,74,74,74,74],"card_choices":[{"not_picked":["Lockon","Stack"],"picked":"Turbo","floor":1},{"not_picked":["Compile Driver","Stack","Redo"],"picked":"SKIP","floor":3},{"not_picked":["Force Field","Go for the Eyes","Fusion"],"picked":"SKIP","floor":4},{"not_picked":["Steam","Stack"],"picked":"Ball Lightning","floor":6},{"not_picked":["Meteor Strike","All For One"],"picked":"Hologram","floor":8},{"not_picked":["Conserve Battery","Streamline","Rebound"],"picked":"SKIP","floor":11}],"player_experience":825899,"relics_obtained":[{"floor":6,"key":"Pear"},{"floor":8,"key":"Torii"},{"floor":9,"key":"Incense Burner"},{"floor":11,"key":"Bag of Preparation"}],"event_choices":[{"damage_healed":0,"gold_gain":0,"cards_transformed":["Strike_B"],"player_choice":"Change","damage_taken":0,"max_hp_gain":0,"max_hp_loss":0,"event_name":"Living Wall","floor":5,"gold_loss":0,"cards_obtained":["Gash"]}],"is_beta":false,"boss_relics":[],"items_purged_floors":[],"is_endless":false,"potions_floor_spawned":[1,4,6],"killed_by":"Gremlin Gang","ascension_level":20}