{"gold_per_floor":[111,111,71,71,71,71,71,45,45,55,55,83,83,108,120,132],"floor_reached":16,"playtime":265,"items_purged":[],"score":258,"play_id":"c6fdccfa-e111-4141-b0b6-d263e681a41e","local_time":"20190723231228","is_ascension_mode":true,"campfire_choices":[{"data":"Lockon","floor":6,"key":"SMITH"},{"data":"Hyperbeam","floor":15,"key":"SMITH"}],"neow_cost":"NONE","seed_source_timestamp":373743740946600,"circlet_count":0,"master_deck":["AscendersBane","Strike_B","Strike_B","Strike_B","Defend_B","Defend_B","Defend_B","Zap","Dualcast","Lockon+1","Genetic Algorithm","Cold Snap","Melter","FTL","Hyperbeam+1","FTL","Capacitor+1"],"relics":["Cracked Core","NeowsBlessing","Kunai","Frozen Egg 2","Singing Bowl","MawBank"],"potions_floor_usage":[16],"damage_taken":[{"damage":0,"enemies":"Jaw Worm","floor":1,"turns":1},{"damage":0,"enemies":"Small Slimes","floor":10,"turns":1},{"damage":0,"enemies":"Lagavulin","floor":12,"turns":1},{"damage":7,"enemies":"Gremlin Nob","floor":14,"turns":3},{"damage":61,"enemies":"Slime Boss","floor":16,"turns":9}],"seed_played":"6488058647899698808","potions_obtained":[{"floor":12,"key":"Block Potion"}],"is_trial":false,"path_per_floor":["M","?","$","?","?","R","T","$","T","M","?","E","?","E","R","B"],"character_chosen":"DEFECT","items_purchased":["Lockon","Cold Snap"],"campfire_rested":0,"item_purchase_floors":[3,8],"current_hp_per_floor":[64,57,57,57,57,57,57,57,57,57,62,62,62,55,55,0],"gold":132,"neow_bonus":"THREE_ENEMY_KILL","is_prod":false,"is_daily":false,"chose_seed":false,"campfire_upgraded":2,"win_rate":0,"timestamp":1563891148,"path_taken":["M","?","$","?","?","R","?","?","T","?","?","E","?","E","R","BOSS"],"build_version":"2019-07-17","purchased_purges":0,"victory":false,"max_hp_per_floor":[71,71,71,71,71,71,71,71,71,71,76,76,76,76,76,76],"card_choices":[{"not_picked":["Stack","Leap","Hologram"],"picked":"SKIP","floor":1},{"not_picked":["Chaos","Redo"],"picked":"Melter","floor":10},{"not_picked":["Hologram","Steam"],"picked":"FTL","floor":12},{"not_picked":["Stack","Storm+1"],"picked":"Capacitor+1","floor":14}],"player_experience":1165841,"relics_obtained":[{"floor":7,"key":"Kunai"},{"floor":9,"key":"Frozen Egg 2"},{"floor":12,"key":"Singing Bowl"},{"floor":14,"key":"MawBank"}],"event_choices":[{"cards_removed":["Strike_B"],"damage_healed":0,"gold_gain":0,"player_choice":"Card Removal","damage_taken":7,"max_hp_gain":0,"max_hp_loss":0,"event_name":"Golden Wing","floor":2,"gold_loss":0},{"damage_healed":0,"gold_gain":0,"cards_transformed":["Defend_B"],"player_choice":"Change","damage_taken":0,"max_hp_gain":0,"max_hp_loss":0,"event_name":"Living Wall","floor":4,"gold_loss":0,"cards_obtained":["Genetic Algorithm"]},{"damage_healed":0,"gold_gain":0,"player_choice":"Leave","damage_taken":0,"max_hp_gain":0,"max_hp_loss":0,"event_name":"The Cleric","floor":5,"gold_loss":0},{"damage_healed":0,"gold_gain":0,"player_choice":"Donut","damage_taken":0,"max_hp_gain":5,"max_hp_loss":0,"event_name":"Big Fish","floor":11,"gold_loss":0},{"damage_healed":0,"gold_gain":0,"player_choice":"2 cards matched","damage_taken":0,"max_hp_gain":0,"max_hp_loss":0,"event_name":"Match and Keep!","floor":13,"gold_loss":0,"cards_obtained":["Hyperbeam","FTL"]}],"is_beta":false,"boss_relics":[],"items_purged_floors":[],"is_endless":false,"potions_floor_spawned":[12],"killed_by":"Slime Boss","ascension_level":20}