{"gold_per_floor":[115,115,40,53,53,53,79,97,124,124,124,151,151,167,167,238,238,255,255,274,224,237,237,268,248,248,258,2,2,2,28,28,99,99,110,110,124,124,143,174,174,209,261,279,279,291,291,317,317,317,317,317,317,1,29,29],"floor_reached":57,"playtime":2160,"items_purged":["Strike_R"],"score":3051,"play_id":"0ac64e06-0355-4abf-8696-85679cf79cda","local_time":"20190611234828","is_ascension_mode":true,"campfire_choices":[{"data":"Carnage","floor":6,"key":"SMITH"},{"data":"True Grit","floor":13,"key":"SMITH"},{"data":"Bash","floor":15,"key":"SMITH"},{"data":"Barricade","floor":23,"key":"SMITH"},{"data":"Feel No Pain","floor":29,"key":"SMITH"},{"floor":32,"key":"REST"},{"data":"Juggernaut","floor":41,"key":"SMITH"},{"floor":45,"key":"RECALL"},{"data":"Clothesline","floor":49,"key":"SMITH"},{"data":"Burning Pact","floor":53,"key":"SMITH"}],"neow_cost":"CURSE","seed_source_timestamp":293360760549000,"circlet_count":0,"master_deck":["AscendersBane","Strike_R","Strike_R","Strike_R","Defend_R","Defend_R","Defend_R","Defend_R","Bash+1","Carnage+1","Feel No Pain+1","Double Tap","True Grit+1","Burning Pact+1","Barricade+1","Sentinel+1","Corruption","Sentinel","Warcry","Limit Break","Body Slam","Spot Weakness","Shrug It Off","Exhume","Juggernaut+1","Burning Pact","True Grit+1","Clothesline+1","Battle Trance+1","True Grit+1","Corruption+1","Ghostly Armor+1","Flame Barrier+1","Armaments","Flex","Sword Boomerang+1"],"relics":["Burning Blood","Torii","WarpedTongs","Oddly Smooth Stone","Bronze Scales","Regal Pillow","Runic Dome","The Courier","Happy Flower","Shuriken","Snecko Eye","Singing Bowl","Potion Belt","Art of War","Juzu Bracelet","Bottled Tornado","Dodecahedron"],"potions_floor_usage":[7,16,24,31,33,33,38,55,56,56,56],"damage_taken":[{"damage":12,"enemies":"Cultist","floor":1,"turns":4},{"damage":1,"enemies":"Small Slimes","floor":4,"turns":5},{"damage":39,"enemies":"Lagavulin","floor":7,"turns":5},{"damage":6,"enemies":"2 Louse","floor":8,"turns":4},{"damage":8,"enemies":"3 Sentries","floor":12,"turns":7},{"damage":6,"enemies":"2 Fungi Beasts","floor":14,"turns":3},{"damage":15,"enemies":"Hexaghost","floor":16,"turns":9},{"damage":8,"enemies":"2 Thieves","floor":18,"turns":4},{"damage":12,"enemies":"Spheric Guardian","floor":20,"turns":4},{"damage":11,"enemies":"Centurion and Healer","floor":22,"turns":6},{"damage":0,"enemies":"Gremlin Leader","floor":24,"turns":9},{"damage":0,"enemies":"Cultist and Chosen","floor":27,"turns":9},{"damage":53,"enemies":"Slavers","floor":31,"turns":8},{"damage":51,"enemies":"Collector","floor":33,"turns":6},{"damage":8,"enemies":"3 Shapes","floor":35,"turns":4},{"damage":0,"enemies":"Orb Walker","floor":37,"turns":3},{"damage":0,"enemies":"Spire Growth","floor":38,"turns":2},{"damage":8,"enemies":"3 Darklings","floor":39,"turns":4},{"damage":0,"enemies":"Giant Head","floor":40,"turns":5},{"damage":1,"enemies":"Reptomancer","floor":42,"turns":5},{"damage":23,"enemies":"Maw","floor":44,"turns":5},{"damage":0,"enemies":"4 Shapes","floor":46,"turns":4},{"damage":0,"enemies":"Nemesis","floor":48,"turns":3},{"damage":32,"enemies":"Time Eater","floor":50,"turns":7},{"damage":0,"enemies":"Donu and Deca","floor":51,"turns":6},{"damage":18,"enemies":"Shield and Spear","floor":55,"turns":5},{"damage":36,"enemies":"The Heart","floor":56,"turns":8}],"seed_played":"-4159038090636287555","potions_obtained":[{"floor":1,"key":"Regen Potion"},{"floor":4,"key":"PowerPotion"},{"floor":12,"key":"PowerPotion"},{"floor":16,"key":"Strength Potion"},{"floor":24,"key":"Poison Potion"},{"floor":25,"key":"SkillPotion"},{"floor":31,"key":"EssenceOfSteel"},{"floor":35,"key":"SmokeBomb"},{"floor":37,"key":"Energy Potion"},{"floor":42,"key":"BloodPotion"},{"floor":44,"key":"Regen Potion"},{"floor":48,"key":"Regen Potion"}],"is_trial":false,"path_per_floor":["M","?","?","M","?","R","E","M","T","?","?","E","R","M","R","B",null,"M","?","M","?","M","R","E","?","T","M","$","R","T","E","R","B",null,"M","?","M","M","M","E","R","E","T","M","R","M","?","E","R","B","B",null,"R","$","E","B",null],"character_chosen":"IRONCLAD","items_purchased":["Spot Weakness","Shrug It Off","Exhume","Bottled Tornado","Armaments","Flex"],"campfire_rested":1,"item_purchase_floors":[28,28,28,54,54,54],"current_hp_per_floor":[62,67,67,72,72,72,51,51,51,51,44,42,42,42,42,33,68,66,66,60,60,55,55,61,61,61,67,67,67,67,20,59,14,64,62,62,68,74,72,78,78,80,80,63,63,69,69,75,75,49,55,74,74,74,70,65],"gold":29,"neow_bonus":"ONE_RARE_RELIC","is_prod":false,"is_daily":false,"chose_seed":false,"campfire_upgraded":8,"win_rate":0,"timestamp":1560264508,"path_taken":["M","?","?","M","?","R","E","?","T","?","?","E","R","M","R","BOSS","M","?","M","?","?","R","E","?","T","?","$","R","?","E","R","BOSS","M","?","M","M","M","E","R","E","T","M","R","M","?","E","R","BOSS","BOSS","R","$","E","BOSS"],"build_version":"2019-01-23","purchased_purges":1,"victory":true,"max_hp_per_floor":[75,80,80,80,80,80,80,80,80,80,80,80,80,80,80,80,80,80,80,80,80,80,80,80,80,80,80,80,80,80,80,80,80,80,80,80,80,80,80,80,80,80,80,80,80,80,80,80,80,80,80,80,80,80,80,80],"card_choices":[{"not_picked":["Perfected Strike","Iron Wave","Pummel"],"picked":"SKIP","floor":1},{"not_picked":["Perfected Strike","Iron Wave","Pummel"],"picked":"SKIP","floor":1},{"not_picked":["Heavy Blade","Warcry"],"picked":"Carnage","floor":4},{"not_picked":["Dual Wield","Armaments"],"picked":"Feel No Pain","floor":7},{"not_picked":["Clash","Perfected Strike"],"picked":"Double Tap","floor":8},{"not_picked":["Seeing Red","Rage"],"picked":"True Grit","floor":12},{"not_picked":["Clothesline","Pummel"],"picked":"Burning Pact","floor":14},{"not_picked":["Double Tap","Brutality"],"picked":"Barricade","floor":16},{"not_picked":["Burning Pact","Shrug It Off"],"picked":"Sentinel+1","floor":18},{"not_picked":["Clash","Clothesline"],"picked":"Sentinel","floor":20},{"not_picked":["Twin Strike","Thunderclap+1"],"picked":"Warcry","floor":22},{"not_picked":["Heavy Blade","Fire Breathing"],"picked":"Limit Break","floor":24},{"not_picked":["Disarm","Perfected Strike"],"picked":"Body Slam","floor":27},{"not_picked":["Twin Strike","Fire Breathing","Pummel"],"picked":"SKIP","floor":31},{"not_picked":["Offering","Feed"],"picked":"Juggernaut","floor":33},{"not_picked":["Whirlwind+1","Body Slam+1"],"picked":"Burning Pact","floor":35},{"not_picked":["Bloodletting","Havoc"],"picked":"True Grit+1","floor":37},{"not_picked":["Body Slam","Pommel Strike+1"],"picked":"Clothesline","floor":39},{"not_picked":["Twin Strike","Searing Blow"],"picked":"Battle Trance+1","floor":40},{"not_picked":["Wild Strike","Perfected Strike"],"picked":"True Grit","floor":42},{"not_picked":["Sever Soul","Searing Blow+1"],"picked":"Corruption+1","floor":44},{"not_picked":["Seeing Red+1","Twin Strike"],"picked":"Ghostly Armor+1","floor":46},{"not_picked":["Sword Boomerang+1","Clothesline+1"],"picked":"Flame Barrier+1","floor":48},{"not_picked":["Clash","Pommel Strike"],"picked":"Sword Boomerang+1","floor":55}],"player_experience":593112,"relics_obtained":[{"floor":7,"key":"Oddly Smooth Stone"},{"floor":9,"key":"Bronze Scales"},{"floor":12,"key":"Regal Pillow"},{"floor":24,"key":"The Courier"},{"floor":30,"key":"Happy Flower"},{"floor":31,"key":"Shuriken"},{"floor":40,"key":"Singing Bowl"},{"floor":42,"key":"Potion Belt"},{"floor":43,"key":"Art of War"},{"floor":48,"key":"Juzu Bracelet"},{"floor":55,"key":"Dodecahedron"}],"event_choices":[{"damage_healed":0,"gold_gain":0,"player_choice":"Donut","damage_taken":0,"max_hp_gain":5,"max_hp_loss":0,"event_name":"Big Fish","floor":2,"gold_loss":0},{"cards_removed":["Doubt"],"damage_healed":0,"gold_gain":0,"player_choice":"Card Removal","damage_taken":0,"max_hp_gain":0,"max_hp_loss":0,"event_name":"The Cleric","floor":3,"gold_loss":75},{"damage_healed":0,"gold_gain":0,"player_choice":"Rummage","damage_taken":0,"relics_obtained":["WarpedTongs"],"max_hp_gain":0,"max_hp_loss":0,"event_name":"Accursed Blacksmith","floor":5,"gold_loss":0,"cards_obtained":["Pain"]},{"damage_healed":0,"gold_gain":0,"player_choice":"Ignored","damage_taken":0,"max_hp_gain":0,"max_hp_loss":0,"event_name":"Liars Game","floor":10,"gold_loss":0},{"cards_removed":["Pain"],"damage_healed":0,"gold_gain":0,"player_choice":"Card Removal","damage_taken":7,"max_hp_gain":0,"max_hp_loss":0,"event_name":"Golden Wing","floor":11,"gold_loss":0},{"damage_healed":0,"gold_gain":0,"player_choice":"Read","damage_taken":0,"max_hp_gain":0,"max_hp_loss":0,"event_name":"The Library","floor":19,"gold_loss":0,"cards_obtained":["Corruption"]},{"damage_healed":0,"gold_gain":0,"player_choice":"Bet on Murderer","damage_taken":0,"max_hp_gain":0,"max_hp_loss":0,"event_name":"The Joust","floor":21,"gold_loss":50},{"damage_healed":0,"gold_gain":0,"player_choice":"Bought 1 Potion","damage_taken":0,"max_hp_gain":0,"max_hp_loss":0,"event_name":"The Woman in Blue","floor":25,"gold_loss":0},{"cards_removed":["Strike_R"],"damage_healed":0,"gold_gain":0,"player_choice":"Removed Attack","damage_taken":0,"max_hp_gain":0,"max_hp_loss":0,"event_name":"Falling","floor":36,"gold_loss":0},{"damage_healed":0,"gold_gain":0,"player_choice":"Upgraded","damage_taken":0,"max_hp_gain":0,"max_hp_loss":0,"event_name":"Upgrade Shrine","floor":47,"gold_loss":0,"cards_upgraded":["True Grit"]}],"is_beta":false,"boss_relics":[{"not_picked":["Orrery","Eternal Feather"],"picked":"Runic Dome"},{"not_picked":["Busted Crown","Mark of Pain"],"picked":"Snecko Eye"}],"items_purged_floors":[28],"is_endless":false,"potions_floor_spawned":[1,4,12,16,22,24,31,35,37,42,44,48],"ascension_level":20}