{"gold_per_floor":[118,134,134,150,150,150,150,150,173,203,214,241,258,274,274,274],"floor_reached":16,"playtime":522,"items_purged":[],"score":224,"play_id":"11c306a6-8863-4552-82d1-0b6282c1822d","local_time":"20190612131639","is_ascension_mode":true,"campfire_choices":[{"data":"Undo","floor":6,"key":"SMITH"},{"floor":8,"key":"REST"},{"data":"Consume","floor":15,"key":"SMITH"}],"neow_cost":"NONE","seed_source_timestamp":343503317180900,"circlet_count":0,"master_deck":["AscendersBane","Strike_B+1","Strike_B","Strike_B","Strike_B","Defend_B","Defend_B","Defend_B","Zap+1","Dualcast+1","Undo+1","Chill","Biased Cognition","Consume+1","Recycle","Cold Snap","Hologram"],"relics":["Cracked Core","NeowsBlessing","Ancient Tea Set","Symbiotic Virus","The Courier"],"potions_floor_usage":[10,16,16],"damage_taken":[{"damage":0,"enemies":"Small Slimes","floor":1,"turns":1},{"damage":0,"enemies":"Cultist","floor":2,"turns":1},{"damage":0,"enemies":"2 Louse","floor":4,"turns":1},{"damage":8,"enemies":"3 Sentries","floor":10,"turns":11},{"damage":0,"enemies":"2 Fungi Beasts","floor":11,"turns":3},{"damage":11,"enemies":"Gremlin Nob","floor":12,"turns":4},{"damage":0,"enemies":"Exordium Wildlife","floor":13,"turns":3},{"damage":7,"enemies":"Lots of Slimes","floor":14,"turns":3},{"damage":37,"enemies":"The Guardian","floor":16,"turns":8}],"seed_played":"-4417320345883028850","potions_obtained":[{"floor":1,"key":"PowerPotion"},{"floor":2,"key":"Regen Potion"},{"floor":14,"key":"SneckoOil"}],"is_trial":false,"path_per_floor":["M","M","?","M","?","R","?","R","T","E","M","E","M","M","R","B"],"character_chosen":"DEFECT","items_purchased":[],"campfire_rested":1,"item_purchase_floors":[],"current_hp_per_floor":[64,64,64,64,43,43,36,57,57,64,64,53,53,46,46,9],"gold":274,"neow_bonus":"THREE_ENEMY_KILL","is_prod":false,"is_daily":false,"chose_seed":false,"campfire_upgraded":2,"win_rate":0,"timestamp":1560312999,"path_taken":["M","M","?","?","?","R","?","R","T","E","M","E","M","M","R","BOSS"],"build_version":"2019-01-23","purchased_purges":0,"victory":false,"max_hp_per_floor":[71,71,71,71,71,71,71,71,71,71,71,71,71,71,71,71],"card_choices":[{"not_picked":["Redo","Chaos"],"picked":"Undo","floor":1},{"not_picked":["Force Field","Leap","Stack"],"picked":"SKIP","floor":2},{"not_picked":["Fusion","Go for the Eyes"],"picked":"Chill","floor":4},{"not_picked":["Tempest","BootSequence"],"picked":"Biased Cognition","floor":10},{"not_picked":["Static Discharge","Melter"],"picked":"Consume","floor":11},{"not_picked":["Reprogram","Hello World"],"picked":"Recycle","floor":12},{"not_picked":["Barrage","Double Energy"],"picked":"Cold Snap","floor":13},{"not_picked":["Conserve Battery","Barrage"],"picked":"Hologram","floor":14}],"player_experience":602036,"relics_obtained":[{"floor":9,"key":"Ancient Tea Set"},{"floor":10,"key":"Symbiotic Virus"},{"floor":12,"key":"The Courier"}],"event_choices":[{"damage_healed":0,"gold_gain":0,"player_choice":"Upgraded","damage_taken":0,"max_hp_gain":0,"max_hp_loss":0,"event_name":"Upgrade Shrine","floor":3,"gold_loss":0,"cards_upgraded":["Zap"]},{"damage_healed":0,"gold_gain":0,"player_choice":"Entered Light","damage_taken":21,"max_hp_gain":0,"max_hp_loss":0,"event_name":"Shining Light","floor":5,"gold_loss":0,"cards_upgraded":["Dualcast","Strike_B"]},{"cards_removed":["Defend_B"],"damage_healed":0,"gold_gain":0,"player_choice":"Card Removal","damage_taken":7,"max_hp_gain":0,"max_hp_loss":0,"event_name":"Golden Wing","floor":7,"gold_loss":0}],"is_beta":false,"boss_relics":[],"items_purged_floors":[],"is_endless":false,"potions_floor_spawned":[1,2,4,14],"killed_by":"The Guardian","ascension_level":20}