{"gold_per_floor":[109,109,109,129,144,178,195,195,277,277,305,330,346,394,394,495,495,507,153,153,153,153,181,199,210,255,255,255,255,35,45,45,148,148,158,158,258,273,22,22,51,68,68,88,30,30,45,62,62,62],"floor_reached":51,"playtime":1627,"items_purged":["Strike_G","Parasite"],"score":780,"play_id":"52612de4-c146-43a6-94b9-37cb7f2152fe","local_time":"20190609212117","is_ascension_mode":false,"campfire_choices":[{"data":"Deadly Poison","floor":8,"key":"SMITH"},{"data":"Deadly Poison","floor":10,"key":"SMITH"},{"data":"Neutralize","floor":15,"key":"SMITH"},{"data":"A Thousand Cuts","floor":27,"key":"SMITH"},{"data":"Cloak And Dagger","floor":29,"key":"SMITH"},{"data":"Bouncing Flask","floor":32,"key":"SMITH"},{"data":"Adrenaline","floor":40,"key":"SMITH"},{"floor":46,"key":"REST"},{"data":"Burst","floor":49,"key":"SMITH"}],"neow_cost":"NONE","seed_source_timestamp":112245311788800,"circlet_count":0,"master_deck":["Defend_G+1","Defend_G+1","Defend_G+1","Defend_G+1","Defend_G+1","Strike_G+1","Strike_G+1","Strike_G+1","Survivor","Neutralize+1","Bane","Blur","Deadly Poison+1","Die Die Die","Deadly Poison+1","Backflip","Burst+1","A Thousand Cuts+1","All Out Attack","Bandage Up","Riddle With Holes","Cloak And Dagger+1","Expertise","Bouncing Flask+1","Adrenaline+1","Caltrops","Metamorphosis","Violence","Reflex+1","Corpse Explosion","Cloak And Dagger+1","Catalyst+1","Cloak And Dagger+1","Blade Dance+1","Cloak And Dagger+1"],"special_seed":0,"relics":["Ring of the Serpent","NeowsBlessing","GremlinMask","Du-Vu Doll","Ninja Scroll","Odd Mushroom","Happy Flower","Lantern","Cursed Key","Art of War","Paper Crane","Bag of Preparation","Enchiridion","Snake Skull","FossilizedHelix","Toxic Egg 2","Pen Nib"],"potions_floor_usage":[5,6,18,33,33,41,50,50,50],"damage_taken":[{"damage":0,"enemies":"Jaw Worm","floor":1,"turns":1},{"damage":0,"enemies":"2 Louse","floor":4,"turns":1},{"damage":0,"enemies":"Cultist","floor":5,"turns":1},{"damage":20,"enemies":"Gremlin Nob","floor":6,"turns":4},{"damage":2,"enemies":"Blue Slaver","floor":7,"turns":5},{"damage":8,"enemies":"The Mushroom Lair","floor":11,"turns":3},{"damage":11,"enemies":"Lagavulin","floor":12,"turns":6},{"damage":8,"enemies":"Lots of Slimes","floor":13,"turns":2},{"damage":6,"enemies":"Hexaghost","floor":16,"turns":8},{"damage":5,"enemies":"2 Thieves","floor":18,"turns":4},{"damage":17,"enemies":"Slavers","floor":23,"turns":5},{"damage":4,"enemies":"Shell Parasite","floor":24,"turns":6},{"damage":0,"enemies":"Snecko","floor":25,"turns":4},{"damage":0,"enemies":"Chosen and Byrds","floor":31,"turns":3},{"damage":5,"enemies":"Automaton","floor":33,"turns":10},{"damage":0,"enemies":"3 Shapes","floor":35,"turns":3},{"damage":11,"enemies":"Mind Bloom Boss Battle","floor":37,"turns":5},{"damage":0,"enemies":"3 Darklings","floor":38,"turns":3},{"damage":38,"enemies":"Reptomancer","floor":41,"turns":5},{"damage":0,"enemies":"Spire Growth","floor":42,"turns":3},{"damage":0,"enemies":"Transient","floor":44,"turns":5},{"damage":4,"enemies":"3 Darklings","floor":47,"turns":3},{"damage":9,"enemies":"4 Shapes","floor":48,"turns":5},{"damage":45,"enemies":"Donu and Deca","floor":50,"turns":9}],"seed_played":"-2861345821606254564","potions_obtained":[{"floor":1,"key":"Fire Potion"},{"floor":5,"key":"Fruit Juice"},{"floor":11,"key":"GhostInAJar"},{"floor":16,"key":"Poison Potion"},{"floor":18,"key":"Regen Potion"},{"floor":23,"key":"Explosive Potion"},{"floor":42,"key":"GamblersBrew"},{"floor":44,"key":"Block Potion"},{"floor":47,"key":"Regen Potion"},{"floor":48,"key":"Strength Potion"}],"is_trial":false,"path_per_floor":["M","?","?","M","M","E","M","R","T","R","?","E","M","T","R","B",null,"M","$","T","?","?","E","M","M","T","R","?","R","$","M","R","B",null,"M","?","?","M","$","R","E","M","T","M","?","R","M","M","R","B",null],"character_chosen":"THE_SILENT","items_purchased":["Art of War","PowerPotion","Bandage Up","Snake Skull","Bouncing Flask","Corpse Explosion"],"campfire_rested":1,"item_purchase_floors":[19,19,19,30,30,39],"current_hp_per_floor":[70,75,75,75,80,60,58,58,58,58,50,39,31,31,31,25,80,75,75,75,75,75,62,62,66,66,66,50,50,50,54,54,53,80,80,70,63,71,71,71,39,39,39,43,43,66,62,57,57,31],"gold":62,"neow_bonus":"THREE_ENEMY_KILL","is_prod":false,"is_daily":false,"chose_seed":false,"campfire_upgraded":8,"win_rate":0,"timestamp":1560082877,"path_taken":["M","?","?","M","M","E","?","R","T","R","?","E","M","?","R","BOSS","M","$","?","?","?","E","?","M","T","R","?","R","$","M","R","BOSS","M","?","?","M","?","R","E","M","T","?","?","R","?","M","R","BOSS"],"build_version":"2019-01-23","purchased_purges":2,"victory":true,"max_hp_per_floor":[70,75,75,75,80,80,80,80,80,80,80,80,80,80,80,80,80,80,80,80,80,80,80,80,80,80,80,80,80,80,80,80,80,80,80,80,80,80,77,77,77,77,77,77,77,77,77,77,77,77],"card_choices":[{"not_picked":["Eviscerate","Underhanded Strike"],"picked":"Bane","floor":1},{"not_picked":["Eviscerate","Sucker Punch"],"picked":"Blur","floor":4},{"not_picked":["Backstab","Acrobatics"],"picked":"Deadly Poison","floor":5},{"not_picked":["Reflex","Blade Dance"],"picked":"Die Die Die","floor":6},{"not_picked":["Expertise","Sucker Punch"],"picked":"Deadly Poison","floor":7},{"not_picked":["Underhanded Strike","Deflect"],"picked":"Backflip","floor":11},{"not_picked":["Leg Sweep","Caltrops"],"picked":"Burst","floor":12},{"not_picked":["Flechettes","Bane","Setup"],"picked":"SKIP","floor":13},{"not_picked":["Wraith Form v2","Bullet Time"],"picked":"A Thousand Cuts","floor":16},{"not_picked":["Underhanded Strike+1","Dodge and Roll"],"picked":"All Out Attack","floor":18},{"not_picked":["Expertise","Sucker Punch"],"picked":"Cloak And Dagger","floor":23},{"not_picked":["Wraith Form v2","Underhanded Strike"],"picked":"Expertise","floor":24},{"not_picked":["Predator","Flying Knee","Poisoned Stab"],"picked":"SKIP","floor":25},{"not_picked":["Deflect","Deadly Poison","Sucker Punch"],"picked":"SKIP","floor":31},{"not_picked":["Storm of Steel","Doppelganger"],"picked":"Adrenaline","floor":33},{"not_picked":["Expertise","Dagger Throw"],"picked":"Caltrops","floor":35},{"not_picked":["Jack Of All Trades","Trip"],"picked":"Metamorphosis","floor":36},{"not_picked":["Transmutation","Jack Of All Trades"],"picked":"Violence","floor":36},{"not_picked":["Expertise+1","Deadly Poison+1"],"picked":"Reflex+1","floor":38},{"not_picked":["PiercingWail","Backflip+1"],"picked":"Cloak And Dagger+1","floor":41},{"not_picked":["Crippling Poison+1","Bouncing Flask+1"],"picked":"Catalyst+1","floor":42},{"not_picked":["Wraith Form v2","Flying Knee"],"picked":"Cloak And Dagger+1","floor":44},{"not_picked":["Finisher+1","Slice+1"],"picked":"Blade Dance+1","floor":47},{"not_picked":["Slice+1","Flechettes"],"picked":"Cloak And Dagger+1","floor":48}],"player_experience":528640,"relics_obtained":[{"floor":6,"key":"Du-Vu Doll"},{"floor":9,"key":"Ninja Scroll"},{"floor":11,"key":"Odd Mushroom"},{"floor":12,"key":"Happy Flower"},{"floor":14,"key":"Lantern"},{"floor":23,"key":"Paper Crane"},{"floor":26,"key":"Bag of Preparation"},{"floor":28,"key":"Enchiridion"},{"floor":37,"key":"FossilizedHelix"},{"floor":41,"key":"Toxic Egg 2"}],"event_choices":[{"damage_healed":0,"gold_gain":0,"player_choice":"Donut","damage_taken":0,"max_hp_gain":5,"max_hp_loss":0,"event_name":"Big Fish","floor":2,"gold_loss":0},{"damage_healed":0,"gold_gain":0,"player_choice":"Trade","damage_taken":0,"relics_obtained":["GremlinMask"],"max_hp_gain":0,"max_hp_loss":0,"event_name":"FaceTrader","floor":3,"gold_loss":0},{"damage_healed":0,"gold_gain":0,"player_choice":"Fought Mushrooms","damage_taken":0,"max_hp_gain":0,"max_hp_loss":0,"event_name":"Mushrooms","floor":11,"gold_loss":0},{"damage_healed":0,"gold_gain":0,"player_choice":"Simplicity","damage_taken":0,"max_hp_gain":0,"max_hp_loss":0,"event_name":"Back to Basics","floor":21,"gold_loss":0,"cards_upgraded":["Defend_G","Defend_G","Defend_G","Defend_G","Defend_G","Strike_G","Strike_G","Strike_G","Strike_G"]},{"damage_healed":0,"gold_gain":0,"cards_transformed":["Strike_G"],"player_choice":"Transformed","damage_taken":0,"max_hp_gain":0,"max_hp_loss":0,"event_name":"Transmorgrifier","floor":22,"gold_loss":0,"cards_obtained":["Riddle With Holes"]},{"damage_healed":0,"gold_gain":0,"player_choice":"Obtained Book","damage_taken":16,"max_hp_gain":0,"max_hp_loss":0,"event_name":"Cursed Tome","floor":28,"gold_loss":0},{"damage_healed":0,"gold_gain":0,"player_choice":"Memory 3","damage_taken":10,"max_hp_gain":0,"max_hp_loss":0,"event_name":"SensoryStone","floor":36,"gold_loss":0},{"damage_healed":0,"gold_gain":0,"player_choice":"Fight","damage_taken":0,"max_hp_gain":0,"max_hp_loss":0,"event_name":"MindBloom","floor":37,"gold_loss":0},{"damage_healed":0,"gold_gain":0,"player_choice":"Paid Gold","damage_taken":0,"relics_obtained":["Pen Nib"],"max_hp_gain":0,"max_hp_loss":0,"event_name":"WeMeetAgain","floor":45,"gold_loss":58}],"is_beta":false,"boss_relics":[{"not_picked":["Eternal Feather","Fusion Hammer"],"picked":"Cursed Key"},{"not_picked":["Sozu","Lizard Tail"],"picked":"Ring of the Serpent"}],"items_purged_floors":[19,39],"is_endless":false,"potions_floor_spawned":[1,5,11,16,18,23,25,42,44,47,48],"ascension_level":0}