{"gold_per_floor":[112,112,112,127,140,140,165,315,366,366],"floor_reached":10,"playtime":166,"items_purged":[],"score":132,"play_id":"a6bd4d79-f2aa-4eb4-900f-47c3f274797f","local_time":"20190620152957","is_ascension_mode":true,"campfire_choices":[{"data":"Darkness","floor":6.0,"key":"SMITH"}],"neow_cost":"NONE","seed_source_timestamp":65539783997700,"circlet_count":0,"master_deck":["AscendersBane","Strike_B","Strike_B","Strike_B","Defend_B","Defend_B","Defend_B","Zap","Dualcast","Fission","Darkness+1","Doubt"],"special_seed":0,"relics":["Cracked Core","Boot","Vajra"],"potions_floor_usage":[7],"damage_taken":[{"damage":0.0,"enemies":"2 Louse","floor":1.0,"turns":1.0},{"damage":12.0,"enemies":"Jaw Worm","floor":4.0,"turns":3.0},{"damage":1.0,"enemies":"Cultist","floor":5.0,"turns":4.0},{"damage":11,"enemies":"Gremlin Nob","floor":7,"turns":3},{"damage":35,"enemies":"Gremlin Gang","floor":10,"turns":3}],"seed_played":"-4706958878179169768","potions_obtained":[{"floor":5.0,"key":"Strength Potion"}],"is_trial":false,"path_per_floor":["M","?","?","M","M","R","E","?","T","M"],"character_chosen":"DEFECT","items_purchased":[],"campfire_rested":0,"item_purchase_floors":[],"current_hp_per_floor":[64,57,57,45,44,44,33,33,33,0],"gold":366,"neow_bonus":"ONE_RANDOM_RARE_CARD","is_prod":false,"is_daily":false,"chose_seed":false,"campfire_upgraded":1,"win_rate":0,"timestamp":1561012197,"path_taken":["M","?","?","?","?","R","E","?","T","M"],"build_version":"2019-01-23","purchased_purges":0,"victory":false,"max_hp_per_floor":[71,71,71,71,71,71,71,71,71,71],"card_choices":[{"not_picked":["Conserve Battery","Leap","Gash"],"picked":"SKIP","floor":1.0},{"not_picked":["Rebound","Auto Shields","Go for the Eyes"],"picked":"SKIP","floor":4.0},{"not_picked":["Rebound","Multi-Cast"],"picked":"Darkness","floor":5.0},{"not_picked":["Streamline","Go for the Eyes","Stack"],"picked":"SKIP","floor":7}],"player_experience":704034,"relics_obtained":[{"floor":7,"key":"Boot"},{"floor":9,"key":"Vajra"}],"event_choices":[{"cards_removed":["Strike_B"],"damage_healed":0.0,"max_hp_gain":0.0,"max_hp_loss":0.0,"gold_gain":0.0,"event_name":"Golden Wing","player_choice":"Card Removal","floor":2.0,"gold_loss":0.0,"damage_taken":7.0},{"cards_removed":["Defend_B"],"damage_healed":0.0,"max_hp_gain":0.0,"max_hp_loss":0.0,"gold_gain":0.0,"event_name":"Purifier","player_choice":"Purged","floor":3.0,"gold_loss":0.0,"damage_taken":0.0},{"damage_healed":0,"gold_gain":150,"player_choice":"AGREE","damage_taken":0,"max_hp_gain":0,"max_hp_loss":0,"event_name":"Liars Game","floor":8,"gold_loss":0,"cards_obtained":["Doubt"]}],"is_beta":false,"boss_relics":[],"items_purged_floors":[],"is_endless":false,"potions_floor_spawned":[5],"killed_by":"Gremlin Gang","ascension_level":20}