{"gold_per_floor":[162,187,187,262,58,58,68,98,98,98,112,37,65,30,30,104,104,114,114,164,164,89,89,117,117,117,117,145,227,241,297,297,371,371,383,437,282,295,311,324,324,349,401,401,429,449,412,16,16,16,16,16,16,16,41,41],"floor_reached":57,"playtime":2610,"items_purged":["Strike_B","Strike_B"],"score":3055,"play_id":"af65413d-fafe-4762-b12f-3af2b77566b7","local_time":"20190613181423","is_ascension_mode":true,"campfire_choices":[{"data":"Apotheosis","floor":6.0,"key":"SMITH"},{"data":"Consume","floor":10.0,"key":"SMITH"},{"data":"Seek","floor":15.0,"key":"SMITH"},{"floor":23,"key":"REST"},{"floor":25,"key":"REST"},{"floor":27,"key":"REST"},{"floor":32,"key":"RECALL"},{"floor":41,"key":"REST"},{"data":"Reboot","floor":44,"key":"SMITH"},{"floor":49,"key":"REST"},{"data":"Chill","floor":53,"key":"SMITH"}],"neow_cost":"NONE","seed_source_timestamp":9486668246600,"circlet_count":0,"master_deck":["AscendersBane","Strike_B","Defend_B","Defend_B","Defend_B","Defend_B","Zap+1","Dualcast","Consume+1","Coolheaded","Seek+1","Apotheosis+1","Cold Snap","Darkness","White Noise","Reboot+1","Chill+1","Loop","Recycle","Double Energy","Turbo+1","Coolheaded","Creative AI","Heatsinks+1","Coolheaded+1","Glacier+1","Hologram","Capacitor","Chill","Defragment","Capacitor","Consume+1"],"special_seed":0,"relics":["Tiny House","Bronze Scales","Dream Catcher","Gremlin Horn","Gambling Chip","Inserter","Enchiridion","Letter Opener","Cables","Singing Bowl","Sundial","Tiny Chest","Nuclear Battery","Boot","PreservedInsect","Strawberry","ClockworkSouvenir","Symbiotic Virus"],"potions_floor_usage":[50,56],"damage_taken":[{"damage":28.0,"enemies":"Cultist","floor":1.0,"turns":6.0},{"damage":0.0,"enemies":"2 Louse","floor":7.0,"turns":3.0},{"damage":0.0,"enemies":"3 Sentries","floor":8.0,"turns":6.0},{"damage":2.0,"enemies":"Small Slimes","floor":11.0,"turns":3.0},{"damage":9.0,"enemies":"Gremlin Nob","floor":13.0,"turns":3.0},{"damage":27.0,"enemies":"Slime Boss","floor":16.0,"turns":10.0},{"damage":12.0,"enemies":"3 Byrds","floor":18.0,"turns":4.0},{"damage":6,"enemies":"Colosseum Slavers","floor":19,"turns":5},{"damage":34,"enemies":"Book of Stabbing","floor":24,"turns":6},{"damage":0,"enemies":"Gremlin Leader","floor":28,"turns":4},{"damage":0,"enemies":"Spheric Guardian","floor":30,"turns":2},{"damage":0,"enemies":"Slavers","floor":31,"turns":2},{"damage":0,"enemies":"Automaton","floor":33,"turns":7},{"damage":44,"enemies":"3 Darklings","floor":35,"turns":5},{"damage":0,"enemies":"Orb Walker","floor":38,"turns":3},{"damage":0,"enemies":"3 Darklings","floor":39,"turns":1},{"damage":5,"enemies":"Jaw Worm Horde","floor":40,"turns":4},{"damage":4,"enemies":"Reptomancer","floor":45,"turns":3},{"damage":0,"enemies":"Transient","floor":46,"turns":6},{"damage":0,"enemies":"Time Eater","floor":50,"turns":9},{"damage":6,"enemies":"Donu and Deca","floor":51,"turns":5},{"damage":13,"enemies":"Shield and Spear","floor":55,"turns":7},{"damage":55,"enemies":"The Heart","floor":56,"turns":10}],"seed_played":"1612702334884611534","potions_obtained":[{"floor":0.0,"key":"Energy Potion"},{"floor":8.0,"key":"Swift Potion"},{"floor":30,"key":"LiquidBronze"},{"floor":38,"key":"FocusPotion"}],"is_trial":false,"path_per_floor":["M","T","?","?","$","R","M","E","T","R","M","$","E","?","R","B",null,"M","?","?","?","$","R","E","R","T","R","E","T","M","E","R","B",null,"M","T","$","M","M","M","R","T","T","R","E","M","$","$","R","B","B",null,"R","$","E","B",null],"character_chosen":"DEFECT","items_purchased":["Apotheosis","Loop","Block Potion","Capacitor","ClockworkSouvenir","Chill","Defragment"],"campfire_rested":5,"item_purchase_floors":[5,22,37,47,48,48,48],"current_hp_per_floor":[41,41,41,30,30,30,30,30,30,30,28,28,19,38,38,11,60,48,42,42,21,21,43,9,31,31,53,53,53,55,55,55,55,72,28,28,28,30,30,27,51,51,51,51,56,56,56,56,83,83,77,88,88,88,75,20],"gold":41,"neow_bonus":"BOSS_RELIC","is_prod":false,"is_daily":false,"chose_seed":false,"campfire_upgraded":5,"win_rate":0,"timestamp":1560417263,"path_taken":["M","?","?","?","?","R","M","E","T","R","M","$","E","?","R","BOSS","M","?","?","?","$","R","E","R","T","R","E","?","M","E","R","BOSS","M","?","$","M","M","M","R","?","T","R","E","?","?","$","R","BOSS","BOSS","R","$","E","BOSS"],"build_version":"2019-01-23","purchased_purges":2,"victory":true,"max_hp_per_floor":[76,76,76,76,76,76,76,76,76,76,76,76,76,76,76,76,76,76,76,76,76,76,76,76,76,76,76,76,76,78,78,78,78,78,78,78,78,80,80,82,82,82,82,82,91,91,91,91,91,91,91,91,91,91,91,91],"card_choices":[{"not_picked":["Steam","FTL"],"picked":"Consume","floor":0.0},{"not_picked":["Undo","Turbo"],"picked":"Coolheaded","floor":1.0},{"not_picked":["Redo","Reprogram"],"picked":"Cold Snap","floor":7.0},{"not_picked":["Beam Cell","Streamline","Conserve Battery"],"picked":"SKIP","floor":8.0},{"not_picked":["Steam Power","Leap"],"picked":"Darkness","floor":11.0},{"not_picked":["Hologram","Fusion"],"picked":"White Noise","floor":13.0},{"not_picked":["Machine Learning","Multi-Cast"],"picked":"Reboot","floor":16.0},{"not_picked":["Hologram+1","Scrape"],"picked":"Chill","floor":18.0},{"not_picked":["Rebound","Leap"],"picked":"Recycle","floor":24},{"not_picked":["Coolheaded","Rebound"],"picked":"Double Energy","floor":25},{"not_picked":["Cold Snap","Doom and Gloom"],"picked":"Turbo+1","floor":28},{"not_picked":["Compile Driver","Reprogram","Leap"],"picked":"Singing Bowl","floor":30},{"not_picked":["Steam","Beam Cell"],"picked":"Coolheaded","floor":31},{"not_picked":["All For One","Multi-Cast"],"picked":"Creative AI","floor":33},{"not_picked":["Skim","Redo"],"picked":"Heatsinks+1","floor":35},{"not_picked":["Compile Driver","Skim","Stack"],"picked":"Singing Bowl","floor":38},{"not_picked":["Steam+1","Undo"],"picked":"Coolheaded+1","floor":39},{"not_picked":["Stack","Lockon","Streamline"],"picked":"Singing Bowl","floor":40},{"not_picked":["Turbo","Meteor Strike"],"picked":"Glacier+1","floor":41},{"not_picked":["FTL","Go for the Eyes","Rebound"],"picked":"Singing Bowl","floor":45},{"not_picked":["Conserve Battery","Reprogram"],"picked":"Hologram","floor":46},{"not_picked":["Fusion","Streamline+1"],"picked":"Capacitor","floor":49},{"not_picked":["Doom and Gloom","Rainbow"],"picked":"Consume+1","floor":55}],"player_experience":634452,"relics_obtained":[{"floor":2.0,"key":"Bronze Scales"},{"floor":8.0,"key":"Dream Catcher"},{"floor":9.0,"key":"Gremlin Horn"},{"floor":13.0,"key":"Gambling Chip"},{"floor":21,"key":"Enchiridion"},{"floor":24,"key":"Letter Opener"},{"floor":26,"key":"Cables"},{"floor":28,"key":"Singing Bowl"},{"floor":29,"key":"Sundial"},{"floor":31,"key":"Tiny Chest"},{"floor":42,"key":"Boot"},{"floor":43,"key":"PreservedInsect"},{"floor":45,"key":"Strawberry"},{"floor":55,"key":"Symbiotic Virus"}],"event_choices":[{"damage_healed":0.0,"max_hp_gain":0.0,"max_hp_loss":0.0,"gold_gain":0.0,"cards_transformed":["Strike_B"],"event_name":"Living Wall","player_choice":"Change","floor":3.0,"gold_loss":0.0,"damage_taken":0.0,"cards_obtained":["Seek"]},{"damage_healed":0.0,"max_hp_gain":0.0,"max_hp_loss":0.0,"gold_gain":75.0,"event_name":"World of Goop","player_choice":"Gather Gold","floor":4.0,"gold_loss":0.0,"damage_taken":11.0},{"damage_healed":19.0,"max_hp_gain":0.0,"max_hp_loss":0.0,"gold_gain":0.0,"event_name":"The Cleric","player_choice":"Healed","floor":14.0,"gold_loss":35.0,"damage_taken":0.0},{"damage_healed":0,"gold_gain":0,"player_choice":"Fight","damage_taken":0,"max_hp_gain":0,"max_hp_loss":0,"event_name":"Colosseum","floor":19,"gold_loss":0},{"damage_healed":0,"gold_gain":0,"player_choice":"Fled From Nobs","damage_taken":0,"max_hp_gain":0,"max_hp_loss":0,"event_name":"Colosseum","floor":19,"gold_loss":0},{"damage_healed":0,"gold_gain":50,"player_choice":"Stole From Cult","damage_taken":0,"max_hp_gain":0,"max_hp_loss":0,"event_name":"Nest","floor":20,"gold_loss":0},{"damage_healed":0,"gold_gain":0,"player_choice":"Obtained Book","damage_taken":21,"max_hp_gain":0,"max_hp_loss":0,"event_name":"Cursed Tome","floor":21,"gold_loss":0}],"is_beta":false,"boss_relics":[{"not_picked":["Philosopher\u0027s Stone","Ectoplasm"],"picked":"Inserter"},{"not_picked":["Velvet Choker","Pandora\u0027s Box"],"picked":"Nuclear Battery"}],"items_purged_floors":[12,37],"is_endless":false,"potions_floor_spawned":[8,19,30,38,40,45],"ascension_level":20}