{"gold_per_floor":[116,116,126,51,68,97,109,147,159,185,197,229,276,303,315,327],"floor_reached":16,"playtime":541,"items_purged":[],"score":244,"play_id":"9917d6bc-fadc-4d42-9825-9c65a4da89a0","local_time":"20190713170142","is_ascension_mode":true,"campfire_choices":[{"data":"Cleave","floor":7.0,"key":"SMITH"},{"data":"Shockwave","floor":15,"key":"SMITH"}],"neow_cost":"TEN_PERCENT_HP_LOSS","seed_source_timestamp":54966467890800,"circlet_count":0,"master_deck":["AscendersBane","Strike_R","Strike_R+1","Defend_R","Defend_R","Defend_R","Defend_R","Bash+1","Entrench","Cleave+1","Battle Trance","Pommel Strike","Shockwave+1","Carnage","Second Wind"],"special_seed":0,"relics":["Burning Blood","MawBank","Shuriken","Lantern","Anchor"],"potions_floor_usage":[13],"damage_taken":[{"damage":7.0,"enemies":"Jaw Worm","floor":1.0,"turns":3.0},{"damage":10.0,"enemies":"Small Slimes","floor":3.0,"turns":4.0},{"damage":0.0,"enemies":"Cultist","floor":5.0,"turns":3.0},{"damage":35.0,"enemies":"Lagavulin","floor":6.0,"turns":6.0},{"damage":20.0,"enemies":"3 Sentries","floor":8.0,"turns":3.0},{"damage":21.0,"enemies":"Exordium Thugs","floor":10.0,"turns":3.0},{"damage":0.0,"enemies":"2 Fungi Beasts","floor":12.0,"turns":2.0},{"damage":25,"enemies":"Lagavulin","floor":13,"turns":6},{"damage":8,"enemies":"Lots of Slimes","floor":14,"turns":4},{"damage":8,"enemies":"The Guardian","floor":16,"turns":4}],"seed_played":"1243804695469025844","potions_obtained":[{"floor":3.0,"key":"BloodPotion"},{"floor":6.0,"key":"Regen Potion"},{"floor":8.0,"key":"Swift Potion"},{"floor":11.0,"key":"Regen Potion"},{"floor":12.0,"key":"Fire Potion"}],"is_trial":false,"path_per_floor":["M","?","M","?","M","E","R","E","T","M","?","M","E","M","R","B"],"character_chosen":"IRONCLAD","items_purchased":[],"campfire_rested":0,"item_purchase_floors":[],"current_hp_per_floor":[67,47,43,43,49,37,37,28,28,13,13,19,15,13,13,5],"gold":327,"neow_bonus":"TRANSFORM_TWO_CARDS","is_prod":false,"is_daily":false,"chose_seed":false,"campfire_upgraded":2,"win_rate":0,"timestamp":1563004902,"path_taken":["M","?","M","?","M","E","R","E","T","M","?","?","E","M","R","BOSS"],"build_version":"2019-07-05","purchased_purges":0,"victory":false,"max_hp_per_floor":[68,68,68,68,68,68,68,68,68,68,68,68,68,68,68,68],"card_choices":[{"not_picked":["Perfected Strike","Heavy Blade","Clothesline"],"picked":"SKIP","floor":1.0},{"not_picked":["Second Wind","Shrug It Off"],"picked":"Battle Trance","floor":3.0},{"not_picked":["Thunderclap","True Grit"],"picked":"Pommel Strike","floor":5.0},{"not_picked":["Anger","Disarm"],"picked":"Shockwave","floor":6.0},{"not_picked":["Rupture","Armaments"],"picked":"Carnage","floor":8.0},{"not_picked":["Warcry","Rupture","Combust"],"picked":"SKIP","floor":10.0},{"not_picked":["Battle Trance","Rupture","Sever Soul"],"picked":"SKIP","floor":12.0},{"not_picked":["Clash","Battle Trance","Havoc"],"picked":"SKIP","floor":13},{"not_picked":["Clash","Battle Trance","Havoc"],"picked":"SKIP","floor":13},{"not_picked":["Infernal Blade","Wild Strike"],"picked":"Second Wind","floor":14}],"player_experience":1002403,"relics_obtained":[{"floor":6.0,"key":"MawBank"},{"floor":8.0,"key":"Shuriken"},{"floor":9.0,"key":"Lantern"},{"floor":13,"key":"Anchor"}],"event_choices":[{"damage_healed":0.0,"max_hp_gain":0.0,"max_hp_loss":0.0,"gold_gain":0.0,"event_name":"Shining Light","player_choice":"Entered Light","floor":2.0,"gold_loss":0.0,"damage_taken":20.0,"cards_upgraded":["Strike_R","Bash"]},{"cards_removed":["Strike_R"],"damage_healed":0.0,"max_hp_gain":0.0,"max_hp_loss":0.0,"gold_gain":0.0,"event_name":"The Cleric","player_choice":"Card Removal","floor":4.0,"gold_loss":75.0,"damage_taken":0.0},{"damage_healed":0.0,"max_hp_gain":0.0,"max_hp_loss":0.0,"gold_gain":0.0,"event_name":"Lab","player_choice":"Got Potions","floor":11.0,"gold_loss":0.0,"damage_taken":0.0}],"is_beta":false,"boss_relics":[],"items_purged_floors":[],"is_endless":false,"potions_floor_spawned":[3,6,8,12],"killed_by":"The Guardian","ascension_level":20}