{"gold_per_floor":[112,112,112,126,126,162,7,7,7,47,23,62,62,81,81,81],"floor_reached":16,"playtime":283,"items_purged":["Strike_R"],"score":282,"play_id":"57557fd7-1501-48b6-afaf-c7476f09bcde","local_time":"20190610225313","is_ascension_mode":true,"campfire_choices":[{"data":"Immolate","floor":8,"key":"SMITH"},{"data":"Combust","floor":15,"key":"SMITH"}],"neow_cost":"NONE","seed_source_timestamp":205532767994300,"circlet_count":0,"master_deck":["AscendersBane","Strike_R","Strike_R","Defend_R","Defend_R","Defend_R","Defend_R","Bash","Dropkick","Combust+1","Seeing Red","Immolate+1","Inflame","Shrug It Off","Impervious"],"relics":["Burning Blood","NeowsBlessing","Golden Idol","Pear","The Courier","Smiling Mask","Singing Bowl"],"potions_floor_usage":[16,16],"damage_taken":[{"damage":0,"enemies":"Jaw Worm","floor":1,"turns":1},{"damage":0,"enemies":"2 Louse","floor":4,"turns":1},{"damage":0,"enemies":"3 Sentries","floor":6,"turns":1},{"damage":9,"enemies":"Gremlin Nob","floor":10,"turns":3},{"damage":10,"enemies":"3 Sentries","floor":12,"turns":5},{"damage":0,"enemies":"Cultist","floor":14,"turns":3},{"damage":75,"enemies":"Slime Boss","floor":16,"turns":8}],"seed_played":"-6177335973257434883","potions_obtained":[{"floor":1,"key":"Swift Potion"},{"floor":10,"key":"SkillPotion"}],"is_trial":false,"path_per_floor":["M","?","?","M","?","E","$","R","T","E","$","E","?","M","R","B"],"character_chosen":"IRONCLAD","items_purchased":["Immolate","Shrug It Off"],"campfire_rested":0,"item_purchase_floors":[7,11],"current_hp_per_floor":[74,67,41,47,47,63,63,63,63,60,60,58,58,64,64,0],"gold":81,"neow_bonus":"THREE_ENEMY_KILL","is_prod":false,"is_daily":false,"chose_seed":false,"campfire_upgraded":2,"win_rate":0,"timestamp":1560174793,"path_taken":["M","?","?","?","?","E","$","R","T","E","?","E","?","M","R","BOSS"],"build_version":"2019-01-23","purchased_purges":1,"victory":false,"max_hp_per_floor":[75,75,75,75,75,85,85,85,85,85,85,87,87,87,87,87],"card_choices":[{"not_picked":["Rage","Anger"],"picked":"Dropkick","floor":1},{"not_picked":["Clash","Wild Strike"],"picked":"Combust","floor":4},{"not_picked":["Ghostly Armor","Body Slam"],"picked":"Seeing Red","floor":6},{"not_picked":["Whirlwind","Heavy Blade"],"picked":"Inflame","floor":10},{"not_picked":["Warcry","Perfected Strike","Headbutt"],"picked":"Singing Bowl","floor":12},{"not_picked":["Dropkick","Sword Boomerang"],"picked":"Impervious","floor":14}],"player_experience":569286,"relics_obtained":[{"floor":6,"key":"Pear"},{"floor":9,"key":"The Courier"},{"floor":10,"key":"Smiling Mask"},{"floor":12,"key":"Singing Bowl"}],"event_choices":[{"cards_removed":["Strike_R"],"damage_healed":0,"gold_gain":0,"player_choice":"Card Removal","damage_taken":7,"max_hp_gain":0,"max_hp_loss":0,"event_name":"Golden Wing","floor":2,"gold_loss":0},{"damage_healed":0,"gold_gain":0,"player_choice":"Take Damage","damage_taken":26,"relics_obtained":["Golden Idol"],"max_hp_gain":0,"max_hp_loss":0,"event_name":"Golden Idol","floor":3,"gold_loss":0},{"damage_healed":0,"gold_gain":0,"player_choice":"Leave","damage_taken":0,"max_hp_gain":0,"max_hp_loss":0,"event_name":"The Cleric","floor":5,"gold_loss":0},{"cards_removed":["Strike_R"],"damage_healed":0,"gold_gain":0,"player_choice":"Purged","damage_taken":0,"max_hp_gain":0,"max_hp_loss":0,"event_name":"Purifier","floor":13,"gold_loss":0}],"is_beta":false,"boss_relics":[],"items_purged_floors":[7],"is_endless":false,"potions_floor_spawned":[1,10,12],"killed_by":"Slime Boss","ascension_level":20}