{"gold_per_floor":[119,44,44,57,57,57,83,83,157,168,201,201,227,227,227,300,300,316,316,327,341,183,183],"floor_reached":23,"playtime":856,"items_purged":["Strike_B"],"score":464,"play_id":"6c8e2796-abf1-4fab-a3fe-88d44b243e41","local_time":"20190730161918","is_ascension_mode":true,"campfire_choices":[{"data":"Fission","floor":6,"key":"SMITH"},{"data":"Capacitor","floor":8,"key":"SMITH"},{"floor":15,"key":"REST"}],"neow_cost":"TEN_PERCENT_HP_LOSS","seed_source_timestamp":953170942301200,"circlet_count":0,"master_deck":["AscendersBane","Defend_B","Defend_B","Defend_B","Defend_B","Zap","Dualcast","Ball Lightning","Fission+1","White Noise","Capacitor+1","Ball Lightning","Double Energy","Core Surge","Coolheaded","Defragment","Consume","Go for the Eyes"],"relics":["Cracked Core","Mango","Cables","Dodecahedron","Mercury Hourglass","Bronze Scales","Regal Pillow","Inserter"],"potions_floor_usage":[7,7,7,11,23,23],"damage_taken":[{"damage":6,"enemies":"Cultist","floor":1,"turns":3},{"damage":3,"enemies":"2 Louse","floor":4,"turns":3},{"damage":0,"enemies":"Gremlin Nob","floor":7,"turns":2},{"damage":7,"enemies":"Small Slimes","floor":10,"turns":3},{"damage":18,"enemies":"3 Sentries","floor":11,"turns":7},{"damage":10,"enemies":"Gremlin Nob","floor":13,"turns":3},{"damage":21,"enemies":"The Guardian","floor":16,"turns":9},{"damage":6,"enemies":"3 Byrds","floor":18,"turns":2},{"damage":25,"enemies":"Shell Parasite","floor":20,"turns":3},{"damage":8,"enemies":"Sentry and Sphere","floor":21,"turns":3},{"damage":33,"enemies":"Book of Stabbing","floor":23,"turns":5}],"seed_played":"-3057420485272454796","potions_obtained":[{"floor":4,"key":"EntropicBrew"},{"floor":7,"key":"PowerPotion"},{"floor":18,"key":"Explosive Potion"}],"is_trial":false,"path_per_floor":["M","?","?","M","?","R","E","R","T","M","E","?","E","?","R","B",null,"M","?","M","M","$","E"],"character_chosen":"DEFECT","items_purchased":["Fire Potion","Go for the Eyes"],"campfire_rested":1,"item_purchase_floors":[22,22],"current_hp_per_floor":[72,72,72,69,69,69,69,69,69,62,44,37,27,27,65,44,70,64,64,39,31,31,0],"gold":183,"neow_bonus":"ONE_RARE_RELIC","is_prod":false,"is_daily":false,"chose_seed":false,"campfire_upgraded":2,"win_rate":0,"timestamp":1564471158,"path_taken":["M","?","?","M","?","R","E","R","T","M","E","?","E","?","R","BOSS","M","?","?","M","$","E"],"build_version":"2019-07-17","purchased_purges":1,"victory":false,"max_hp_per_floor":[78,78,78,78,78,78,78,78,78,78,78,78,78,78,78,78,78,78,78,78,78,78,78],"card_choices":[{"not_picked":["Hologram","Rebound"],"picked":"Ball Lightning","floor":1},{"not_picked":["Double Energy","Static Discharge"],"picked":"White Noise","floor":4},{"not_picked":["Reboot","Force Field"],"picked":"Capacitor","floor":7},{"not_picked":["Hologram","Streamline"],"picked":"Ball Lightning","floor":10},{"not_picked":["Go for the Eyes","Hello World","Streamline"],"picked":"SKIP","floor":11},{"not_picked":["Beam Cell","Hyperbeam"],"picked":"Double Energy","floor":13},{"not_picked":["Seek","Creative AI"],"picked":"Core Surge","floor":16},{"not_picked":["Hologram","Leap"],"picked":"Coolheaded","floor":18},{"not_picked":["Stack","Loop"],"picked":"Defragment","floor":20},{"not_picked":["Go for the Eyes","Compile Driver"],"picked":"Consume","floor":21}],"player_experience":1295186,"relics_obtained":[{"floor":7,"key":"Cables"},{"floor":9,"key":"Dodecahedron"},{"floor":11,"key":"Mercury Hourglass"},{"floor":13,"key":"Bronze Scales"}],"event_choices":[{"cards_removed":["Strike_B"],"damage_healed":0,"gold_gain":0,"player_choice":"Card Removal","damage_taken":0,"max_hp_gain":0,"max_hp_loss":0,"event_name":"The Cleric","floor":2,"gold_loss":75},{"damage_healed":0,"gold_gain":0,"cards_transformed":["Strike_B"],"player_choice":"Change","damage_taken":0,"max_hp_gain":0,"max_hp_loss":0,"event_name":"Living Wall","floor":3,"gold_loss":0,"cards_obtained":["Fission"]},{"damage_healed":0,"gold_gain":0,"player_choice":"Ignored","damage_taken":0,"max_hp_gain":0,"max_hp_loss":0,"event_name":"Liars Game","floor":5,"gold_loss":0},{"cards_removed":["Strike_B"],"damage_healed":0,"gold_gain":0,"player_choice":"Card Removal","damage_taken":7,"max_hp_gain":0,"max_hp_loss":0,"event_name":"Golden Wing","floor":12,"gold_loss":0},{"damage_healed":0,"gold_gain":0,"player_choice":"Searched \u00271\u0027 times","damage_taken":0,"relics_obtained":["Regal Pillow"],"max_hp_gain":0,"max_hp_loss":0,"event_name":"Dead Adventurer","floor":14,"gold_loss":0},{"damage_healed":0,"gold_gain":0,"player_choice":"Ignored","damage_taken":0,"max_hp_gain":0,"max_hp_loss":0,"event_name":"N\u0027loth","floor":19,"gold_loss":0}],"is_beta":false,"boss_relics":[{"not_picked":["FrozenCore","Pandora\u0027s Box"],"picked":"Inserter"}],"items_purged_floors":[22],"is_endless":false,"potions_floor_spawned":[4,7,18],"killed_by":"Book of Stabbing","ascension_level":20}