{"gold_per_floor":[19,19,32,46,62,62,94,94,94,121,135,135,146,146,146,220,220,230,249,249,266,15,47,47,47],"floor_reached":25,"playtime":811,"items_purged":["Strike_R"],"score":466,"play_id":"e19f0dbf-4475-470d-b3de-4db1ce3bdcbd","local_time":"20190729162835","is_ascension_mode":true,"campfire_choices":[{"data":"Carnage","floor":6,"key":"SMITH"},{"data":"Bludgeon","floor":8,"key":"SMITH"},{"data":"Disarm","floor":15,"key":"SMITH"},{"floor":24,"key":"REST"}],"neow_cost":"NO_GOLD","seed_source_timestamp":867372961685900,"circlet_count":0,"master_deck":["AscendersBane","Strike_R","Defend_R","Defend_R","Defend_R","Defend_R","Bash+1","True Grit","Carnage+1","Bludgeon+1","Corruption","Blood for Blood","Disarm+1","Barricade","Power Through","Apotheosis","Pommel Strike"],"relics":["Burning Blood","Gremlin Horn","Mummified Hand","The Courier","Du-Vu Doll","Black Star","Bag of Preparation","Omamori"],"potions_floor_usage":[10,16,21,21,25],"damage_taken":[{"damage":0,"enemies":"2 Louse","floor":1,"turns":4},{"damage":1,"enemies":"Cultist","floor":3,"turns":3},{"damage":5,"enemies":"Jaw Worm","floor":4,"turns":3},{"damage":16,"enemies":"Exordium Wildlife","floor":5,"turns":6},{"damage":29,"enemies":"Gremlin Nob","floor":7,"turns":4},{"damage":5,"enemies":"3 Sentries","floor":10,"turns":4},{"damage":4,"enemies":"Blue Slaver","floor":11,"turns":3},{"damage":16,"enemies":"Exordium Thugs","floor":13,"turns":3},{"damage":10,"enemies":"Hexaghost","floor":16,"turns":9},{"damage":4,"enemies":"3 Byrds","floor":18,"turns":5},{"damage":30,"enemies":"2 Thieves","floor":19,"turns":4},{"damage":24,"enemies":"Shelled Parasite and Fungi","floor":21,"turns":4},{"damage":22,"enemies":"Book of Stabbing","floor":23,"turns":5},{"damage":31,"enemies":"Gremlin Leader","floor":25,"turns":7}],"seed_played":"6730554899062738454","potions_obtained":[{"floor":4,"key":"Explosive Potion"},{"floor":10,"key":"Weak Potion"},{"floor":11,"key":"BloodPotion"},{"floor":19,"key":"AttackPotion"}],"is_trial":false,"path_per_floor":["M","?","M","M","M","R","E","R","T","E","M","?","M","T","R","B",null,"M","M","?","M","$","E","R","E"],"character_chosen":"IRONCLAD","items_purchased":["Apotheosis","Fire Potion"],"campfire_rested":1,"item_purchase_floors":[22,22],"current_hp_per_floor":[74,74,75,75,65,65,42,42,42,43,45,45,35,35,35,31,64,66,42,21,23,23,7,31,0],"gold":47,"neow_bonus":"REMOVE_TWO","is_prod":false,"is_daily":false,"chose_seed":false,"campfire_upgraded":3,"win_rate":0,"timestamp":1564385315,"path_taken":["M","?","M","M","?","R","E","R","T","E","M","?","M","?","R","BOSS","M","M","?","M","$","E","R","E"],"build_version":"2019-07-17","purchased_purges":1,"victory":false,"max_hp_per_floor":[75,75,75,75,75,75,75,75,75,75,75,75,75,75,75,75,75,75,75,80,80,80,80,80,80],"card_choices":[{"not_picked":["True Grit","Hemokinesis","Clothesline"],"picked":"SKIP","floor":1},{"not_picked":["Combust","Wild Strike"],"picked":"True Grit","floor":3},{"not_picked":["Flex","Intimidate","Havoc"],"picked":"SKIP","floor":4},{"not_picked":["Flame Barrier","Shockwave"],"picked":"Carnage","floor":5},{"not_picked":["Thunderclap","Iron Wave"],"picked":"Bludgeon","floor":7},{"not_picked":["Sever Soul","True Grit"],"picked":"Corruption","floor":10},{"not_picked":["Clothesline","Havoc","Body Slam"],"picked":"SKIP","floor":11},{"not_picked":["Bludgeon","Iron Wave"],"picked":"Disarm","floor":13},{"not_picked":["Immolate","Feed"],"picked":"Barricade","floor":16},{"not_picked":["Iron Wave","Clash","Body Slam"],"picked":"SKIP","floor":18},{"not_picked":["Body Slam","Sword Boomerang"],"picked":"Power Through","floor":19},{"not_picked":["Sword Boomerang","Rampage","Clash"],"picked":"SKIP","floor":21},{"not_picked":["Perfected Strike","Warcry"],"picked":"Pommel Strike","floor":23}],"player_experience":1280499,"relics_obtained":[{"floor":7,"key":"Gremlin Horn"},{"floor":9,"key":"Mummified Hand"},{"floor":10,"key":"The Courier"},{"floor":14,"key":"Du-Vu Doll"},{"floor":23,"key":"Bag of Preparation"},{"floor":23,"key":"Omamori"}],"event_choices":[{"damage_healed":0,"gold_gain":0,"player_choice":"Upgraded","damage_taken":0,"max_hp_gain":0,"max_hp_loss":0,"event_name":"Upgrade Shrine","floor":2,"gold_loss":0,"cards_upgraded":["Bash"]},{"damage_healed":0,"gold_gain":0,"cards_transformed":["Strike_R"],"player_choice":"Change","damage_taken":0,"max_hp_gain":0,"max_hp_loss":0,"event_name":"Living Wall","floor":12,"gold_loss":0,"cards_obtained":["Blood for Blood"]},{"damage_healed":0,"gold_gain":0,"player_choice":"Shed Blood","damage_taken":26,"max_hp_gain":5,"max_hp_loss":0,"event_name":"Forgotten Altar","floor":20,"gold_loss":0}],"is_beta":false,"boss_relics":[{"not_picked":["Ectoplasm","Eternal Feather"],"picked":"Black Star"}],"items_purged_floors":[22],"is_endless":false,"potions_floor_spawned":[4,10,11,19],"killed_by":"Gremlin Leader","ascension_level":20}