{"gold_per_floor":[363,21,21,21,21,21,48,48,72,91,120,120,120,137,137,209,209,226,250,267,279,293,293,625,625,677,711,729,760,655,727,727,804,804,815,815,834,834,853,853,879,879,879,911,911,928,940,940],"floor_reached":48,"playtime":2653,"items_purged":["Strike_G"],"score":1262,"play_id":"8b66b12d-f681-4378-a219-82a1af5a0a98","local_time":"20190721180412","is_ascension_mode":true,"campfire_choices":[{"data":"Dagger Spray","floor":6,"key":"SMITH"},{"data":"Noxious Fumes","floor":8,"key":"SMITH"},{"data":"Footwork","floor":13,"key":"SMITH"},{"data":"Neutralize","floor":15,"key":"SMITH"},{"data":"Backstab","floor":23,"key":"SMITH"},{"floor":25,"key":"REST"},{"data":"Survivor","floor":32,"key":"SMITH"},{"floor":40,"key":"REST"}],"neow_cost":"CURSE","seed_source_timestamp":180061933618900,"circlet_count":0,"master_deck":["AscendersBane","Strike_G","Strike_G","Strike_G","Strike_G","Defend_G","Defend_G","Defend_G","Defend_G","Defend_G","Survivor+1","Neutralize+1","Dagger Spray+1","Noxious Fumes+1","Cloak And Dagger+1","Footwork+1","Backstab+1","Malaise+1","Dodge and Roll+1","Blade Dance+1","Heel Hook","Dodge and Roll+1","Prepared+1","Terror+1","Deadly Poison+1","Catalyst+1","PiercingWail+1","Escape Plan+1","Night Terror+1","Well Laid Plans","Concentrate+1","Eviscerate+1","Bouncing Flask+1","Outmaneuver+1","Noxious Fumes","Dodge and Roll+1","The Bomb+1","Panacea+1","Master of Strategy+1","Parasite","Outmaneuver+1","Bouncing Flask+1","Backflip+1"],"relics":["Ring of the Snake","Prayer Wheel","Gremlin Horn","Toxic Egg 2","PreservedInsect","Meat on the Bone","Black Star","Regal Pillow","Old Coin","Smiling Mask","Art of War","Bronze Scales","Bag of Preparation","Centennial Puzzle","Du-Vu Doll","Sundial","Snecko Eye","Ancient Tea Set","Pocketwatch","Pear","Anchor"],"potions_floor_usage":[11,16,21,22,24,33,33,41,44,47],"damage_taken":[{"damage":3,"enemies":"Small Slimes","floor":1,"turns":6},{"damage":27,"enemies":"3 Sentries","floor":7,"turns":9},{"damage":6,"enemies":"Cultist","floor":10,"turns":4},{"damage":9,"enemies":"Gremlin Nob","floor":11,"turns":4},{"damage":4,"enemies":"Jaw Worm","floor":14,"turns":5},{"damage":20,"enemies":"The Guardian","floor":16,"turns":13},{"damage":13,"enemies":"Spheric Guardian","floor":18,"turns":7},{"damage":8,"enemies":"Shell Parasite","floor":20,"turns":7},{"damage":26,"enemies":"Cultist and Chosen","floor":21,"turns":8},{"damage":25,"enemies":"Snecko","floor":22,"turns":9},{"damage":17,"enemies":"Slavers","floor":24,"turns":5},{"damage":0,"enemies":"Gremlin Leader","floor":27,"turns":5},{"damage":0,"enemies":"Snake Plant","floor":28,"turns":4},{"damage":8,"enemies":"Book of Stabbing","floor":29,"turns":5},{"damage":49,"enemies":"Automaton","floor":33,"turns":8},{"damage":18,"enemies":"3 Darklings","floor":35,"turns":5},{"damage":34,"enemies":"Orb Walker","floor":37,"turns":6},{"damage":9,"enemies":"4 Shapes","floor":39,"turns":5},{"damage":36,"enemies":"Giant Head","floor":41,"turns":6},{"damage":22,"enemies":"Reptomancer","floor":44,"turns":4},{"damage":6,"enemies":"Writhing Mass","floor":46,"turns":6},{"damage":37,"enemies":"Spire Growth","floor":47,"turns":5},{"damage":25,"enemies":"Giant Head","floor":48,"turns":5}],"seed_played":"531683375598936632","potions_obtained":[{"floor":1,"key":"Weak Potion"},{"floor":11,"key":"Strength Potion"},{"floor":16,"key":"Regen Potion"},{"floor":18,"key":"Energy Potion"},{"floor":22,"key":"GamblersBrew"},{"floor":24,"key":"Block Potion"},{"floor":33,"key":"SpeedPotion"},{"floor":37,"key":"Fire Potion"},{"floor":39,"key":"SkillPotion"},{"floor":46,"key":"Regen Potion"}],"is_trial":false,"path_per_floor":["M","$","?","?","$","R","E","R","T","M","E","?","R","M","R","B",null,"M","T","M","M","M","R","E","R","T","E","M","E","$","T","R","B",null,"M","?","M","?","M","R","E","?","T","E","?","M","M","E"],"character_chosen":"THE_SILENT","items_purchased":["Prayer Wheel","Poison Potion"],"campfire_rested":2,"item_purchase_floors":[2,30],"current_hp_per_floor":[56,56,49,44,44,44,17,17,17,11,2,76,76,72,72,52,70,57,57,49,50,37,37,32,69,69,69,69,61,61,61,61,24,63,45,45,23,23,26,62,38,38,38,38,28,34,21,0],"gold":940,"neow_bonus":"TWO_FIFTY_GOLD","is_prod":false,"is_daily":false,"chose_seed":false,"campfire_upgraded":6,"win_rate":0,"timestamp":1563699852,"path_taken":["M","$","?","?","$","R","E","R","T","M","E","?","R","M","R","BOSS","M","?","M","M","M","R","E","R","T","E","M","E","?","?","R","BOSS","M","?","M","?","M","R","E","?","T","E","?","?","M","E"],"build_version":"2019-07-17","purchased_purges":1,"victory":false,"max_hp_per_floor":[66,66,66,66,66,66,66,66,66,66,66,76,76,76,76,76,76,76,76,76,76,76,76,76,76,76,76,76,76,76,76,76,76,76,76,72,72,72,72,72,72,72,72,82,82,82,82,82],"card_choices":[{"not_picked":["Dagger Throw","Riddle With Holes"],"picked":"Dagger Spray","floor":1},{"not_picked":["Skewer","Slice"],"picked":"Noxious Fumes","floor":7},{"not_picked":["Bane","Terror+1"],"picked":"Cloak And Dagger+1","floor":10},{"not_picked":["Quick Slash","Underhanded Strike"],"picked":"Footwork","floor":10},{"not_picked":["Flying Knee","PiercingWail+1"],"picked":"After Image","floor":11},{"not_picked":["Bane","Poisoned Stab"],"picked":"Backstab","floor":14},{"not_picked":["Quick Slash","Noxious Fumes","Concentrate+1"],"picked":"SKIP","floor":14},{"not_picked":["Venomology+1","Phantasmal Killer+1"],"picked":"Malaise+1","floor":16},{"not_picked":["Dagger Spray","Expertise+1"],"picked":"Dodge and Roll+1","floor":18},{"not_picked":["Infinite Blades","Bane"],"picked":"Blade Dance+1","floor":18},{"not_picked":["Grand Finale","Setup+1"],"picked":"Heel Hook","floor":20},{"not_picked":["Dodge and Roll+1","Poisoned Stab+1","Expertise+1"],"picked":"SKIP","floor":20},{"not_picked":["Poisoned Stab+1","Expertise+1"],"picked":"Dodge and Roll+1","floor":20},{"not_picked":["Acrobatics+1","Blade Dance+1"],"picked":"Prepared+1","floor":21},{"not_picked":["Bane+1","Flechettes","Slice"],"picked":"SKIP","floor":21},{"not_picked":["Bane+1","Flechettes","Slice"],"picked":"SKIP","floor":21},{"not_picked":["Sucker Punch","Dodge and Roll+1"],"picked":"Terror+1","floor":22},{"not_picked":["Blade Dance+1","Skewer+1","Riddle With Holes"],"picked":"SKIP","floor":22},{"not_picked":["Flechettes","Glass Knife"],"picked":"Deadly Poison+1","floor":24},{"not_picked":["Prepared+1","PiercingWail+1"],"picked":"Catalyst+1","floor":27},{"not_picked":["Backstab","Dagger Spray+1"],"picked":"PiercingWail+1","floor":28},{"not_picked":["Riddle With Holes","Caltrops"],"picked":"Escape Plan+1","floor":28},{"not_picked":["Poisoned Stab","Masterful Stab","All Out Attack"],"picked":"SKIP","floor":29},{"not_picked":["Wraith Form v2","A Thousand Cuts"],"picked":"Night Terror+1","floor":33},{"not_picked":["Cloak And Dagger+1","Quick Slash"],"picked":"Well Laid Plans","floor":35},{"not_picked":["Underhanded Strike","Poisoned Stab"],"picked":"Concentrate+1","floor":35},{"not_picked":["Sucker Punch","All Out Attack"],"picked":"Eviscerate+1","floor":37},{"not_picked":["Eviscerate","Blade Dance+1","Bane+1"],"picked":"SKIP","floor":37},{"not_picked":["Heel Hook","Skewer"],"picked":"Bouncing Flask+1","floor":39},{"not_picked":["Masterful Stab","Finisher+1"],"picked":"Outmaneuver+1","floor":39},{"not_picked":["Unload","Dagger Throw"],"picked":"Noxious Fumes","floor":41},{"not_picked":["Dagger Spray+1","Deadly Poison+1"],"picked":"Dodge and Roll+1","floor":44},{"not_picked":["Violence+1","Jack Of All Trades+1"],"picked":"The Bomb+1","floor":45},{"not_picked":["Panache","Deep Breath+1"],"picked":"Panacea+1","floor":45},{"not_picked":["Panacea+1","Forethought+1"],"picked":"Master of Strategy+1","floor":45},{"not_picked":["Flying Knee","Deflect+1"],"picked":"Outmaneuver+1","floor":46},{"not_picked":["Bane+1","Poisoned Stab","Flying Knee"],"picked":"SKIP","floor":46},{"not_picked":["PiercingWail+1","Terror+1"],"picked":"Bouncing Flask+1","floor":47},{"not_picked":["Prepared+1","Slice"],"picked":"Backflip+1","floor":47}],"player_experience":1120432,"relics_obtained":[{"floor":7,"key":"Toxic Egg 2"},{"floor":9,"key":"PreservedInsect"},{"floor":11,"key":"Meat on the Bone"},{"floor":19,"key":"Regal Pillow"},{"floor":24,"key":"Old Coin"},{"floor":24,"key":"Smiling Mask"},{"floor":26,"key":"Art of War"},{"floor":27,"key":"Bronze Scales"},{"floor":27,"key":"Bag of Preparation"},{"floor":29,"key":"Centennial Puzzle"},{"floor":29,"key":"Du-Vu Doll"},{"floor":31,"key":"Sundial"},{"floor":41,"key":"Ancient Tea Set"},{"floor":41,"key":"Pocketwatch"},{"floor":44,"key":"Pear"},{"floor":44,"key":"Anchor"}],"event_choices":[{"cards_removed":["Writhe"],"damage_healed":0,"gold_gain":0,"player_choice":"Card Removal","damage_taken":7,"max_hp_gain":0,"max_hp_loss":0,"event_name":"Golden Wing","floor":3,"gold_loss":0},{"damage_healed":0,"gold_gain":0,"player_choice":"Success","damage_taken":5,"relics_obtained":["Gremlin Horn"],"max_hp_gain":0,"max_hp_loss":0,"event_name":"Scrap Ooze","floor":4,"gold_loss":0},{"cards_removed":["After Image"],"damage_healed":64,"gold_gain":0,"player_choice":"Offered Rare","damage_taken":0,"max_hp_gain":10,"max_hp_loss":0,"event_name":"Bonfire Elementals","floor":12,"gold_loss":0},{"damage_healed":0,"gold_gain":0,"player_choice":"Max HP","damage_taken":0,"max_hp_gain":0,"max_hp_loss":4,"event_name":"Winding Halls","floor":36,"gold_loss":0},{"damage_healed":0,"gold_gain":0,"player_choice":"Ignored","damage_taken":0,"max_hp_gain":0,"max_hp_loss":0,"event_name":"The Moai Head","floor":38,"gold_loss":0},{"damage_healed":0,"gold_gain":0,"player_choice":"Ignored","damage_taken":0,"max_hp_gain":0,"max_hp_loss":0,"event_name":"Mysterious Sphere","floor":42,"gold_loss":0},{"damage_healed":0,"gold_gain":0,"player_choice":"Memory 3","damage_taken":10,"max_hp_gain":0,"max_hp_loss":0,"event_name":"SensoryStone","floor":45,"gold_loss":0}],"is_beta":false,"boss_relics":[{"not_picked":["Orrery","Calling Bell"],"picked":"Black Star"},{"not_picked":["Busted Crown","White Beast Statue"],"picked":"Snecko Eye"}],"items_purged_floors":[30],"is_endless":false,"potions_floor_spawned":[1,11,16,18,20,22,24,33,37,39,46],"killed_by":"Giant Head","ascension_level":20}