{"gold_per_floor":[118,65,65,65,85,85,96,131,131,56,56,87,87,103,103,180,180,192,392,37,37,53,53,85,135,135,135,135,135,163,182,182,257,257,268,268,280,80,95,107,139,139,214,241,258,307,332,349,349,349],"floor_reached":50,"playtime":1846,"items_purged":["Strike_B","Strike_B","Defend_B"],"score":1602,"play_id":"61087cb9-65d7-4a40-8afe-71f8c2298f58","local_time":"20190620143853","is_ascension_mode":true,"campfire_choices":[{"floor":6,"key":"REST"},{"data":"Zap","floor":11,"key":"SMITH"},{"data":"Dualcast","floor":13,"key":"SMITH"},{"data":"Electrodynamics","floor":15,"key":"SMITH"},{"floor":23,"key":"REST"},{"data":"Heatsinks","floor":28,"key":"SMITH"},{"floor":32,"key":"REST"},{"data":"Defragment","floor":42,"key":"SMITH"},{"floor":49,"key":"RECALL"}],"neow_cost":"NONE","seed_source_timestamp":60817820297100,"circlet_count":0,"master_deck":["AscendersBane","Defend_B+1","Defend_B+1","Zap+1","Dualcast+1","Conserve Battery+1","Creative AI+1","Fission+1","Cold Snap","Ball Lightning","Electrodynamics+1","Amplify","Glacier","Heatsinks+1","Creative AI+1","Barrage+1","Coolheaded","Buffer","Recycle+1","Defragment+1","Defragment","Amplify","Coolheaded","Loop"],"special_seed":0,"relics":["Astrolabe","Mummified Hand","Bronze Scales","PreservedInsect","Pear","Sozu","Runic Capacitor","Blue Candle","FossilizedHelix","Molten Egg 2","Runic Dome","Mercury Hourglass","The Courier","Happy Flower","Girya","Darkstone Periapt"],"potions_floor_usage":[12,50],"damage_taken":[{"damage":6,"enemies":"Jaw Worm","floor":1,"turns":6},{"damage":1,"enemies":"2 Louse","floor":5,"turns":4},{"damage":4,"enemies":"Cultist","floor":7,"turns":3},{"damage":0,"enemies":"Lagavulin","floor":8,"turns":7},{"damage":0,"enemies":"Gremlin Nob","floor":12,"turns":3},{"damage":6,"enemies":"3 Louse","floor":14,"turns":2},{"damage":21,"enemies":"The Guardian","floor":16,"turns":8},{"damage":23,"enemies":"Chosen","floor":18,"turns":3},{"damage":1,"enemies":"2 Thieves","floor":22,"turns":2},{"damage":0,"enemies":"Book of Stabbing","floor":24,"turns":4},{"damage":24,"enemies":"Slavers","floor":30,"turns":3},{"damage":0,"enemies":"Cultist and Chosen","floor":31,"turns":3},{"damage":0,"enemies":"Collector","floor":33,"turns":5},{"damage":0,"enemies":"Orb Walker","floor":35,"turns":2},{"damage":12,"enemies":"3 Darklings","floor":37,"turns":3},{"damage":0,"enemies":"Transient","floor":39,"turns":6},{"damage":0,"enemies":"Sphere and 2 Shapes","floor":40,"turns":3},{"damage":0,"enemies":"Giant Head","floor":41,"turns":4},{"damage":0,"enemies":"Nemesis","floor":44,"turns":5},{"damage":0,"enemies":"Jaw Worm Horde","floor":45,"turns":3},{"damage":22,"enemies":"2 Orb Walkers","floor":46,"turns":5},{"damage":0,"enemies":"Reptomancer","floor":47,"turns":4},{"damage":33,"enemies":"Transient","floor":48,"turns":6},{"damage":18,"enemies":"Time Eater","floor":50,"turns":2}],"seed_played":"37634084501638682","potions_obtained":[{"floor":7,"key":"Swift Potion"},{"floor":8,"key":"FocusPotion"},{"floor":12,"key":"Explosive Potion"},{"floor":16,"key":"PowerPotion"}],"is_trial":false,"path_per_floor":["M","$","?","?","M","R","M","E","T","$","R","E","R","M","R","B",null,"M","?","$","T","M","R","E","?","T","?","R","?","E","M","R","B",null,"M","?","M","$","M","M","E","R","T","E","M","?","E","M","R","B"],"character_chosen":"DEFECT","items_purchased":["Cold Snap","Runic Capacitor","Glacier","Defragment"],"campfire_rested":3,"item_purchase_floors":[2,20,20,38],"current_hp_per_floor":[58,58,37,26,25,46,42,42,42,42,42,52,52,46,46,25,67,44,44,44,44,43,67,67,67,67,67,67,67,43,43,67,67,78,78,78,66,66,66,66,66,66,66,66,66,44,44,11,11,0],"gold":349,"neow_bonus":"BOSS_RELIC","is_prod":false,"is_daily":false,"chose_seed":false,"campfire_upgraded":5,"win_rate":0,"timestamp":1561009133,"path_taken":["M","$","?","?","M","R","M","E","T","?","R","E","R","M","R","BOSS","M","?","$","?","M","R","E","?","T","?","R","?","E","M","R","BOSS","M","?","?","$","M","M","E","R","T","E","M","?","E","M","R","BOSS"],"build_version":"2019-01-23","purchased_purges":3,"victory":false,"max_hp_per_floor":[71,71,71,71,71,71,71,71,71,71,71,81,81,81,81,81,81,81,81,81,81,81,81,81,81,81,81,81,81,81,81,81,81,81,81,81,81,81,81,81,81,81,81,81,81,81,81,81,81,81],"card_choices":[{"not_picked":["Barrage","Sweeping Beam","Reprogram"],"picked":"SKIP","floor":1},{"not_picked":["Barrage","BootSequence"],"picked":"Ball Lightning","floor":5},{"not_picked":["Chaos","BootSequence","Barrage"],"picked":"SKIP","floor":7},{"not_picked":["Steam","Sweeping Beam","Multi-Cast"],"picked":"SKIP","floor":8},{"not_picked":["Compile Driver","BootSequence"],"picked":"Electrodynamics","floor":12},{"not_picked":["Steam Power","Sweeping Beam","Sunder"],"picked":"SKIP","floor":14},{"not_picked":["Electrodynamics","Multi-Cast"],"picked":"Amplify","floor":16},{"not_picked":["Scrape","Conserve Battery+1","Rebound+1"],"picked":"SKIP","floor":18},{"not_picked":["Steam","Hologram","Go for the Eyes+1"],"picked":"SKIP","floor":22},{"not_picked":["Compile Driver","Gash","FTL"],"picked":"SKIP","floor":24},{"not_picked":["Auto Shields","Melter"],"picked":"Barrage+1","floor":30},{"not_picked":["Static Discharge","Amplify"],"picked":"Coolheaded","floor":31},{"not_picked":["Multi-Cast","Meteor Strike+1"],"picked":"Buffer","floor":33},{"not_picked":["Rebound+1","BootSequence"],"picked":"Recycle+1","floor":35},{"not_picked":["Turbo","Streamline+1","Skim"],"picked":"SKIP","floor":37},{"not_picked":["Barrage+1","Compile Driver+1","Redo"],"picked":"SKIP","floor":39},{"not_picked":["Rip and Tear+1","Beam Cell+1"],"picked":"Defragment","floor":40},{"not_picked":["Darkness","Rebound+1"],"picked":"Amplify","floor":41},{"not_picked":["Hologram","Gash+1"],"picked":"Coolheaded","floor":44},{"not_picked":["Double Energy+1","Rebound+1"],"picked":"Loop","floor":45},{"not_picked":["White Noise","Redo","Hologram"],"picked":"SKIP","floor":47},{"not_picked":["Go for the Eyes+1","Conserve Battery","Redo"],"picked":"SKIP","floor":48}],"player_experience":699492,"relics_obtained":[{"floor":8,"key":"Bronze Scales"},{"floor":9,"key":"PreservedInsect"},{"floor":12,"key":"Pear"},{"floor":21,"key":"Blue Candle"},{"floor":24,"key":"FossilizedHelix"},{"floor":30,"key":"Molten Egg 2"},{"floor":41,"key":"Mercury Hourglass"},{"floor":43,"key":"The Courier"},{"floor":44,"key":"Happy Flower"},{"floor":46,"key":"Girya"},{"floor":47,"key":"Darkstone Periapt"}],"event_choices":[{"damage_healed":0,"gold_gain":0,"player_choice":"Entered Light","damage_taken":21,"max_hp_gain":0,"max_hp_loss":0,"event_name":"Shining Light","floor":3,"gold_loss":0,"cards_upgraded":["Defend_B","Defend_B"]},{"damage_healed":0,"gold_gain":0,"player_choice":"Success","damage_taken":11,"relics_obtained":["Mummified Hand"],"max_hp_gain":0,"max_hp_loss":0,"event_name":"Scrap Ooze","floor":4,"gold_loss":0},{"damage_healed":0,"gold_gain":200,"player_choice":"Gold","damage_taken":0,"max_hp_gain":0,"max_hp_loss":0,"event_name":"Wheel of Change","floor":19,"gold_loss":0},{"damage_healed":0,"gold_gain":50,"player_choice":"Stole From Cult","damage_taken":0,"max_hp_gain":0,"max_hp_loss":0,"event_name":"Nest","floor":25,"gold_loss":0},{"damage_healed":0,"gold_gain":0,"player_choice":"Read","damage_taken":0,"max_hp_gain":0,"max_hp_loss":0,"event_name":"The Library","floor":27,"gold_loss":0,"cards_obtained":["Heatsinks"]},{"damage_healed":0,"gold_gain":0,"player_choice":"Copied","damage_taken":0,"max_hp_gain":0,"max_hp_loss":0,"event_name":"Duplicator","floor":29,"gold_loss":0,"cards_obtained":["Creative AI"]},{"damage_healed":0,"gold_gain":0,"player_choice":"Ignored","damage_taken":0,"max_hp_gain":0,"max_hp_loss":0,"event_name":"SecretPortal","floor":36,"gold_loss":0},{"damage_healed":0,"gold_gain":0,"player_choice":"Fight","damage_taken":0,"max_hp_gain":0,"max_hp_loss":0,"event_name":"Mysterious Sphere","floor":46,"gold_loss":0}],"is_beta":false,"boss_relics":[{"not_picked":["Philosopher\u0027s Stone","Calling Bell"],"picked":"Sozu"},{"not_picked":["Runic Pyramid","Eternal Feather"],"picked":"Runic Dome"}],"items_purged_floors":[10,20,38],"is_endless":false,"potions_floor_spawned":[7,8,12,16,24,31,35,39,40,44,47],"killed_by":"Time Eater","ascension_level":20}