{"gold_per_floor":[18,18,18,18,18,18,34,46,46,46,72,95,120,136,136,210,210,189,189,212,212],"floor_reached":21,"playtime":719,"items_purged":[],"score":520,"play_id":"329e3a5e-1167-4cc4-96ff-666b8a1d93fa","local_time":"20190730163126","is_ascension_mode":true,"campfire_choices":[{"data":"Buffer","floor":6,"key":"SMITH"},{"data":"Discovery","floor":10,"key":"SMITH"},{"data":"Consume","floor":15,"key":"SMITH"}],"neow_cost":"NO_GOLD","seed_source_timestamp":954036417169600,"circlet_count":0,"master_deck":["AscendersBane","Strike_B","Strike_B+1","Defend_B+1","Defend_B","Defend_B","Defend_B","Zap","Dualcast","Discovery+1","Finesse","Buffer+1","Gash","Glacier","Buffer","Consume+1","Echo Form","Loop"],"relics":["Cracked Core","Shovel","Ancient Tea Set","Odd Mushroom","Ornamental Fan","Fusion Hammer","Strawberry"],"potions_floor_usage":[16],"damage_taken":[{"damage":1,"enemies":"Small Slimes","floor":1,"turns":5},{"damage":6,"enemies":"Cultist","floor":7,"turns":3},{"damage":1,"enemies":"2 Louse","floor":8,"turns":3},{"damage":9,"enemies":"3 Sentries","floor":11,"turns":10},{"damage":11,"enemies":"The Mushroom Lair","floor":12,"turns":6},{"damage":0,"enemies":"Lagavulin","floor":13,"turns":8},{"damage":0,"enemies":"Large Slime","floor":14,"turns":8},{"damage":0,"enemies":"Slime Boss","floor":16,"turns":9},{"damage":15,"enemies":"2 Thieves","floor":18,"turns":4},{"damage":10,"enemies":"3 Byrds","floor":21,"turns":3}],"seed_played":"2073405623274762819","potions_obtained":[{"floor":1,"key":"SpeedPotion"},{"floor":7,"key":"AttackPotion"},{"floor":12,"key":"Energy Potion"},{"floor":16,"key":"Block Potion"}],"is_trial":false,"path_per_floor":["M","?","$","?","?","R","M","M","T","R","E","?","E","M","R","B",null,"M","?","T","M"],"character_chosen":"DEFECT","items_purchased":[],"campfire_rested":0,"item_purchase_floors":[],"current_hp_per_floor":[63,63,63,42,42,42,36,35,35,35,26,15,15,15,15,15,57,42,22,29,19],"gold":212,"neow_bonus":"RANDOM_COLORLESS_2","is_prod":false,"is_daily":false,"chose_seed":false,"campfire_upgraded":3,"win_rate":0,"timestamp":1564471886,"path_taken":["M","?","$","?","?","R","M","?","T","R","E","?","E","M","R","BOSS","M","?","?","?"],"build_version":"2019-07-17","purchased_purges":0,"victory":false,"max_hp_per_floor":[71,71,71,71,71,71,71,71,71,71,71,71,71,71,71,71,71,71,76,83,83],"card_choices":[{"not_picked":["Stack","Sweeping Beam","Compile Driver"],"picked":"SKIP","floor":1},{"not_picked":["Sweeping Beam","Leap"],"picked":"Glacier","floor":7},{"not_picked":["Storm","Stack","Reinforced Body"],"picked":"SKIP","floor":8},{"not_picked":["Turbo","Scrape"],"picked":"Buffer","floor":11},{"not_picked":["Storm","Steam"],"picked":"Consume","floor":12},{"not_picked":["Aggregate","Beam Cell","Scrape"],"picked":"SKIP","floor":13},{"not_picked":["Beam Cell","Steam","Go for the Eyes"],"picked":"SKIP","floor":14},{"not_picked":["Seek","Thunder Strike"],"picked":"Echo Form","floor":16},{"not_picked":["Turbo","Cold Snap"],"picked":"Loop","floor":18}],"player_experience":1296042,"relics_obtained":[{"floor":9,"key":"Shovel"},{"floor":11,"key":"Ancient Tea Set"},{"floor":12,"key":"Odd Mushroom"},{"floor":13,"key":"Ornamental Fan"},{"floor":20,"key":"Strawberry"}],"event_choices":[{"damage_healed":0,"gold_gain":0,"cards_transformed":["Strike_B"],"player_choice":"Change","damage_taken":0,"max_hp_gain":0,"max_hp_loss":0,"event_name":"Living Wall","floor":2,"gold_loss":0,"cards_obtained":["Buffer"]},{"damage_healed":0,"gold_gain":0,"player_choice":"Entered Light","damage_taken":21,"max_hp_gain":0,"max_hp_loss":0,"event_name":"Shining Light","floor":4,"gold_loss":0,"cards_upgraded":["Strike_B","Defend_B"]},{"damage_healed":0,"gold_gain":0,"cards_transformed":["Strike_B"],"player_choice":"Transformed","damage_taken":0,"max_hp_gain":0,"max_hp_loss":0,"event_name":"Transmorgrifier","floor":5,"gold_loss":0,"cards_obtained":["Gash"]},{"damage_healed":0,"gold_gain":0,"player_choice":"Fought Mushrooms","damage_taken":0,"max_hp_gain":0,"max_hp_loss":0,"event_name":"Mushrooms","floor":12,"gold_loss":0},{"damage_healed":0,"gold_gain":0,"player_choice":"Shed Blood","damage_taken":25,"max_hp_gain":5,"max_hp_loss":0,"event_name":"Forgotten Altar","floor":19,"gold_loss":0}],"is_beta":false,"boss_relics":[{"not_picked":["Black Star","Orrery"],"picked":"Fusion Hammer"}],"items_purged_floors":[],"is_endless":false,"potions_floor_spawned":[1,7,12,16],"killed_by":"3 Byrds","ascension_level":20}