{"gold_per_floor":[118,118,83,95,8,35,35,48,48,48,48,78,96,109,109,186,186,196,196,121,137,152,152,177,177,177,188,0,0,0,19,19,91,91,105,105,124,144,144,144,179,179,204,204,224,38,338,357,357,357],"floor_reached":50,"playtime":2370,"items_purged":["Strike_B","Decay"],"score":1250,"play_id":"c16ad1d3-f068-4dff-a527-892e429ac204","local_time":"20190610143157","is_ascension_mode":true,"campfire_choices":[{"data":"Zap","floor":7,"key":"SMITH"},{"data":"Recycle","floor":11,"key":"SMITH"},{"data":"Coolheaded","floor":15,"key":"SMITH"},{"floor":23,"key":"REST"},{"floor":25,"key":"REST"},{"data":"Fission","floor":32,"key":"SMITH"},{"data":"Blizzard","floor":40,"key":"SMITH"},{"floor":42,"key":"RECALL"},{"data":"Seek","floor":44,"key":"SMITH"},{"data":"Defragment","floor":49,"key":"SMITH"}],"neow_cost":"NONE","seed_source_timestamp":173366905601800,"circlet_count":0,"master_deck":["AscendersBane","Strike_B","Strike_B+1","Strike_B","Defend_B+1","Defend_B","Defend_B","Defend_B","Zap+1","Dualcast","Glacier","Coolheaded+1","Core Surge","Ball Lightning","Recycle+1","Hologram","Blizzard+1","Hologram","Fission+1","Hologram","Seek+1","Compile Driver","Fission+1","Finesse","Chrysalis","Hologram+1","Defragment+1","Self Repair"],"relics":["Cracked Core","NeowsBlessing","Sundial","Bag of Preparation","Anchor","Busted Crown","Enchiridion","Bottled Flame","Torii","Cursed Key","PreservedInsect"],"potions_floor_usage":[16,16,24,24],"damage_taken":[{"damage":0,"enemies":"Jaw Worm","floor":1,"turns":1},{"damage":0,"enemies":"Small Slimes","floor":4,"turns":1},{"damage":0,"enemies":"3 Sentries","floor":6,"turns":1},{"damage":0,"enemies":"Cultist","floor":8,"turns":3},{"damage":13,"enemies":"Gremlin Nob","floor":12,"turns":4},{"damage":4,"enemies":"Red Slaver","floor":13,"turns":3},{"damage":0,"enemies":"Large Slime","floor":14,"turns":4},{"damage":33,"enemies":"Slime Boss","floor":16,"turns":11},{"damage":0,"enemies":"2 Thieves","floor":18,"turns":3},{"damage":5,"enemies":"Chosen","floor":21,"turns":4},{"damage":14,"enemies":"Snake Plant","floor":22,"turns":5},{"damage":22,"enemies":"Book of Stabbing","floor":24,"turns":7},{"damage":11,"enemies":"Sentry and Sphere","floor":27,"turns":6},{"damage":2,"enemies":"Colosseum Slavers","floor":29,"turns":4},{"damage":0,"enemies":"3 Cultists","floor":31,"turns":4},{"damage":0,"enemies":"Champ","floor":33,"turns":9},{"damage":1,"enemies":"Orb Walker","floor":35,"turns":4},{"damage":2,"enemies":"3 Darklings","floor":37,"turns":5},{"damage":0,"enemies":"Sphere and 2 Shapes","floor":38,"turns":3},{"damage":1,"enemies":"Reptomancer","floor":41,"turns":5},{"damage":0,"enemies":"4 Shapes","floor":45,"turns":3},{"damage":10,"enemies":"Jaw Worm Horde","floor":48,"turns":5},{"damage":43,"enemies":"Time Eater","floor":50,"turns":17}],"seed_played":"6265987339514243431","potions_obtained":[{"floor":12,"key":"AttackPotion"},{"floor":13,"key":"Block Potion"},{"floor":18,"key":"SneckoOil"},{"floor":21,"key":"EssenceOfSteel"},{"floor":22,"key":"AttackPotion"},{"floor":31,"key":"Poison Potion"},{"floor":38,"key":"Strength Potion"},{"floor":41,"key":"LiquidBronze"}],"is_trial":false,"path_per_floor":["M","?","?","M","$","E","R","M","T","$","R","E","M","M","R","B",null,"M","?","$","M","M","R","E","R","T","M","?","?","?","M","R","B",null,"M","?","M","M","?","R","E","R","T","R","M","$","?","M","R","B"],"character_chosen":"DEFECT","items_purchased":["Core Surge","Defragment"],"campfire_rested":2,"item_purchase_floors":[5,46],"current_hp_per_floor":[64,43,60,60,60,60,60,60,60,60,60,47,43,43,43,10,56,56,35,35,30,16,37,15,36,36,25,25,23,23,23,23,23,59,58,58,56,56,46,46,45,45,45,45,45,45,45,35,35,0],"gold":357,"neow_bonus":"THREE_ENEMY_KILL","is_prod":false,"is_daily":false,"chose_seed":false,"campfire_upgraded":7,"win_rate":0,"timestamp":1560144717,"path_taken":["M","?","?","M","?","E","R","M","T","$","R","E","M","?","R","BOSS","M","?","$","M","M","R","E","R","T","M","?","?","?","M","R","BOSS","M","?","?","?","?","R","E","R","T","R","M","?","?","?","R","BOSS"],"build_version":"2019-01-23","purchased_purges":2,"victory":false,"max_hp_per_floor":[71,71,71,71,71,71,71,71,71,71,71,71,71,71,71,71,71,71,71,71,71,71,71,71,71,71,71,71,71,71,71,71,71,71,71,71,71,71,71,71,71,71,71,71,71,71,71,71,71,71],"card_choices":[{"not_picked":["Steam","Rip and Tear"],"picked":"Glacier","floor":1},{"not_picked":["Leap","Barrage"],"picked":"Coolheaded","floor":4},{"not_picked":["Skim","Meteor Strike"],"picked":"Ball Lightning","floor":6},{"not_picked":["Cold Snap","Rebound"],"picked":"Recycle","floor":8},{"not_picked":["Gash","Ball Lightning"],"picked":"Hologram","floor":12},{"not_picked":["Double Energy","FTL"],"picked":"Blizzard","floor":13},{"not_picked":["Leap","Stack"],"picked":"Hologram","floor":14},{"not_picked":["Buffer","Reboot"],"picked":"Fission","floor":16},{"not_picked":["Rebound"],"picked":"SKIP","floor":18},{"not_picked":[],"picked":"Hologram","floor":21},{"not_picked":["Scrape"],"picked":"SKIP","floor":22},{"not_picked":[],"picked":"Seek","floor":24},{"not_picked":[],"picked":"Compile Driver","floor":27},{"not_picked":["Barrage"],"picked":"SKIP","floor":31},{"not_picked":["Rebound"],"picked":"SKIP","floor":35},{"not_picked":["Barrage+1"],"picked":"SKIP","floor":37},{"not_picked":["Beam Cell"],"picked":"SKIP","floor":38},{"not_picked":[],"picked":"Finesse","floor":39},{"not_picked":[],"picked":"Chrysalis","floor":39},{"not_picked":["Hologram+1"],"picked":"SKIP","floor":41},{"not_picked":[],"picked":"Hologram+1","floor":41},{"not_picked":["Beam Cell+1"],"picked":"SKIP","floor":45},{"not_picked":[],"picked":"Self Repair","floor":48}],"player_experience":545429,"relics_obtained":[{"floor":6,"key":"Sundial"},{"floor":9,"key":"Bag of Preparation"},{"floor":12,"key":"Anchor"},{"floor":19,"key":"Enchiridion"},{"floor":24,"key":"Bottled Flame"},{"floor":26,"key":"Torii"},{"floor":41,"key":"PreservedInsect"}],"event_choices":[{"damage_healed":0,"gold_gain":0,"player_choice":"Entered Light","damage_taken":21,"max_hp_gain":0,"max_hp_loss":0,"event_name":"Shining Light","floor":2,"gold_loss":0,"cards_upgraded":["Strike_B","Defend_B"]},{"damage_healed":17,"gold_gain":0,"player_choice":"Healed","damage_taken":0,"max_hp_gain":0,"max_hp_loss":0,"event_name":"The Cleric","floor":3,"gold_loss":35},{"damage_healed":0,"gold_gain":0,"player_choice":"Obtained Book","damage_taken":21,"max_hp_gain":0,"max_hp_loss":0,"event_name":"Cursed Tome","floor":19,"gold_loss":0},{"damage_healed":0,"gold_gain":0,"player_choice":"Paid Fearfully","damage_taken":0,"max_hp_gain":0,"max_hp_loss":0,"event_name":"Masked Bandits","floor":28,"gold_loss":188},{"damage_healed":0,"gold_gain":0,"player_choice":"Fight","damage_taken":0,"max_hp_gain":0,"max_hp_loss":0,"event_name":"Colosseum","floor":29,"gold_loss":0},{"damage_healed":0,"gold_gain":0,"player_choice":"Fled From Nobs","damage_taken":0,"max_hp_gain":0,"max_hp_loss":0,"event_name":"Colosseum","floor":29,"gold_loss":0},{"damage_healed":0,"gold_gain":0,"player_choice":"Ignored","damage_taken":0,"max_hp_gain":0,"max_hp_loss":0,"event_name":"Beggar","floor":30,"gold_loss":0},{"damage_healed":0,"gold_gain":0,"player_choice":"Copied","damage_taken":0,"max_hp_gain":0,"max_hp_loss":0,"event_name":"Duplicator","floor":36,"gold_loss":0,"cards_obtained":["Fission"]},{"damage_healed":0,"gold_gain":0,"player_choice":"Memory 3","damage_taken":10,"max_hp_gain":0,"max_hp_loss":0,"event_name":"SensoryStone","floor":39,"gold_loss":0},{"damage_healed":0,"gold_gain":300,"player_choice":"Gold","damage_taken":0,"max_hp_gain":0,"max_hp_loss":0,"event_name":"Wheel of Change","floor":47,"gold_loss":0}],"is_beta":false,"boss_relics":[{"not_picked":["Tiny House","Coffee Dripper"],"picked":"Busted Crown"},{"not_picked":["Velvet Choker","Fusion Hammer"],"picked":"Cursed Key"}],"items_purged_floors":[20,46],"is_endless":false,"potions_floor_spawned":[12,13,14,18,21,22,31,38,41,48],"killed_by":"Time Eater","ascension_level":20}