{"gold_per_floor":[112,112,125,125,141,141,179,179,257,276,315,340,340,340,340,340],"floor_reached":16,"playtime":362,"items_purged":[],"score":220,"play_id":"0f2adb47-0719-4e23-83e0-9d65558b668a","local_time":"20190701212251","is_ascension_mode":true,"campfire_choices":[{"data":"Metamorphosis","floor":6.0,"key":"SMITH"},{"floor":8.0,"key":"REST"},{"data":"Armaments","floor":15.0,"key":"SMITH"}],"neow_cost":"TEN_PERCENT_HP_LOSS","seed_source_timestamp":219219501607600,"circlet_count":0,"master_deck":["AscendersBane","Strike_R","Strike_R","Strike_R","Strike_R","Defend_R","Defend_R","Defend_R","Defend_R","Bash","Dark Shackles","Metamorphosis+1","Evolve","True Grit","Armaments+1","Dark Embrace+1","Sever Soul+1"],"special_seed":0,"relics":["Burning Blood","Golden Idol","Ancient Tea Set","Frozen Egg 2","Molten Egg 2"],"potions_floor_usage":[16],"damage_taken":[{"damage":7.0,"enemies":"Jaw Worm","floor":1.0,"turns":3.0},{"damage":11.0,"enemies":"2 Louse","floor":3.0,"turns":3.0},{"damage":7.0,"enemies":"Cultist","floor":5.0,"turns":4.0},{"damage":26.0,"enemies":"Gremlin Nob","floor":7.0,"turns":4.0},{"damage":0.0,"enemies":"Large Slime","floor":10.0,"turns":3.0},{"damage":10.0,"enemies":"Lagavulin","floor":11.0,"turns":6.0},{"damage":16.0,"enemies":"2 Fungi Beasts","floor":12.0,"turns":4.0},{"damage":22,"enemies":"The Guardian","floor":16,"turns":6}],"seed_played":"7791217529662377982","potions_obtained":[{"floor":3.0,"key":"Block Potion"},{"floor":4.0,"key":"EntropicBrew"},{"floor":7.0,"key":"Block Potion"}],"is_trial":false,"path_per_floor":["M","?","M","?","M","R","E","R","T","M","E","M","?","?","R","B"],"character_chosen":"IRONCLAD","items_purchased":[],"campfire_rested":1,"item_purchase_floors":[],"current_hp_per_floor":[67,44,39,39,38,38,18,38,38,44,40,30,30,30,30,8],"gold":340,"neow_bonus":"RANDOM_COLORLESS_2","is_prod":false,"is_daily":false,"chose_seed":false,"campfire_upgraded":2,"win_rate":0,"timestamp":1561983771,"path_taken":["M","?","M","?","?","R","E","R","T","M","E","M","?","?","R","BOSS"],"build_version":"2019-01-23","purchased_purges":0,"victory":false,"max_hp_per_floor":[68,68,68,68,68,68,68,68,68,68,68,68,68,68,68,68],"card_choices":[{"not_picked":["Headbutt","Wild Strike","Twin Strike"],"picked":"SKIP","floor":1.0},{"not_picked":["Havoc","Heavy Blade"],"picked":"Evolve","floor":3.0},{"not_picked":["Clothesline","Infernal Blade"],"picked":"True Grit","floor":5.0},{"not_picked":["Disarm","Thunderclap"],"picked":"Armaments","floor":7.0},{"not_picked":["Hemokinesis","True Grit","Cleave"],"picked":"SKIP","floor":10.0},{"not_picked":["Shockwave","Wild Strike"],"picked":"Dark Embrace+1","floor":11.0},{"not_picked":["Clothesline+1","Havoc","Warcry"],"picked":"SKIP","floor":12.0}],"player_experience":892532,"relics_obtained":[{"floor":7.0,"key":"Ancient Tea Set"},{"floor":9.0,"key":"Frozen Egg 2"},{"floor":11.0,"key":"Molten Egg 2"}],"event_choices":[{"damage_healed":0.0,"max_hp_gain":0.0,"max_hp_loss":0.0,"gold_gain":0.0,"event_name":"Golden Idol","player_choice":"Take Damage","floor":2.0,"gold_loss":0.0,"damage_taken":23.0,"relics_obtained":["Golden Idol"]},{"damage_healed":0.0,"max_hp_gain":0.0,"max_hp_loss":0.0,"gold_gain":0.0,"event_name":"Lab","player_choice":"Got Potions","floor":4.0,"gold_loss":0.0,"damage_taken":0.0},{"damage_healed":0.0,"max_hp_gain":0.0,"max_hp_loss":0.0,"gold_gain":0.0,"event_name":"Liars Game","player_choice":"Ignored","floor":13.0,"gold_loss":0.0,"damage_taken":0.0},{"damage_healed":0.0,"max_hp_gain":0.0,"max_hp_loss":0.0,"gold_gain":0.0,"cards_transformed":["Strike_R"],"event_name":"Living Wall","player_choice":"Change","floor":14.0,"gold_loss":0.0,"damage_taken":0.0,"cards_obtained":["Sever Soul"]}],"is_beta":false,"boss_relics":[],"items_purged_floors":[],"is_endless":false,"potions_floor_spawned":[3,7],"killed_by":"The Guardian","ascension_level":20}