{"path_per_floor":["M","M","?","?","M","R","M","E","T","M","M","$","M","M","R"],"character_chosen":"THE_SILENT","items_purchased":["Finesse","Prepared"],"gold_per_floor":[113,124,124,124,137,137,148,178,178,198,212,90,108,121,121],"floor_reached":16,"campfire_rested":2,"playtime":4640,"current_hp_per_floor":[67,67,67,53,48,69,53,30,30,30,28,28,23,16,37],"items_purged":[],"gold":121,"play_id":"cd6bfeea-86c8-49dd-9ef0-fcdde4d3b3e5","is_prod":false,"is_daily":false,"is_ascension_mode":false,"campfire_upgraded":0,"path_taken":["M","M","?","?","M","R","M","E","T","M","M","$","?","M","R","BOSS"],"build_version":"2018-02-01-PROD3","purchased_purges":0,"victory":false,"master_deck":["Defend_G","Defend_G","Defend_G","Defend_G+1","Defend_G","Strike_G","Strike_G","Strike_G","Strike_G","Strike_G","Survivor+1","Neutralize","Slice","Infinite Blades","Slice","Flying Knee","Quick Slash","Quick Slash","Dash","Finesse","Prepared","Flying Knee","Venomology"],"max_hp_per_floor":[70,70,70,70,70,70,70,70,70,70,70,70,70,70,70],"relics":["Ring of the Snake","Bag of Preparation","Calipers"],"card_choices":[{"not_picked":["Catalyst","Backflip"],"picked":"Slice"},{"not_picked":["Dagger Throw","Dodge and Roll"],"picked":"Infinite Blades"},{"not_picked":["Skewer","Sucker Punch"],"picked":"Slice"},{"not_picked":["Burst","PiercingWail"],"picked":"Flying Knee"},{"not_picked":["Sucker Punch","Deflect"],"picked":"Quick Slash"},{"not_picked":["Slice","Dagger Spray"],"picked":"Quick Slash"},{"not_picked":["Caltrops","Heel Hook"],"picked":"Dash"},{"not_picked":["Deflect","Backstab"],"picked":"Flying Knee"},{"not_picked":["Dagger Spray","Heel Hook"],"picked":"Venomology"}],"player_experience":29265,"potions_floor_usage":[8,13,16,16],"damage_taken":[{"damage":3,"enemies":"Jaw Worm","floor":1,"turns":4},{"damage":0,"enemies":"2 Louse","floor":2,"turns":3},{"damage":5,"enemies":"Cultist","floor":5,"turns":4},{"damage":16,"enemies":"Gremlin Gang","floor":7,"turns":5},{"damage":23,"enemies":"Lagavulin","floor":8,"turns":9},{"damage":0,"enemies":"Looter","floor":10,"turns":3},{"damage":2,"enemies":"Large Slime","floor":11,"turns":6},{"damage":5,"enemies":"2 Fungi Beasts","floor":13,"turns":3},{"damage":7,"enemies":"3 Louse","floor":14,"turns":3},{"damage":28,"enemies":"The Guardian","floor":16,"turns":6}],"event_choices":[{"event_name":"Golden Wing","player_choice":"Ignored","floor":3,"damage_taken":0},{"event_name":"Shining Light","player_choice":"Entered Light","floor":4,"damage_taken":0}],"boss_relics":[],"potions_floor_spawned":[5,8,10,13],"seed_played":"-2606213098310107144","killed_by":"The Guardian","ascension_level":0,"is_trial":false}