{"gold_per_floor":[114,114,114,37,37,37,62,121,204,216,228],"floor_reached":11,"playtime":174,"items_purged":[],"score":134,"play_id":"bfd6547b-a278-4b05-8517-7db2b8a9a6ca","local_time":"20190623164439","is_ascension_mode":true,"campfire_choices":[{"floor":6,"key":"REST"}],"neow_cost":"NONE","seed_source_timestamp":98153599096800,"circlet_count":0,"master_deck":["AscendersBane","Strike_B","Strike_B","Strike_B+1","Strike_B+1","Defend_B","Defend_B","Defend_B","Defend_B+1","Zap+1","Dualcast","Amplify","Ball Lightning","Rip and Tear","Cold Snap","Cold Snap"],"relics":["Cracked Core","PreservedInsect","Matryoshka","Whetstone","Potion Belt","Tiny Chest","MawBank","Vajra","Orichalcum"],"potions_floor_usage":[],"damage_taken":[{"damage":1,"enemies":"Cultist","floor":1,"turns":3},{"damage":8,"enemies":"Gremlin Nob","floor":7,"turns":3},{"damage":8,"enemies":"Gremlin Nob","floor":8,"turns":3},{"damage":13,"enemies":"Lagavulin","floor":11,"turns":5}],"seed_played":"-6102668084234916107","potions_obtained":[],"is_trial":false,"path_per_floor":["M","?","?","$","T","R","E","?","T","T","E"],"character_chosen":"DEFECT","items_purchased":["Rip and Tear"],"campfire_rested":1,"item_purchase_floors":[4],"current_hp_per_floor":[63,28,7,7,7,28,20,12,12,12,0],"gold":228,"neow_bonus":"ONE_RANDOM_RARE_CARD","is_prod":false,"is_daily":false,"chose_seed":false,"campfire_upgraded":0,"win_rate":0,"timestamp":1561275879,"path_taken":["M","?","?","$","?","R","E","?","T","?","E"],"build_version":"2019-01-23","purchased_purges":0,"victory":false,"max_hp_per_floor":[71,71,71,71,71,71,71,71,71,71,71],"card_choices":[{"not_picked":["Barrage","Sweeping Beam"],"picked":"Ball Lightning","floor":1},{"not_picked":["Machine Learning","Reboot"],"picked":"Cold Snap","floor":7},{"not_picked":["Turbo","Genetic Algorithm"],"picked":"Cold Snap","floor":8}],"player_experience":766353,"relics_obtained":[{"floor":5,"key":"Matryoshka"},{"floor":7,"key":"Whetstone"},{"floor":8,"key":"Potion Belt"},{"floor":9,"key":"Tiny Chest"},{"floor":9,"key":"MawBank"},{"floor":10,"key":"Vajra"},{"floor":10,"key":"Orichalcum"}],"event_choices":[{"damage_healed":0,"gold_gain":0,"player_choice":"Success","damage_taken":35,"relics_obtained":["PreservedInsect"],"max_hp_gain":0,"max_hp_loss":0,"event_name":"Scrap Ooze","floor":2,"gold_loss":0},{"damage_healed":0,"gold_gain":0,"player_choice":"Entered Light","damage_taken":21,"max_hp_gain":0,"max_hp_loss":0,"event_name":"Shining Light","floor":3,"gold_loss":0,"cards_upgraded":["Zap","Defend_B"]},{"damage_healed":0,"gold_gain":0,"player_choice":"Searched \u00271\u0027 times","damage_taken":0,"max_hp_gain":0,"max_hp_loss":0,"event_name":"Dead Adventurer","floor":8,"gold_loss":0}],"is_beta":false,"boss_relics":[],"items_purged_floors":[],"is_endless":false,"potions_floor_spawned":[],"killed_by":"Lagavulin","ascension_level":20}