{"gold_per_floor":[114,134,145,145,165,165,194,211,211,486,210,210,223,223],"floor_reached":14,"playtime":316,"items_purged":["Regret"],"score":184,"play_id":"8a8b182e-5458-4d41-8ed2-03db3d2b5cf5","local_time":"20190718171213","is_ascension_mode":true,"campfire_choices":[{"data":"Bash","floor":6,"key":"SMITH"},{"data":"Limit Break","floor":12,"key":"SMITH"}],"neow_cost":"NONE","seed_source_timestamp":487893609005500,"circlet_count":0,"master_deck":["AscendersBane","Strike_R","Strike_R","Strike_R","Strike_R","Strike_R","Defend_R","Defend_R","Defend_R+1","Defend_R+1","Bash+1","Inflame","Spot Weakness","Anger","Limit Break+1","Shrug It Off","Corruption"],"relics":["Burning Blood","NeowsBlessing","Matryoshka","War Paint","Bird Faced Urn","Potion Belt"],"potions_floor_usage":[],"damage_taken":[{"damage":0,"enemies":"Cultist","floor":1,"turns":1},{"damage":0,"enemies":"Small Slimes","floor":2,"turns":1},{"damage":0,"enemies":"2 Louse","floor":3,"turns":1},{"damage":25,"enemies":"Red Slaver","floor":5,"turns":4},{"damage":32,"enemies":"Gremlin Nob","floor":7,"turns":4},{"damage":10,"enemies":"2 Fungi Beasts","floor":8,"turns":3},{"damage":15,"enemies":"Looter","floor":13,"turns":4},{"damage":21,"enemies":"3 Sentries","floor":14,"turns":6}],"seed_played":"-6021262150400754229","potions_obtained":[{"floor":2,"key":"Weak Potion"},{"floor":13,"key":"Ancient Potion"}],"is_trial":false,"path_per_floor":["M","M","M","?","M","R","E","M","T","?","$","R","M","E"],"character_chosen":"IRONCLAD","items_purchased":["Corruption","Potion Belt"],"campfire_rested":0,"item_purchase_floors":[11,11],"current_hp_per_floor":[74,75,75,75,56,56,30,26,26,26,26,26,21,4],"gold":223,"neow_bonus":"THREE_ENEMY_KILL","is_prod":false,"is_daily":false,"chose_seed":false,"campfire_upgraded":2,"win_rate":0,"timestamp":1563437533,"path_taken":["M","?","M","?","M","R","E","M","T","?","$","R","?","E"],"build_version":"2019-07-17","purchased_purges":1,"victory":false,"max_hp_per_floor":[75,75,75,75,75,75,75,75,75,75,75,75,75,75],"card_choices":[{"not_picked":["Armaments","Entrench","Sword Boomerang"],"picked":"SKIP","floor":1},{"not_picked":["Blood for Blood","Shockwave"],"picked":"Inflame","floor":2},{"not_picked":["Wild Strike","Iron Wave"],"picked":"Spot Weakness","floor":3},{"not_picked":["True Grit","Havoc","Anger"],"picked":"SKIP","floor":5},{"not_picked":["True Grit","Havoc"],"picked":"Anger","floor":5},{"not_picked":["Warcry","Clothesline"],"picked":"Limit Break","floor":7},{"not_picked":["Flex","Clash"],"picked":"Shrug It Off","floor":8},{"not_picked":["Cleave","Perfected Strike","Thunderclap"],"picked":"SKIP","floor":13}],"player_experience":1086941,"relics_obtained":[{"floor":7,"key":"Matryoshka"},{"floor":9,"key":"War Paint"},{"floor":9,"key":"Bird Faced Urn"}],"event_choices":[{"damage_healed":0,"gold_gain":0,"player_choice":"Ignored","damage_taken":0,"max_hp_gain":0,"max_hp_loss":0,"event_name":"Liars Game","floor":4,"gold_loss":0},{"damage_healed":0,"gold_gain":275,"player_choice":"Desecrate","damage_taken":0,"max_hp_gain":0,"max_hp_loss":0,"event_name":"Golden Shrine","floor":10,"gold_loss":0,"cards_obtained":["Regret"]}],"is_beta":false,"boss_relics":[],"items_purged_floors":[11],"is_endless":false,"potions_floor_spawned":[2,13],"killed_by":"3 Sentries","ascension_level":20}