{"gold_per_floor":[109,127,137,147,22,22,52,62,89,114,129,129,204,222,222,299,299,311,24,57,57],"floor_reached":21,"playtime":891,"items_purged":["Normality","Bash"],"score":382,"play_id":"f52d768c-ba6d-40a4-907a-db9628c343e2","local_time":"20190628013247","is_ascension_mode":true,"campfire_choices":[{"data":"Carnage","floor":6.0,"key":"SMITH"},{"data":"Bludgeon","floor":12.0,"key":"SMITH"},{"data":"Anger","floor":15.0,"key":"SMITH"}],"neow_cost":"CURSE","seed_source_timestamp":84233406727300,"circlet_count":0,"master_deck":["AscendersBane","True Grit","Carnage+1","Shrug It Off","Seeing Red","Anger+1","Second Wind","Bludgeon+1","Ghostly Armor","Shockwave","Demon Form","Demon Form","Perfected Strike","Carnage","Exhume","Seeing Red","Dark Embrace","Barricade","Fiend Fire","Warcry","Armaments","Sentinel","Havoc"],"special_seed":0,"relics":["Burning Blood","Unceasing Top","Smiling Mask","Lantern","Anchor","Pandora\u0027s Box","PreservedInsect","Red Mask"],"potions_floor_usage":[16,16,20],"damage_taken":[{"damage":1.0,"enemies":"Cultist","floor":1.0,"turns":3.0},{"damage":5.0,"enemies":"Small Slimes","floor":2.0,"turns":3.0},{"damage":19.0,"enemies":"Jaw Worm","floor":3.0,"turns":4.0},{"damage":1.0,"enemies":"3 Louse","floor":4.0,"turns":3.0},{"damage":30.0,"enemies":"Lagavulin","floor":7.0,"turns":10.0},{"damage":19.0,"enemies":"Exordium Thugs","floor":8.0,"turns":5.0},{"damage":8.0,"enemies":"Gremlin Nob","floor":10.0,"turns":3.0},{"damage":11.0,"enemies":"2 Fungi Beasts","floor":11.0,"turns":3.0},{"damage":0.0,"enemies":"Looter","floor":14.0,"turns":2.0},{"damage":12,"enemies":"Slime Boss","floor":16,"turns":10},{"damage":22,"enemies":"Shell Parasite","floor":18,"turns":5},{"damage":35,"enemies":"Masked Bandits","floor":20,"turns":4},{"damage":13,"enemies":"3 Byrds","floor":21,"turns":4}],"seed_played":"-6905694587970641975","potions_obtained":[{"floor":2.0,"key":"Fruit Juice"},{"floor":3.0,"key":"SteroidPotion"},{"floor":8.0,"key":"Swift Potion"},{"floor":11.0,"key":"Block Potion"},{"floor":14.0,"key":"Swift Potion"},{"floor":18,"key":"Swift Potion"}],"is_trial":false,"path_per_floor":["M","M","M","M","$","R","E","M","T","E","M","R","?","M","R","B",null,"M","$","?","M"],"character_chosen":"IRONCLAD","items_purchased":["Anger","PreservedInsect","Sentinel"],"campfire_rested":0,"item_purchase_floors":[5,19,19],"current_hp_per_floor":[73,79,66,71,71,71,47,34,34,32,27,27,16,22,22,16,64,48,48,19,6],"gold":57,"neow_bonus":"ONE_RARE_RELIC","is_prod":false,"is_daily":false,"chose_seed":false,"campfire_upgraded":3,"win_rate":0,"timestamp":1561653167,"path_taken":["M","?","M","?","$","R","E","M","T","E","M","R","?","M","R","BOSS","M","$","?","M"],"build_version":"2019-01-23","purchased_purges":2,"victory":false,"max_hp_per_floor":[75,80,80,80,80,80,80,80,80,80,80,80,80,80,80,80,80,80,80,80,80],"card_choices":[{"not_picked":["Rampage","Flex"],"picked":"True Grit","floor":1.0},{"not_picked":["Warcry","Armaments"],"picked":"Carnage","floor":2.0},{"not_picked":["Infernal Blade","Pommel Strike"],"picked":"Shrug It Off","floor":3.0},{"not_picked":["Shrug It Off","Flex"],"picked":"Seeing Red","floor":4.0},{"not_picked":["Sentinel","Havoc"],"picked":"Second Wind","floor":7.0},{"not_picked":["Hemokinesis","Clash"],"picked":"Bludgeon","floor":8.0},{"not_picked":["Flex","Rupture"],"picked":"Ghostly Armor","floor":10.0},{"not_picked":["Carnage","Sword Boomerang","Rupture"],"picked":"SKIP","floor":11.0},{"not_picked":["Battle Trance","Thunderclap"],"picked":"Shockwave","floor":14.0},{"not_picked":["Immolate","Dark Embrace"],"picked":"Demon Form","floor":16},{"not_picked":["Shrug It Off","Havoc"],"picked":"Armaments","floor":18},{"not_picked":["Demon Form","True Grit"],"picked":"Havoc","floor":20}],"player_experience":855921,"relics_obtained":[{"floor":7.0,"key":"Smiling Mask"},{"floor":9.0,"key":"Lantern"},{"floor":10.0,"key":"Anchor"},{"floor":20,"key":"Red Mask"}],"event_choices":[{"damage_healed":0.0,"max_hp_gain":0.0,"max_hp_loss":0.0,"gold_gain":75.0,"event_name":"World of Goop","player_choice":"Gather Gold","floor":13.0,"gold_loss":0.0,"damage_taken":11.0},{"damage_healed":0,"gold_gain":0,"player_choice":"Fought Bandits","damage_taken":0,"max_hp_gain":0,"max_hp_loss":0,"event_name":"Masked Bandits","floor":20,"gold_loss":0}],"is_beta":false,"boss_relics":[{"not_picked":["Calling Bell","Empty Cage"],"picked":"Pandora\u0027s Box"}],"items_purged_floors":[5,19],"is_endless":false,"potions_floor_spawned":[2,3,8,11,14,18],"killed_by":"3 Byrds","ascension_level":20}