{"gold_per_floor":[110,42,56,56,72,106,106,116,186,202,221,221,235,20,20,124,124,141,156,174,186,7,7,17,17,67,85,99,99],"floor_reached":29,"playtime":2987,"items_purged":["Defend_G","Strike_G"],"score":233,"play_id":"7a3b8bc7-ec3a-4750-a586-b0e8bfd7932f","local_time":"20190218184316","is_ascension_mode":false,"campfire_choices":[{"floor":7.0,"key":"REST"},{"floor":12.0,"key":"REST"},{"data":"Infinite Blades","floor":15.0,"key":"SMITH"},{"floor":23,"key":"REST"},{"floor":25,"key":"REST"}],"neow_cost":"NONE","seed_source_timestamp":83360354089229,"circlet_count":0,"master_deck":["Defend_G","Defend_G","Defend_G","Defend_G","Strike_G","Strike_G","Strike_G","Strike_G","Survivor","Neutralize","Grand Finale","Well Laid Plans","Infinite Blades+1","Neutralize","Prepared","Die Die Die","Accuracy","After Image","Masterful Stab","Terror+1","Escape Plan","Grand Finale"],"special_seed":0,"relics":["Ring of the Snake","Unceasing Top","Letter Opener","Lizard Tail"],"potions_floor_usage":[19,20,21,24,28],"damage_taken":[{"damage":1.0,"enemies":"Cultist","floor":1.0,"turns":4.0},{"damage":2.0,"enemies":"Jaw Worm","floor":3.0,"turns":5.0},{"damage":0.0,"enemies":"2 Louse","floor":5.0,"turns":3.0},{"damage":29.0,"enemies":"Gremlin Nob","floor":6.0,"turns":6.0},{"damage":7.0,"enemies":"Lots of Slimes","floor":8.0,"turns":6.0},{"damage":0.0,"enemies":"Red Slaver","floor":10.0,"turns":3.0},{"damage":0.0,"enemies":"3 Louse","floor":11.0,"turns":2.0},{"damage":0.0,"enemies":"Large Slime","floor":13.0,"turns":3.0},{"damage":41.0,"enemies":"The Guardian","floor":16.0,"turns":11.0},{"damage":11.0,"enemies":"Spheric Guardian","floor":18.0,"turns":6.0},{"damage":1,"enemies":"3 Byrds","floor":19,"turns":4},{"damage":18,"enemies":"Snecko","floor":20,"turns":7},{"damage":26,"enemies":"Snake Plant","floor":21,"turns":10},{"damage":25,"enemies":"Shelled Parasite and Fungi","floor":24,"turns":10},{"damage":31,"enemies":"Snecko","floor":27,"turns":6},{"damage":6,"enemies":"Snake Plant","floor":28,"turns":5},{"damage":0,"enemies":"3 Cultists","floor":29,"turns":1}],"seed_played":"8748298801008584099","potions_obtained":[{"floor":1.0,"key":"GhostInAJar"},{"floor":6.0,"key":"EssenceOfSteel"},{"floor":8.0,"key":"EssenceOfSteel"},{"floor":13.0,"key":"SneckoOil"},{"floor":18.0,"key":"GamblersBrew"},{"floor":24,"key":"Weak Potion"},{"floor":27,"key":"EssenceOfSteel"}],"is_trial":false,"path_per_floor":["M","$","M","?","M","E","R","M","T","M","M","R","M","$","R","B",null,"M","M","M","M","$","R","M","R","T","M","M","M"],"character_chosen":"THE_SILENT","items_purchased":["Infinite Blades","LiquidBronze","Accuracy","Regen Potion"],"campfire_rested":4,"item_purchase_floors":[2,14,14,22],"current_hp_per_floor":[69,69,67,67,67,38,59,52,52,52,52,70,70,70,70,29,70,59,58,40,14,14,35,25,46,46,15,9,9],"gold":99,"neow_bonus":"ONE_RANDOM_RARE_CARD","is_prod":false,"is_daily":false,"chose_seed":false,"campfire_upgraded":1,"win_rate":0,"timestamp":1550508196,"path_taken":["M","?","M","?","M","E","R","?","T","M","M","R","M","$","R","BOSS","M","M","?","M","$","R","M","R","T","M","M","?"],"build_version":"2019-01-23","purchased_purges":2,"victory":false,"max_hp_per_floor":[70,70,70,70,70,70,70,70,70,70,70,70,70,70,70,70,70,70,70,70,70,70,70,70,70,70,70,70,70],"card_choices":[{"not_picked":["Outmaneuver","Cloak And Dagger"],"picked":"Well Laid Plans","floor":1.0},{"not_picked":["Acrobatics","Deadly Poison","Sucker Punch"],"picked":"SKIP","floor":3.0},{"not_picked":["Backflip","Dash","Concentrate"],"picked":"SKIP","floor":5.0},{"not_picked":["Poisoned Stab","Underhanded Strike"],"picked":"Prepared","floor":6.0},{"not_picked":["Deadly Poison","PiercingWail","Cloak And Dagger"],"picked":"SKIP","floor":8.0},{"not_picked":["Expertise","Cloak And Dagger"],"picked":"Die Die Die","floor":10.0},{"not_picked":["Dagger Throw","Sucker Punch","Flying Knee"],"picked":"SKIP","floor":11.0},{"not_picked":["Cloak And Dagger","Crippling Poison","Underhanded Strike"],"picked":"SKIP","floor":13.0},{"not_picked":["Grand Finale","Phantasmal Killer"],"picked":"After Image","floor":16.0},{"not_picked":["Dodge and Roll+1","Leg Sweep","Underhanded Strike"],"picked":"SKIP","floor":18.0},{"not_picked":["PiercingWail","Poisoned Stab+1","Reflex"],"picked":"SKIP","floor":19},{"not_picked":["Eviscerate","PiercingWail","Quick Slash"],"picked":"SKIP","floor":20},{"not_picked":["Quick Slash+1","Underhanded Strike"],"picked":"Masterful Stab","floor":21},{"not_picked":["Dodge and Roll","Poisoned Stab"],"picked":"Terror+1","floor":24},{"not_picked":["Dodge and Roll","Poisoned Stab"],"picked":"Escape Plan","floor":27},{"not_picked":["Cloak And Dagger+1","Noxious Fumes"],"picked":"Grand Finale","floor":28}],"player_experience":968759,"relics_obtained":[{"floor":6.0,"key":"Unceasing Top"},{"floor":9.0,"key":"Letter Opener"}],"event_choices":[{"damage_healed":0.0,"max_hp_gain":0.0,"max_hp_loss":0.0,"gold_gain":0.0,"event_name":"Match and Keep!","player_choice":"1 cards matched","floor":4.0,"gold_loss":0.0,"damage_taken":0.0,"cards_obtained":["Neutralize"]}],"is_beta":false,"boss_relics":[{"not_picked":["Runic Pyramid","Pandora\u0027s Box"],"picked":"Lizard Tail"}],"items_purged_floors":[14,22],"is_endless":false,"potions_floor_spawned":[1,6,8,13,18,24,27],"killed_by":"3 Cultists","ascension_level":0}