{"gold_per_floor":[110,110,124,49,49,49,77,93,118,151,151,151,178,191,191,191],"floor_reached":16,"playtime":358,"items_purged":["Strike_R"],"score":286,"play_id":"0b2897ee-91cb-40f8-873e-069de9b935d3","local_time":"20190728133250","is_ascension_mode":true,"campfire_choices":[{"data":"Armaments","floor":6,"key":"SMITH"},{"floor":15,"key":"REST"}],"neow_cost":"NONE","seed_source_timestamp":770877725169400,"circlet_count":0,"master_deck":["AscendersBane","Strike_R","Strike_R","Defend_R","Defend_R","Defend_R+1","Defend_R+1","Bash","Shrug It Off","Armaments+1","Anger","Reaper","Pommel Strike","Offering"],"relics":["Burning Blood","NeowsBlessing","Ancient Tea Set","Smiling Mask","Potion Belt","Regal Pillow","Happy Flower"],"potions_floor_usage":[10,13,16],"damage_taken":[{"damage":0,"enemies":"2 Louse","floor":1,"turns":1},{"damage":0,"enemies":"Jaw Worm","floor":3,"turns":1},{"damage":0,"enemies":"3 Sentries","floor":7,"turns":2},{"damage":3,"enemies":"Small Slimes","floor":8,"turns":4},{"damage":24,"enemies":"Lagavulin","floor":10,"turns":9},{"damage":25,"enemies":"Gremlin Nob","floor":13,"turns":4},{"damage":12,"enemies":"3 Louse","floor":14,"turns":3},{"damage":54,"enemies":"Slime Boss","floor":16,"turns":8}],"seed_played":"5533580287083473694","potions_obtained":[{"floor":1,"key":"Ancient Potion"},{"floor":3,"key":"Swift Potion"},{"floor":14,"key":"FearPotion"}],"is_trial":false,"path_per_floor":["M","?","M","$","?","R","E","M","T","E","?","?","E","M","R","B"],"character_chosen":"IRONCLAD","items_purchased":[],"campfire_rested":1,"item_purchase_floors":[],"current_hp_per_floor":[74,74,75,75,52,52,58,69,69,51,44,33,18,18,55,1],"gold":191,"neow_bonus":"THREE_ENEMY_KILL","is_prod":false,"is_daily":false,"chose_seed":false,"campfire_upgraded":1,"win_rate":0,"timestamp":1564288370,"path_taken":["M","?","M","$","?","R","E","M","T","E","?","?","E","M","R","BOSS"],"build_version":"2019-07-17","purchased_purges":1,"victory":false,"max_hp_per_floor":[75,75,75,75,75,75,75,75,75,75,75,75,75,75,75,75],"card_choices":[{"not_picked":["Rage","Flex"],"picked":"Shrug It Off","floor":1},{"not_picked":["Flex","Body Slam"],"picked":"Anger","floor":3},{"not_picked":["Anger","Wild Strike"],"picked":"Reaper","floor":7},{"not_picked":["Iron Wave","Pummel","Wild Strike"],"picked":"SKIP","floor":8},{"not_picked":["Warcry","Entrench"],"picked":"Pommel Strike","floor":10},{"not_picked":["Clash","Infernal Blade"],"picked":"Offering","floor":13},{"not_picked":["Heavy Blade","Iron Wave","Body Slam"],"picked":"SKIP","floor":14}],"player_experience":1253933,"relics_obtained":[{"floor":7,"key":"Ancient Tea Set"},{"floor":9,"key":"Smiling Mask"},{"floor":10,"key":"Potion Belt"},{"floor":13,"key":"Happy Flower"}],"event_choices":[{"damage_healed":0,"gold_gain":0,"cards_transformed":["Strike_R"],"player_choice":"Change","damage_taken":0,"max_hp_gain":0,"max_hp_loss":0,"event_name":"Living Wall","floor":2,"gold_loss":0,"cards_obtained":["Armaments"]},{"damage_healed":0,"gold_gain":0,"player_choice":"Entered Light","damage_taken":23,"max_hp_gain":0,"max_hp_loss":0,"event_name":"Shining Light","floor":5,"gold_loss":0,"cards_upgraded":["Defend_R","Defend_R"]},{"cards_removed":["Strike_R"],"damage_healed":0,"gold_gain":0,"player_choice":"Card Removal","damage_taken":7,"max_hp_gain":0,"max_hp_loss":0,"event_name":"Golden Wing","floor":11,"gold_loss":0},{"damage_healed":0,"gold_gain":0,"player_choice":"Success","damage_taken":11,"relics_obtained":["Regal Pillow"],"max_hp_gain":0,"max_hp_loss":0,"event_name":"Scrap Ooze","floor":12,"gold_loss":0}],"is_beta":false,"boss_relics":[],"items_purged_floors":[4],"is_endless":false,"potions_floor_spawned":[1,3,14],"killed_by":"Slime Boss","ascension_level":20}