{"gold_per_floor":[116,116,128,128,141,167,167,198,198,4,31,31,31,31],"floor_reached":14,"playtime":354,"items_purged":[],"score":212,"play_id":"b83b9034-ee40-4a66-bb37-a3461cfcd53d","local_time":"20190715180336","is_ascension_mode":true,"campfire_choices":[{"data":"Consume","floor":7,"key":"SMITH"},{"floor":12,"key":"REST"}],"neow_cost":"NONE","seed_source_timestamp":231734258269500,"circlet_count":0,"master_deck":["AscendersBane","Strike_B+1","Strike_B","Strike_B","Defend_B","Defend_B","Defend_B+1","Defend_B+1","Zap","Dualcast","Cold Snap+1","Consume+1","Conserve Battery","Cold Snap","Coolheaded","Ball Lightning"],"relics":["Cracked Core","NeowsBlessing","War Paint","Letter Opener","Whetstone","Blood Vial","Omamori","Orichalcum"],"potions_floor_usage":[8,8],"damage_taken":[{"damage":0,"enemies":"Jaw Worm","floor":1,"turns":1},{"damage":0,"enemies":"2 Louse","floor":3,"turns":1},{"damage":0,"enemies":"Cultist","floor":5,"turns":1},{"damage":8,"enemies":"Lagavulin","floor":6,"turns":9},{"damage":34,"enemies":"Gremlin Nob","floor":8,"turns":4},{"damage":15,"enemies":"3 Sentries","floor":11,"turns":8},{"damage":8,"enemies":"Exordium Thugs","floor":14,"turns":1}],"seed_played":"1190754767441279235","potions_obtained":[{"floor":3,"key":"AttackPotion"},{"floor":5,"key":"SteroidPotion"},{"floor":6,"key":"Swift Potion"}],"is_trial":false,"path_per_floor":["M","?","M","?","M","E","R","E","T","$","E","R","?","M"],"character_chosen":"DEFECT","items_purchased":["Omamori","Coolheaded"],"campfire_rested":1,"item_purchase_floors":[10,10],"current_hp_per_floor":[64,57,57,57,57,49,49,15,15,15,2,23,5,0],"gold":31,"neow_bonus":"THREE_ENEMY_KILL","is_prod":false,"is_daily":false,"chose_seed":false,"campfire_upgraded":1,"win_rate":0,"timestamp":1563181416,"path_taken":["M","?","M","?","?","E","R","E","T","?","E","R","?","?"],"build_version":"2019-07-05","purchased_purges":0,"victory":false,"max_hp_per_floor":[71,71,71,71,71,71,71,71,71,71,71,71,71,71],"card_choices":[{"not_picked":["Go for the Eyes","Compile Driver","Chaos"],"picked":"SKIP","floor":1},{"not_picked":["Undo","Turbo"],"picked":"Cold Snap","floor":3},{"not_picked":["Cold Snap","Static Discharge"],"picked":"Consume","floor":5},{"not_picked":["Reprogram","All For One"],"picked":"Conserve Battery","floor":6},{"not_picked":["Redo","Genetic Algorithm"],"picked":"Cold Snap","floor":8},{"not_picked":["Steam","Turbo"],"picked":"Ball Lightning","floor":11}],"player_experience":1046004,"relics_obtained":[{"floor":6,"key":"Letter Opener"},{"floor":8,"key":"Whetstone"},{"floor":9,"key":"Blood Vial"},{"floor":11,"key":"Orichalcum"}],"event_choices":[{"cards_removed":["Strike_B"],"damage_healed":0,"gold_gain":0,"player_choice":"Card Removal","damage_taken":7,"max_hp_gain":0,"max_hp_loss":0,"event_name":"Golden Wing","floor":2,"gold_loss":0},{"damage_healed":0,"gold_gain":0,"player_choice":"Gave Potion","damage_taken":0,"relics_obtained":["War Paint"],"max_hp_gain":0,"max_hp_loss":0,"event_name":"WeMeetAgain","floor":4,"gold_loss":0},{"damage_healed":0,"gold_gain":0,"player_choice":"Fled","damage_taken":18,"max_hp_gain":0,"max_hp_loss":0,"event_name":"Scrap Ooze","floor":13,"gold_loss":0}],"is_beta":false,"boss_relics":[],"items_purged_floors":[],"is_endless":false,"potions_floor_spawned":[3,5,6],"killed_by":"Exordium Thugs","ascension_level":20}