{"gold_per_floor":[110,123,123,48,58,58,87,87,111,138,138,138,155,169,169,243,243,254,267,167,187,187,198,198],"floor_reached":24,"playtime":1047,"items_purged":["Strike_G","Strike_G"],"score":416,"play_id":"e32a0c32-3f41-4ec9-af17-0af2bc804018","local_time":"20190714164735","is_ascension_mode":true,"campfire_choices":[{"data":"Predator","floor":6,"key":"SMITH"},{"data":"Neutralize","floor":8,"key":"SMITH"},{"data":"Well Laid Plans","floor":11,"key":"SMITH"},{"data":"Calculated Gamble","floor":15,"key":"SMITH"}],"neow_cost":"NONE","seed_source_timestamp":140078110312600,"circlet_count":0,"master_deck":["AscendersBane","Strike_G","Strike_G","Defend_G","Defend_G","Defend_G","Defend_G","Defend_G","Survivor","Neutralize+1","Well Laid Plans+1","Predator+1","Terror","Backflip","Riddle With Holes","Deflect","Calculated Gamble+1","Glass Knife","Concentrate","Backstab","Caltrops","Reflex"],"relics":["Ring of the Snake","Anchor","Boot","Blood Vial","Happy Flower","Runic Dome"],"potions_floor_usage":[16,16,24,24],"damage_taken":[{"damage":0,"enemies":"Jaw Worm","floor":1,"turns":4},{"damage":1,"enemies":"Cultist","floor":2,"turns":4},{"damage":0,"enemies":"Small Slimes","floor":5,"turns":3},{"damage":12,"enemies":"Lagavulin","floor":7,"turns":7},{"damage":24,"enemies":"Gremlin Nob","floor":10,"turns":4},{"damage":0,"enemies":"Blue Slaver","floor":13,"turns":3},{"damage":0,"enemies":"3 Louse","floor":14,"turns":4},{"damage":23,"enemies":"Slime Boss","floor":16,"turns":10},{"damage":0,"enemies":"Spheric Guardian","floor":18,"turns":3},{"damage":3,"enemies":"3 Byrds","floor":19,"turns":3},{"damage":3,"enemies":"Snake Plant","floor":21,"turns":3},{"damage":8,"enemies":"3 Cultists","floor":23,"turns":6},{"damage":50,"enemies":"Gremlin Leader","floor":24,"turns":7}],"seed_played":"-6809651588782257836","potions_obtained":[{"floor":5,"key":"GamblersBrew"},{"floor":13,"key":"GhostInAJar"},{"floor":16,"key":"PowerPotion"},{"floor":19,"key":"GamblersBrew"}],"is_trial":false,"path_per_floor":["M","M","?","$","M","R","E","R","T","E","R","?","M","M","R","B",null,"M","M","$","M","?","M","E"],"character_chosen":"THE_SILENT","items_purchased":[],"campfire_rested":0,"item_purchase_floors":[],"current_hp_per_floor":[59,58,58,58,58,58,46,46,46,24,24,24,26,28,28,7,51,53,52,52,51,51,45,0],"gold":198,"neow_bonus":"RANDOM_COMMON_RELIC","is_prod":false,"is_daily":false,"chose_seed":false,"campfire_upgraded":4,"win_rate":0,"timestamp":1563090455,"path_taken":["M","M","?","$","?","R","E","R","T","E","R","?","M","M","R","BOSS","M","M","$","M","?","M","E"],"build_version":"2019-07-05","purchased_purges":2,"victory":false,"max_hp_per_floor":[66,66,66,66,66,66,66,66,66,66,66,66,66,66,66,66,66,66,66,66,66,66,66,66],"card_choices":[{"not_picked":["Dagger Throw","Riddle With Holes"],"picked":"Well Laid Plans","floor":1},{"not_picked":["Calculated Gamble","Backflip"],"picked":"Predator","floor":2},{"not_picked":["Endless Agony","Eviscerate"],"picked":"Backflip","floor":5},{"not_picked":["PiercingWail","Distraction"],"picked":"Riddle With Holes","floor":7},{"not_picked":["Skewer","Predator","Flying Knee"],"picked":"SKIP","floor":10},{"not_picked":["Infinite Blades","Bane","Outmaneuver"],"picked":"SKIP","floor":13},{"not_picked":["Prepared","Quick Slash"],"picked":"Calculated Gamble","floor":14},{"not_picked":["Tools of the Trade","Doppelganger"],"picked":"Glass Knife","floor":16},{"not_picked":["Dagger Throw","Poisoned Stab"],"picked":"Concentrate","floor":18},{"not_picked":["Poisoned Stab","Sucker Punch"],"picked":"Backstab","floor":19},{"not_picked":["Quick Slash+1","Dodge and Roll"],"picked":"Caltrops","floor":21},{"not_picked":["Cloak And Dagger","Blur+1"],"picked":"Reflex","floor":23}],"player_experience":1033255,"relics_obtained":[{"floor":7,"key":"Boot"},{"floor":9,"key":"Blood Vial"},{"floor":10,"key":"Happy Flower"}],"event_choices":[{"damage_healed":0,"gold_gain":0,"player_choice":"1 cards matched","damage_taken":0,"max_hp_gain":0,"max_hp_loss":0,"event_name":"Match and Keep!","floor":3,"gold_loss":0,"cards_obtained":["Terror"]},{"damage_healed":0,"gold_gain":0,"cards_transformed":["Strike_G"],"player_choice":"Change","damage_taken":0,"max_hp_gain":0,"max_hp_loss":0,"event_name":"Living Wall","floor":12,"gold_loss":0,"cards_obtained":["Deflect"]},{"damage_healed":0,"gold_gain":0,"player_choice":"Ignored","damage_taken":0,"max_hp_gain":0,"max_hp_loss":0,"event_name":"The Mausoleum","floor":22,"gold_loss":0}],"is_beta":false,"boss_relics":[{"not_picked":["Lizard Tail","Fusion Hammer"],"picked":"Runic Dome"}],"items_purged_floors":[4,20],"is_endless":false,"potions_floor_spawned":[5,13,16,19,21],"killed_by":"Gremlin Leader","ascension_level":20}