{"gold_per_floor":[114,39,39,39,58,83,53,53,101,119,154,167,199,217,217,292,292,312,312,330,330,345,375,375,401,413,425],"floor_reached":27,"playtime":545,"items_purged":[],"score":692,"play_id":"1a90d79b-c1d1-449a-8e2b-fa4095fd48bf","local_time":"20190613153005","is_ascension_mode":true,"campfire_choices":[{"data":"Whirlwind","floor":8,"key":"SMITH"},{"data":"Immolate","floor":15,"key":"SMITH"},{"data":"Strike_R","floor":24,"key":"PURGE"}],"neow_cost":"NONE","seed_source_timestamp":1866391636400,"circlet_count":0,"master_deck":["AscendersBane","Strike_R","Strike_R+1","Strike_R","Strike_R","Defend_R","Defend_R+1","Defend_R","Defend_R","Bash","Whirlwind+1","Feel No Pain","Carnage","Immolate+1","Shockwave","Feel No Pain+1","Double Tap","Corruption+1","Entrench+1","Armaments","Offering","Spot Weakness"],"relics":["Burning Blood","NeowsBlessing","Red Skull","Omamori","Frozen Egg 2","Juzu Bracelet","Fusion Hammer","Peace Pipe","Blue Candle","MawBank"],"potions_floor_usage":[13,13,16,25,25],"damage_taken":[{"damage":0,"enemies":"Jaw Worm","floor":1,"turns":1},{"damage":0,"enemies":"Small Slimes","floor":5,"turns":1},{"damage":0,"enemies":"3 Sentries","floor":6,"turns":2},{"damage":7,"enemies":"Cultist","floor":10,"turns":4},{"damage":53,"enemies":"Gremlin Nob","floor":11,"turns":5},{"damage":11,"enemies":"Blue Slaver","floor":12,"turns":4},{"damage":12,"enemies":"3 Sentries","floor":13,"turns":4},{"damage":0,"enemies":"Gremlin Gang","floor":14,"turns":1},{"damage":0,"enemies":"Slime Boss","floor":16,"turns":4},{"damage":24,"enemies":"Shell Parasite","floor":18,"turns":4},{"damage":17,"enemies":"Spheric Guardian","floor":20,"turns":4},{"damage":2,"enemies":"3 Cultists","floor":22,"turns":3},{"damage":7,"enemies":"Book of Stabbing","floor":23,"turns":5},{"damage":39,"enemies":"Gremlin Leader","floor":25,"turns":4},{"damage":10,"enemies":"Book of Stabbing","floor":27,"turns":2}],"seed_played":"-8193090252992439624","potions_obtained":[{"floor":1,"key":"Regen Potion"},{"floor":7,"key":"Regen Potion"},{"floor":14,"key":"Strength Potion"},{"floor":16,"key":"PowerPotion"},{"floor":22,"key":"Explosive Potion"},{"floor":25,"key":"SteroidPotion"}],"is_trial":false,"path_per_floor":["M","$","?","?","M","E","?","R","T","M","E","M","E","M","R","B",null,"M","?","M","?","M","E","R","E","T","E"],"character_chosen":"IRONCLAD","items_purchased":["Feel No Pain"],"campfire_rested":0,"item_purchase_floors":[2],"current_hp_per_floor":[74,74,51,51,57,63,63,63,63,62,15,10,31,37,37,43,67,49,49,38,38,42,41,41,8,8,0],"gold":425,"neow_bonus":"THREE_ENEMY_KILL","is_prod":false,"is_daily":false,"chose_seed":false,"campfire_upgraded":2,"win_rate":0,"timestamp":1560407405,"path_taken":["M","$","?","?","?","E","?","R","T","M","E","M","E","M","R","BOSS","M","?","M","?","M","E","R","E","T","E"],"build_version":"2019-01-23","purchased_purges":0,"victory":false,"max_hp_per_floor":[75,75,75,75,75,75,75,75,75,75,75,75,75,75,75,75,75,75,75,75,75,75,75,75,75,75,75],"card_choices":[{"not_picked":["Havoc","Disarm"],"picked":"Whirlwind","floor":1},{"not_picked":["Sword Boomerang","Rampage","Clothesline"],"picked":"SKIP","floor":5},{"not_picked":["Perfected Strike","Whirlwind","Rage"],"picked":"SKIP","floor":6},{"not_picked":["Heavy Blade","Entrench","Twin Strike"],"picked":"SKIP","floor":10},{"not_picked":["Anger","Ghostly Armor"],"picked":"Carnage","floor":11},{"not_picked":["Dropkick","Sword Boomerang"],"picked":"Immolate","floor":12},{"not_picked":["Sentinel","Flame Barrier"],"picked":"Shockwave","floor":13},{"not_picked":["Wild Strike","Heavy Blade"],"picked":"Feel No Pain+1","floor":14},{"not_picked":["Juggernaut+1","Exhume"],"picked":"Double Tap","floor":16},{"not_picked":["Sentinel","Perfected Strike+1","Clash"],"picked":"SKIP","floor":18},{"not_picked":["Pommel Strike","Sword Boomerang+1"],"picked":"Entrench+1","floor":20},{"not_picked":["Ghostly Armor","Havoc"],"picked":"Armaments","floor":22},{"not_picked":["Armaments","Clash"],"picked":"Offering","floor":23},{"not_picked":["Battle Trance","Corruption+1"],"picked":"Spot Weakness","floor":25}],"player_experience":627092,"relics_obtained":[{"floor":6,"key":"Red Skull"},{"floor":9,"key":"Omamori"},{"floor":11,"key":"Frozen Egg 2"},{"floor":13,"key":"Juzu Bracelet"},{"floor":23,"key":"Blue Candle"},{"floor":25,"key":"MawBank"}],"event_choices":[{"damage_healed":0,"gold_gain":0,"player_choice":"Entered Light","damage_taken":23,"max_hp_gain":0,"max_hp_loss":0,"event_name":"Shining Light","floor":3,"gold_loss":0,"cards_upgraded":["Defend_R","Strike_R"]},{"damage_healed":0,"gold_gain":0,"player_choice":"0 cards matched","damage_taken":0,"max_hp_gain":0,"max_hp_loss":0,"event_name":"Match and Keep!","floor":4,"gold_loss":0,"cards_obtained":[]},{"damage_healed":0,"gold_gain":0,"player_choice":"Bought 2 Potions","damage_taken":0,"max_hp_gain":0,"max_hp_loss":0,"event_name":"The Woman in Blue","floor":7,"gold_loss":0},{"damage_healed":0,"gold_gain":0,"player_choice":"Read","damage_taken":0,"max_hp_gain":0,"max_hp_loss":0,"event_name":"The Library","floor":19,"gold_loss":0,"cards_obtained":["Corruption"]},{"damage_healed":0,"gold_gain":0,"player_choice":"Opened","damage_taken":0,"relics_obtained":["Peace Pipe"],"max_hp_gain":0,"max_hp_loss":0,"event_name":"The Mausoleum","floor":21,"gold_loss":0,"cards_obtained":["Writhe"]}],"is_beta":false,"boss_relics":[{"not_picked":["Lizard Tail","Coffee Dripper"],"picked":"Fusion Hammer"}],"items_purged_floors":[],"is_endless":false,"potions_floor_spawned":[1,11,14,16,22,25],"killed_by":"Book of Stabbing","ascension_level":20}