{"gold_per_floor":[360,10,24,36,36,36,67,67,90,165,165,200,200,125,125,215,215,230,230,280,294,294,294,294,294,594,625,641,665,703,753,753,849,849,872,997,967,138,158,191,191,234,234,234,234,254,273,316,316,316,316,316,316,69,104,104],"floor_reached":57,"playtime":2821,"items_purged":["Writhe","Bash+1","Strike_R+1"],"score":2889,"play_id":"efd3c393-1cdf-41ae-ad12-d7a1a94e086d","local_time":"20190701172643","is_ascension_mode":true,"campfire_choices":[{"data":"Bash","floor":6.0,"key":"SMITH"},{"data":"Rampage","floor":8.0,"key":"SMITH"},{"data":"True Grit","floor":13.0,"key":"SMITH"},{"data":"Evolve","floor":15.0,"key":"SMITH"},{"floor":23,"key":"REST"},{"floor":25,"key":"REST"},{"data":"Entrench","floor":32,"key":"SMITH"},{"data":"Power Through","floor":41,"key":"SMITH"},{"data":"Shrug It Off","floor":44,"key":"SMITH"},{"floor":49,"key":"RECALL"},{"data":"Reaper","floor":53,"key":"SMITH"}],"neow_cost":"CURSE","seed_source_timestamp":202731567273000,"circlet_count":0,"master_deck":["AscendersBane","Strike_R+1","Defend_R","Defend_R","Defend_R","True Grit+1","Power Through+1","Evolve+1","Rampage+1","Dark Embrace+1","Offering+1","Demon Form+1","Double Tap+1","Double Tap+1","Shrug It Off+1","Body Slam+1","Entrench+1","True Grit+1","Reaper+1","Shockwave+1","Power Through+1","Exhume"],"special_seed":0,"relics":["Burning Blood","Medical Kit","Happy Flower","Bag of Marbles","Golden Idol","Frozen Egg 2","Astrolabe","Enchiridion","Old Coin","War Paint","The Courier","Mark of Pain","OrangePellets","Ginger","Incense Burner","Potion Belt","Mercury Hourglass","Prayer Wheel","Dodecahedron"],"potions_floor_usage":[27,29,30,56,56,56,56],"damage_taken":[{"damage":5.0,"enemies":"Small Slimes","floor":1.0,"turns":4.0},{"damage":1.0,"enemies":"2 Louse","floor":3.0,"turns":4.0},{"damage":14.0,"enemies":"Jaw Worm","floor":4.0,"turns":4.0},{"damage":20.0,"enemies":"Lagavulin","floor":7.0,"turns":6.0},{"damage":13.0,"enemies":"3 Sentries","floor":12.0,"turns":10.0},{"damage":15.0,"enemies":"Hexaghost","floor":16.0,"turns":8.0},{"damage":36.0,"enemies":"Shell Parasite","floor":18.0,"turns":5.0},{"damage":6,"enemies":"Spheric Guardian","floor":21,"turns":6},{"damage":15,"enemies":"Book of Stabbing","floor":27,"turns":4},{"damage":6,"enemies":"Snake Plant","floor":28,"turns":2},{"damage":23,"enemies":"Centurion and Healer","floor":29,"turns":7},{"damage":13,"enemies":"Slavers","floor":30,"turns":5},{"damage":8,"enemies":"Automaton","floor":33,"turns":10},{"damage":0,"enemies":"3 Shapes","floor":35,"turns":6},{"damage":6,"enemies":"Mind Bloom Boss Battle","floor":36,"turns":5},{"damage":6,"enemies":"Orb Walker","floor":39,"turns":3},{"damage":6,"enemies":"Nemesis","floor":40,"turns":7},{"damage":7,"enemies":"Giant Head","floor":42,"turns":5},{"damage":1,"enemies":"Maw","floor":46,"turns":7},{"damage":6,"enemies":"3 Darklings","floor":47,"turns":6},{"damage":6,"enemies":"Nemesis","floor":48,"turns":5},{"damage":45,"enemies":"Awakened One","floor":50,"turns":12},{"damage":31,"enemies":"Donu and Deca","floor":51,"turns":14},{"damage":70,"enemies":"Shield and Spear","floor":55,"turns":9},{"damage":12,"enemies":"The Heart","floor":56,"turns":7}],"seed_played":"7348032543375266264","potions_obtained":[{"floor":1.0,"key":"Regen Potion"},{"floor":12.0,"key":"Fruit Juice"},{"floor":18.0,"key":"AttackPotion"},{"floor":27,"key":"Swift Potion"},{"floor":28,"key":"Regen Potion"},{"floor":35,"key":"SkillPotion"},{"floor":37,"key":"Dexterity Potion"},{"floor":46,"key":"Regen Potion"}],"is_trial":false,"path_per_floor":["M","$","M","M","?","R","E","R","T","?","?","E","R","?","R","B",null,"M","?","?","M","?","R","?","R","T","E","M","M","E","?","R","B",null,"M","?","?","$","M","E","R","E","T","R","?","M","M","E","R","B","B",null,"R","$","E","B",null],"character_chosen":"IRONCLAD","items_purchased":["Medical Kit","Fire Potion","OrangePellets","Power Through","Ginger","Incense Burner","Ancient Potion","FearPotion","SpeedPotion"],"campfire_rested":2,"item_purchase_floors":[2,2,38,38,38,38,54,54,54],"current_hp_per_floor":[69,69,74,66,43,43,44,44,44,33,33,31,31,31,31,22,60,30,30,23,23,2,23,23,44,44,35,35,32,25,25,25,23,61,73,73,73,73,73,73,73,73,73,73,73,73,73,73,73,73,73,73,73,73,73,73],"gold":104,"neow_bonus":"TWO_FIFTY_GOLD","is_prod":false,"is_daily":false,"chose_seed":false,"campfire_upgraded":8,"win_rate":0,"timestamp":1561969603,"path_taken":["M","$","M","M","?","R","E","R","T","?","?","E","R","?","R","BOSS","M","?","?","?","?","R","?","R","T","E","?","M","E","?","R","BOSS","M","?","?","$","?","E","R","E","T","R","?","M","M","E","R","BOSS","BOSS","R","$","E","BOSS"],"build_version":"2019-01-23","purchased_purges":3,"victory":true,"max_hp_per_floor":[75,75,75,75,75,75,75,75,75,75,68,73,73,73,73,73,73,73,73,73,73,73,73,73,73,73,73,73,73,73,73,73,73,73,73,73,73,73,73,73,73,73,73,73,73,73,73,73,73,73,73,73,73,73,73,73],"card_choices":[{"not_picked":["Twin Strike","Clothesline"],"picked":"True Grit","floor":1.0},{"not_picked":["Headbutt","Anger"],"picked":"Power Through","floor":3.0},{"not_picked":["Sentinel","Disarm"],"picked":"Evolve","floor":4.0},{"not_picked":["Havoc","Shockwave"],"picked":"Rampage","floor":7.0},{"not_picked":["Ghostly Armor","Wild Strike"],"picked":"Dark Embrace","floor":12.0},{"not_picked":["Fiend Fire","Double Tap"],"picked":"Offering","floor":16.0},{"not_picked":["Wild Strike","Clash"],"picked":"Shrug It Off","floor":18.0},{"not_picked":["Rampage","Shrug It Off"],"picked":"Body Slam","floor":21},{"not_picked":["Combust+1","Iron Wave","Clash"],"picked":"SKIP","floor":27},{"not_picked":["Havoc","True Grit"],"picked":"Entrench","floor":28},{"not_picked":["Shrug It Off","Thunderclap"],"picked":"True Grit+1","floor":29},{"not_picked":["Clash","Clothesline","Whirlwind"],"picked":"SKIP","floor":30},{"not_picked":["Exhume","Offering"],"picked":"Reaper","floor":33},{"not_picked":["Dual Wield+1","Flame Barrier","Blood for Blood+1"],"picked":"SKIP","floor":35},{"not_picked":["Wild Strike+1","Cleave"],"picked":"Shockwave+1","floor":36},{"not_picked":["Combust+1","Spot Weakness+1","Intimidate+1"],"picked":"SKIP","floor":39},{"not_picked":["Evolve+1","Havoc","Dropkick"],"picked":"SKIP","floor":40},{"not_picked":["Shrug It Off+1","Iron Wave","Demon Form+1"],"picked":"SKIP","floor":42},{"not_picked":["Flame Barrier","Iron Wave","Armaments"],"picked":"SKIP","floor":46},{"not_picked":["Heavy Blade","Pommel Strike","Clothesline"],"picked":"SKIP","floor":47},{"not_picked":["Armaments+1","Flex","Anger"],"picked":"SKIP","floor":48},{"not_picked":["Inflame+1","Cleave"],"picked":"Exhume","floor":55}],"player_experience":886751,"relics_obtained":[{"floor":7.0,"key":"Happy Flower"},{"floor":9.0,"key":"Bag of Marbles"},{"floor":12.0,"key":"Frozen Egg 2"},{"floor":22,"key":"Enchiridion"},{"floor":26,"key":"Old Coin"},{"floor":27,"key":"War Paint"},{"floor":30,"key":"The Courier"},{"floor":40,"key":"Potion Belt"},{"floor":42,"key":"Mercury Hourglass"},{"floor":48,"key":"Prayer Wheel"},{"floor":55,"key":"Dodecahedron"}],"event_choices":[{"damage_healed":0.0,"max_hp_gain":0.0,"max_hp_loss":0.0,"gold_gain":0.0,"event_name":"Shining Light","player_choice":"Entered Light","floor":5.0,"gold_loss":0.0,"damage_taken":23.0,"cards_upgraded":["Strike_R","Strike_R"]},{"damage_healed":0.0,"max_hp_gain":0.0,"max_hp_loss":0.0,"gold_gain":75.0,"event_name":"World of Goop","player_choice":"Gather Gold","floor":10.0,"gold_loss":0.0,"damage_taken":11.0},{"damage_healed":0.0,"max_hp_gain":0.0,"max_hp_loss":7.0,"gold_gain":0.0,"event_name":"Golden Idol","player_choice":"Lose Max HP","floor":11.0,"gold_loss":0.0,"damage_taken":0.0,"relics_obtained":["Golden Idol"]},{"cards_removed":["Strike_R"],"damage_healed":0.0,"max_hp_gain":0.0,"max_hp_loss":0.0,"gold_gain":0.0,"event_name":"The Cleric","player_choice":"Card Removal","floor":14.0,"gold_loss":75.0,"damage_taken":0.0},{"damage_healed":0.0,"max_hp_gain":0.0,"max_hp_loss":0.0,"gold_gain":0.0,"event_name":"The Mausoleum","player_choice":"Ignored","floor":19.0,"gold_loss":0.0,"damage_taken":0.0},{"damage_healed":0,"gold_gain":50,"player_choice":"Touch","damage_taken":7,"max_hp_gain":0,"max_hp_loss":0,"event_name":"FaceTrader","floor":20,"gold_loss":0},{"damage_healed":0,"gold_gain":0,"player_choice":"Obtained Book","damage_taken":21,"max_hp_gain":0,"max_hp_loss":0,"event_name":"Cursed Tome","floor":22,"gold_loss":0},{"damage_healed":0,"gold_gain":0,"player_choice":"Forge","damage_taken":0,"max_hp_gain":0,"max_hp_loss":0,"event_name":"Accursed Blacksmith","floor":24,"gold_loss":0,"cards_upgraded":["Body Slam"]},{"damage_healed":0,"gold_gain":100,"player_choice":"Bet on Murderer","damage_taken":0,"max_hp_gain":0,"max_hp_loss":0,"event_name":"The Joust","floor":31,"gold_loss":50},{"damage_healed":0,"gold_gain":0,"player_choice":"Fight","damage_taken":0,"max_hp_gain":0,"max_hp_loss":0,"event_name":"MindBloom","floor":36,"gold_loss":0},{"damage_healed":0,"gold_gain":0,"player_choice":"Bought 2 Potions","damage_taken":0,"max_hp_gain":0,"max_hp_loss":0,"event_name":"The Woman in Blue","floor":37,"gold_loss":0},{"damage_healed":0,"gold_gain":0,"player_choice":"Ignored","damage_taken":0,"max_hp_gain":0,"max_hp_loss":0,"event_name":"Tomb of Lord Red Mask","floor":45,"gold_loss":0}],"is_beta":false,"boss_relics":[{"not_picked":["Fusion Hammer","Eternal Feather"],"picked":"Astrolabe"},{"not_picked":["Velvet Choker","Runic Cube"],"picked":"Mark of Pain"}],"items_purged_floors":[2,38,54],"is_endless":false,"potions_floor_spawned":[1,4,12,18,27,28,35,39,46],"ascension_level":20}