{"gold_per_floor":[111,127,137,137,137,165,165,196,196,208,228,302,302,332,332,332],"floor_reached":16,"playtime":305,"items_purged":[],"score":240,"play_id":"b448fecd-08ed-4cda-817a-ca6e09c5773a","local_time":"20190627191857","is_ascension_mode":true,"campfire_choices":[{"floor":7.0,"key":"REST"},{"floor":13.0,"key":"REST"},{"floor":15.0,"key":"REST"}],"neow_cost":"NONE","seed_source_timestamp":62367501151900,"circlet_count":0,"master_deck":["AscendersBane","Strike_R","Strike_R","Strike_R","Strike_R","Defend_R","Defend_R","Defend_R","Defend_R","Bash","Spot Weakness","Shrug It Off","Cleave+1","Sword Boomerang+1","Burning Pact"],"special_seed":0,"relics":["Burning Blood","NeowsBlessing","Molten Egg 2","Blue Candle","Singing Bowl","Frozen Egg 2","Gremlin Horn","Calipers"],"potions_floor_usage":[],"damage_taken":[{"damage":0.0,"enemies":"Jaw Worm","floor":1.0,"turns":1.0},{"damage":0.0,"enemies":"Small Slimes","floor":2.0,"turns":1.0},{"damage":0.0,"enemies":"2 Louse","floor":3.0,"turns":1.0},{"damage":55.0,"enemies":"Lagavulin","floor":6.0,"turns":8.0},{"damage":20.0,"enemies":"3 Sentries","floor":8.0,"turns":5.0},{"damage":12.0,"enemies":"Red Slaver","floor":10.0,"turns":4.0},{"damage":10.0,"enemies":"Looter","floor":11.0,"turns":4.0},{"damage":27.0,"enemies":"Lagavulin","floor":14.0,"turns":5.0},{"damage":34,"enemies":"The Guardian","floor":16,"turns":7}],"seed_played":"8022317912449408078","potions_obtained":[{"floor":2.0,"key":"Regen Potion"},{"floor":6.0,"key":"PowerPotion"},{"floor":14.0,"key":"Explosive Potion"}],"is_trial":false,"path_per_floor":["M","M","M","?","?","E","R","E","T","M","M","T","R","E","R","B"],"character_chosen":"IRONCLAD","items_purchased":[],"campfire_rested":3,"item_purchase_floors":[],"current_hp_per_floor":[74,75,75,68,50,16,38,26,26,22,18,18,41,20,43,9],"gold":332,"neow_bonus":"THREE_ENEMY_KILL","is_prod":false,"is_daily":false,"chose_seed":false,"campfire_upgraded":0,"win_rate":0,"timestamp":1561630737,"path_taken":["M","M","M","?","?","E","R","E","T","M","M","?","R","E","R","BOSS"],"build_version":"2019-01-23","purchased_purges":0,"victory":false,"max_hp_per_floor":[75,75,75,75,75,75,75,77,77,79,79,79,79,79,79,79],"card_choices":[{"not_picked":["Anger","Warcry"],"picked":"Spot Weakness","floor":1.0},{"not_picked":["Wild Strike","Havoc","Body Slam"],"picked":"SKIP","floor":2.0},{"not_picked":["Twin Strike","Havoc"],"picked":"Shrug It Off","floor":3.0},{"not_picked":["Double Tap","Fire Breathing"],"picked":"Cleave+1","floor":6.0},{"not_picked":["Corruption","Thunderclap+1","Clothesline+1"],"picked":"Singing Bowl","floor":8.0},{"not_picked":["Fire Breathing+1","Warcry","Wild Strike+1"],"picked":"Singing Bowl","floor":10.0},{"not_picked":["Clash+1","Sever Soul+1"],"picked":"Sword Boomerang+1","floor":11.0},{"not_picked":["Clash+1","Anger+1"],"picked":"Burning Pact","floor":14.0}],"player_experience":835530,"relics_obtained":[{"floor":6.0,"key":"Blue Candle"},{"floor":8.0,"key":"Singing Bowl"},{"floor":9.0,"key":"Frozen Egg 2"},{"floor":12.0,"key":"Gremlin Horn"},{"floor":14.0,"key":"Calipers"}],"event_choices":[{"cards_removed":["Strike_R"],"damage_healed":0.0,"max_hp_gain":0.0,"max_hp_loss":0.0,"gold_gain":0.0,"event_name":"Golden Wing","player_choice":"Card Removal","floor":4.0,"gold_loss":0.0,"damage_taken":7.0},{"damage_healed":0.0,"max_hp_gain":0.0,"max_hp_loss":0.0,"gold_gain":0.0,"event_name":"Scrap Ooze","player_choice":"Success","floor":5.0,"gold_loss":0.0,"damage_taken":18.0,"relics_obtained":["Molten Egg 2"]}],"is_beta":false,"boss_relics":[],"items_purged_floors":[],"is_endless":false,"potions_floor_spawned":[2,6,14],"killed_by":"The Guardian","ascension_level":20}