{"gold_per_floor":[116,136,88,88,105,105,105,125,125,160,176,176,187,203,203,203],"floor_reached":16,"playtime":1086,"items_purged":[],"score":151,"play_id":"344fd0ca-a85a-4871-b60c-c2e08da8554d","local_time":"20190616122125","is_ascension_mode":true,"campfire_choices":[{"floor":6,"key":"REST"},{"floor":15,"key":"REST"}],"neow_cost":"NONE","seed_source_timestamp":235531824366547,"circlet_count":0,"master_deck":["Defend_G","Defend_G","Defend_G","Defend_G","Defend_G","Strike_G","Strike_G","Strike_G","Strike_G","Strike_G","Survivor","Neutralize","Eviscerate+1","Acrobatics","Tactician+1","Dagger Throw","Tactician"],"relics":["Ring of the Snake","Blood Vial","Matryoshka","Singing Bowl"],"potions_floor_usage":[8,10,11,16],"damage_taken":[{"damage":13,"enemies":"Jaw Worm","floor":1,"turns":6},{"damage":0,"enemies":"2 Louse","floor":2,"turns":4},{"damage":4,"enemies":"Cultist","floor":5,"turns":5},{"damage":2,"enemies":"3 Louse","floor":8,"turns":4},{"damage":43,"enemies":"3 Sentries","floor":10,"turns":13},{"damage":0,"enemies":"Looter","floor":11,"turns":2},{"damage":12,"enemies":"Lots of Slimes","floor":13,"turns":8},{"damage":9,"enemies":"3 Louse","floor":14,"turns":3},{"damage":40,"enemies":"Slime Boss","floor":16,"turns":5}],"seed_played":"-8250000791714564379","potions_obtained":[{"floor":1,"key":"SpeedPotion"},{"floor":10,"key":"GamblersBrew"},{"floor":11,"key":"LiquidBronze"},{"floor":14,"key":"GamblersBrew"}],"is_trial":false,"path_per_floor":["M","M","$","?","M","R","$","M","T","E","M","?","M","M","R","B"],"character_chosen":"THE_SILENT","items_purchased":["AttackPotion"],"campfire_rested":2,"item_purchase_floors":[3],"current_hp_per_floor":[52,54,54,54,52,70,70,68,68,29,33,33,23,16,38,0],"gold":203,"neow_bonus":"RANDOM_COMMON_RELIC","is_prod":false,"is_daily":false,"chose_seed":false,"campfire_upgraded":0,"win_rate":0,"timestamp":1560676885,"path_taken":["M","M","$","?","M","R","$","M","T","E","M","?","M","?","R","BOSS"],"build_version":"2019-01-23","purchased_purges":0,"victory":false,"max_hp_per_floor":[70,70,70,70,70,70,70,70,70,72,74,74,74,74,74,74],"card_choices":[{"not_picked":["Blade Dance","Outmaneuver"],"picked":"Eviscerate","floor":1},{"not_picked":["Backflip","Setup"],"picked":"Acrobatics","floor":2},{"not_picked":["Deadly Poison","Flechettes"],"picked":"Tactician","floor":5},{"not_picked":["Deflect","Accuracy","Dagger Spray"],"picked":"SKIP","floor":8},{"not_picked":["Doppelganger","PiercingWail","Accuracy"],"picked":"Singing Bowl","floor":10},{"not_picked":["Dagger Spray","Cloak And Dagger","Backflip"],"picked":"Singing Bowl","floor":11},{"not_picked":["PiercingWail","Quick Slash"],"picked":"Dagger Throw","floor":13},{"not_picked":["Bouncing Flask","Cloak And Dagger"],"picked":"Tactician","floor":14}],"player_experience":1535773,"relics_obtained":[{"floor":9,"key":"Matryoshka"},{"floor":10,"key":"Singing Bowl"}],"event_choices":[{"damage_healed":0,"gold_gain":0,"player_choice":"Grow","damage_taken":0,"max_hp_gain":0,"max_hp_loss":0,"event_name":"Living Wall","floor":4,"gold_loss":0,"cards_upgraded":["Eviscerate"]},{"damage_healed":0,"gold_gain":0,"player_choice":"Upgraded","damage_taken":0,"max_hp_gain":0,"max_hp_loss":0,"event_name":"Upgrade Shrine","floor":12,"gold_loss":0,"cards_upgraded":["Tactician"]}],"is_beta":false,"boss_relics":[],"items_purged_floors":[],"is_endless":false,"potions_floor_spawned":[1,10,11,14],"killed_by":"Slime Boss","ascension_level":9}