{"gold_per_floor":[113,12,12,36,54,54,54,84,108,128,53,53,53],"floor_reached":13,"playtime":166,"items_purged":["Strike_B"],"score":146,"play_id":"1505c244-feb1-4462-aea6-f25be9bb8071","local_time":"20190614235346","is_ascension_mode":true,"campfire_choices":[{"data":"Darkness","floor":6,"key":"SMITH"}],"neow_cost":"NONE","seed_source_timestamp":33919120744800,"circlet_count":0,"master_deck":["AscendersBane","Strike_B","Strike_B","Strike_B","Defend_B","Defend_B","Defend_B","Defend_B","Zap","Dualcast","Barrage","Discovery","Darkness+1","Turbo","Recycle"],"relics":["Cracked Core","NeowsBlessing","Golden Idol","Dodecahedron","Odd Mushroom","Happy Flower"],"potions_floor_usage":[8],"damage_taken":[{"damage":0,"enemies":"Small Slimes","floor":1,"turns":1},{"damage":0,"enemies":"Jaw Worm","floor":4,"turns":1},{"damage":0,"enemies":"Cultist","floor":5,"turns":1},{"damage":29,"enemies":"The Mushroom Lair","floor":8,"turns":4},{"damage":9,"enemies":"Large Slime","floor":10,"turns":4},{"damage":0,"enemies":"Blue Slaver","floor":13,"turns":1}],"seed_played":"-3489134321028214683","potions_obtained":[{"floor":1,"key":"Block Potion"},{"floor":8,"key":"FearPotion"}],"is_trial":false,"path_per_floor":["M","$","?","M","M","R","T","?","T","M","$","?","M"],"character_chosen":"DEFECT","items_purchased":["Discovery"],"campfire_rested":0,"item_purchase_floors":[2],"current_hp_per_floor":[64,64,40,40,40,40,40,11,11,2,2,2,2],"gold":53,"neow_bonus":"THREE_ENEMY_KILL","is_prod":false,"is_daily":false,"chose_seed":false,"campfire_upgraded":1,"win_rate":0,"timestamp":1560524026,"path_taken":["M","$","?","M","M","R","?","?","T","?","?","?","M"],"build_version":"2019-01-23","purchased_purges":1,"victory":false,"max_hp_per_floor":[71,71,71,71,71,71,71,71,71,71,71,71,71],"card_choices":[{"not_picked":["Stack","Sweeping Beam"],"picked":"Barrage","floor":1},{"not_picked":["Redo","Gash","Stack"],"picked":"SKIP","floor":4},{"not_picked":["BootSequence","Tempest"],"picked":"Darkness","floor":5},{"not_picked":["Leap","Gash"],"picked":"Turbo","floor":8},{"not_picked":["Undo","Barrage"],"picked":"Recycle","floor":10}],"player_experience":660638,"relics_obtained":[{"floor":7,"key":"Dodecahedron"},{"floor":8,"key":"Odd Mushroom"},{"floor":9,"key":"Happy Flower"}],"event_choices":[{"damage_healed":0,"gold_gain":0,"player_choice":"Take Damage","damage_taken":24,"relics_obtained":["Golden Idol"],"max_hp_gain":0,"max_hp_loss":0,"event_name":"Golden Idol","floor":3,"gold_loss":0},{"damage_healed":0,"gold_gain":0,"player_choice":"Fought Mushrooms","damage_taken":0,"max_hp_gain":0,"max_hp_loss":0,"event_name":"Mushrooms","floor":8,"gold_loss":0},{"damage_healed":0,"gold_gain":0,"player_choice":"Searched \u00270\u0027 times","damage_taken":0,"max_hp_gain":0,"max_hp_loss":0,"event_name":"Dead Adventurer","floor":12,"gold_loss":0}],"is_beta":false,"boss_relics":[],"items_purged_floors":[11],"is_endless":false,"potions_floor_spawned":[1,8],"killed_by":"Blue Slaver","ascension_level":20}