{"gold_per_floor":[111,111,111,111,24,24,59,72,97,113,113,128,162,162,162,236,236,247,247,247,264,314,314,331,331,357,18,18,52,71,88,88,166,166,166],"floor_reached":35,"playtime":1167,"items_purged":[],"score":966,"play_id":"7081a8e7-59f9-4da9-abda-62997f3e7238","local_time":"20190712192047","is_ascension_mode":true,"campfire_choices":[{"data":"Noxious Fumes","floor":6,"key":"SMITH"},{"data":"Noxious Fumes","floor":11,"key":"SMITH"},{"data":"Neutralize","floor":15,"key":"SMITH"},{"floor":23,"key":"REST"},{"data":"Catalyst","floor":25,"key":"SMITH"},{"data":"Wraith Form v2","floor":28,"key":"SMITH"},{"data":"Reflex","floor":32,"key":"SMITH"}],"neow_cost":"NONE","seed_source_timestamp":101247262907600,"circlet_count":0,"master_deck":["AscendersBane","Strike_G","Strike_G","Strike_G","Defend_G","Defend_G","Defend_G","Defend_G","Defend_G","Survivor","Neutralize+1","Reflex+1","Noxious Fumes+1","Noxious Fumes+1","Backstab","Acrobatics","PiercingWail","Skewer","Grand Finale","Acrobatics","Reflex","Masterful Stab","Ghostly","Ghostly","Ghostly","Prepared","Catalyst+1","Wraith Form v2+1","Backflip+1","Footwork","Calculated Gamble","Doppelganger"],"relics":["Ring of the Snake","NeowsBlessing","Dream Catcher","Regal Pillow","Orichalcum","Vajra","Orrery","Potion Belt","OrangePellets","Happy Flower","White Beast Statue"],"potions_floor_usage":[16,16,21,33,33,33,33],"damage_taken":[{"damage":0,"enemies":"Jaw Worm","floor":1,"turns":1},{"damage":0,"enemies":"Gremlin Nob","floor":7,"turns":1},{"damage":0,"enemies":"2 Louse","floor":8,"turns":1},{"damage":6,"enemies":"Small Slimes","floor":10,"turns":4},{"damage":5,"enemies":"Blue Slaver","floor":12,"turns":4},{"damage":21,"enemies":"3 Sentries","floor":13,"turns":6},{"damage":3,"enemies":"Hexaghost","floor":16,"turns":9},{"damage":27,"enemies":"Chosen","floor":18,"turns":6},{"damage":3,"enemies":"2 Thieves","floor":21,"turns":4},{"damage":0,"enemies":"Snake Plant","floor":24,"turns":4},{"damage":0,"enemies":"Gremlin Leader","floor":29,"turns":6},{"damage":0,"enemies":"3 Cultists","floor":30,"turns":6},{"damage":0,"enemies":"Sentry and Sphere","floor":31,"turns":6},{"damage":0,"enemies":"Automaton","floor":33,"turns":11},{"damage":20,"enemies":"Orb Walker","floor":35,"turns":5}],"seed_played":"-3527661421365211208","potions_obtained":[{"floor":1,"key":"EssenceOfSteel"},{"floor":8,"key":"SteroidPotion"},{"floor":10,"key":"SteroidPotion"},{"floor":24,"key":"Swift Potion"},{"floor":29,"key":"Ancient Potion"}],"is_trial":false,"path_per_floor":["M","?","?","?","$","R","E","M","T","M","R","M","E","?","R","B",null,"M","?","?","M","?","R","M","R","T","$","R","E","M","M","R","B",null,"M"],"character_chosen":"THE_SILENT","items_purchased":["Noxious Fumes","OrangePellets","Wraith Form v2","PowerPotion"],"campfire_rested":1,"item_purchase_floors":[5,27,27,27],"current_hp_per_floor":[59,59,52,41,41,41,41,41,41,35,35,30,9,9,9,6,51,24,24,6,3,3,27,27,27,27,27,27,27,27,27,27,27,32,12],"gold":166,"neow_bonus":"THREE_ENEMY_KILL","is_prod":false,"is_daily":false,"chose_seed":false,"campfire_upgraded":6,"win_rate":0,"timestamp":1562926847,"path_taken":["M","?","?","?","?","R","E","M","T","M","R","M","E","?","R","BOSS","M","?","?","?","?","R","M","R","T","$","R","E","M","M","R","BOSS","M"],"build_version":"2019-07-05","purchased_purges":0,"victory":false,"max_hp_per_floor":[66,66,66,66,66,66,66,66,66,66,66,66,66,66,66,66,66,66,33,33,33,33,33,33,33,33,33,33,33,33,33,33,33,33,33],"card_choices":[{"not_picked":["Sucker Punch","Bane"],"picked":"Reflex","floor":1},{"not_picked":["Infinite Blades","Masterful Stab","Riddle With Holes"],"picked":"SKIP","floor":7},{"not_picked":["Distraction","Blur"],"picked":"Noxious Fumes","floor":8},{"not_picked":["Prepared","Leg Sweep"],"picked":"Backstab","floor":10},{"not_picked":["Underhanded Strike","Crippling Poison"],"picked":"Acrobatics","floor":12},{"not_picked":["Terror","Setup"],"picked":"PiercingWail","floor":13},{"not_picked":["After Image","Wraith Form v2"],"picked":"Grand Finale","floor":16},{"not_picked":["Slice","Poisoned Stab"],"picked":"Acrobatics","floor":17},{"not_picked":["Backflip","Distraction"],"picked":"Reflex","floor":17},{"not_picked":["Dagger Throw","Acrobatics"],"picked":"Masterful Stab","floor":18},{"not_picked":["Bane+1","Deflect"],"picked":"Prepared","floor":21},{"not_picked":["Outmaneuver","Dodge and Roll"],"picked":"Catalyst","floor":24},{"not_picked":["Distraction+1","Dagger Spray"],"picked":"Backflip+1","floor":29},{"not_picked":["Blade Dance","Dodge and Roll"],"picked":"Footwork","floor":30},{"not_picked":["Outmaneuver","Cloak And Dagger"],"picked":"Calculated Gamble","floor":31},{"not_picked":["Phantasmal Killer","After Image"],"picked":"Doppelganger","floor":33}],"player_experience":997440,"relics_obtained":[{"floor":7,"key":"Regal Pillow"},{"floor":9,"key":"Orichalcum"},{"floor":13,"key":"Vajra"},{"floor":26,"key":"Potion Belt"},{"floor":29,"key":"Happy Flower"}],"event_choices":[{"damage_healed":0,"gold_gain":0,"player_choice":"Ignored","damage_taken":0,"max_hp_gain":0,"max_hp_loss":0,"event_name":"Liars Game","floor":2,"gold_loss":0},{"cards_removed":["Strike_G"],"damage_healed":0,"gold_gain":0,"player_choice":"Card Removal","damage_taken":7,"max_hp_gain":0,"max_hp_loss":0,"event_name":"Golden Wing","floor":3,"gold_loss":0},{"damage_healed":0,"gold_gain":0,"player_choice":"Success","damage_taken":11,"relics_obtained":["Dream Catcher"],"max_hp_gain":0,"max_hp_loss":0,"event_name":"Scrap Ooze","floor":4,"gold_loss":0},{"damage_healed":0,"gold_gain":0,"cards_transformed":["Strike_G"],"player_choice":"Change","damage_taken":0,"max_hp_gain":0,"max_hp_loss":0,"event_name":"Living Wall","floor":14,"gold_loss":0,"cards_obtained":["Skewer"]},{"damage_healed":0,"gold_gain":0,"player_choice":"Became a Ghost","damage_taken":0,"max_hp_gain":0,"max_hp_loss":33,"event_name":"Ghosts","floor":19,"gold_loss":0,"cards_obtained":["Ghostly","Ghostly","Ghostly"]},{"damage_healed":0,"gold_gain":0,"player_choice":"POTION POTION ","damage_taken":18,"max_hp_gain":0,"max_hp_loss":0,"event_name":"Knowing Skull","floor":20,"potions_obtained":["Explosive Potion","SpeedPotion"],"gold_loss":0,"cards_obtained":[]},{"damage_healed":0,"gold_gain":50,"player_choice":"Stole From Cult","damage_taken":0,"max_hp_gain":0,"max_hp_loss":0,"event_name":"Nest","floor":22,"gold_loss":0}],"is_beta":false,"boss_relics":[{"not_picked":["Coffee Dripper","WristBlade"],"picked":"Orrery"},{"not_picked":["Cursed Key","Runic Pyramid"],"picked":"White Beast Statue"}],"items_purged_floors":[],"is_endless":false,"potions_floor_spawned":[1,8,10,12,24,29,31],"killed_by":"Orb Walker","ascension_level":20}