{"gold_per_floor":[113,113,133,153,428,428,453,465,477,500,526,556,259,33,33,128,128,142,2,16,16,16,16,16,35,62,76,76,88,101,114,114,114],"floor_reached":33,"playtime":1815,"items_purged":["Regret"],"score":389,"play_id":"2177438c-4812-4f6f-abd0-86077252199f","local_time":"20190625203253","is_ascension_mode":true,"campfire_choices":[{"data":"Deadly Poison","floor":6,"key":"SMITH"},{"floor":8,"key":"REST"},{"floor":15,"key":"REST"},{"floor":23,"key":"REST"},{"floor":28,"key":"REST"},{"floor":32,"key":"REST"}],"neow_cost":"NONE","seed_source_timestamp":1041875090771562,"circlet_count":0,"master_deck":["AscendersBane","Defend_G","Defend_G","Defend_G","Defend_G","Defend_G","Strike_G","Strike_G","Strike_G","Strike_G","Strike_G","Survivor","Neutralize","Predator","Deadly Poison+1","Footwork","Dash","Bane","Glass Knife","Poisoned Stab","Sadistic Nature","Caltrops","Night Terror","Poisoned Stab","Noxious Fumes","Crippling Poison","Footwork","Dodge and Roll","Leg Sweep","Bouncing Flask","Caltrops","Dash"],"relics":["Ring of the Snake","NeowsBlessing","Mummified Hand","MawBank","Centennial Puzzle","Regal Pillow","Smiling Mask"],"potions_floor_usage":[7,11,11,16,29,33,33],"damage_taken":[{"damage":0,"enemies":"Jaw Worm","floor":1,"turns":1},{"damage":0,"enemies":"Cultist","floor":3,"turns":1},{"damage":0,"enemies":"Small Slimes","floor":4,"turns":1},{"damage":28,"enemies":"Gremlin Nob","floor":7,"turns":4},{"damage":15,"enemies":"Exordium Thugs","floor":10,"turns":5},{"damage":1,"enemies":"Gremlin Gang","floor":11,"turns":5},{"damage":5,"enemies":"Blue Slaver","floor":12,"turns":3},{"damage":55,"enemies":"Slime Boss","floor":16,"turns":10},{"damage":7,"enemies":"3 Byrds","floor":18,"turns":5},{"damage":21,"enemies":"Spheric Guardian","floor":20,"turns":5},{"damage":17,"enemies":"Cultist and Chosen","floor":25,"turns":8},{"damage":20,"enemies":"Snecko","floor":27,"turns":6},{"damage":3,"enemies":"Sentry and Sphere","floor":29,"turns":5},{"damage":10,"enemies":"Centurion and Healer","floor":30,"turns":7},{"damage":16,"enemies":"Snake Plant","floor":31,"turns":4},{"damage":104,"enemies":"Automaton","floor":33,"turns":12}],"seed_played":"528300495543999873","potions_obtained":[{"floor":1,"key":"EssenceOfSteel"},{"floor":3,"key":"Poison Potion"},{"floor":7,"key":"SpeedPotion"},{"floor":10,"key":"AttackPotion"},{"floor":20,"key":"SteroidPotion"},{"floor":25,"key":"Fire Potion"},{"floor":29,"key":"SteroidPotion"}],"is_trial":false,"path_per_floor":["M","?","M","M","?","R","E","R","T","M","M","M","$","$","R","B",null,"M","$","M","?","$","R","$","M","T","M","R","M","M","M","R","B"],"character_chosen":"THE_SILENT","items_purchased":["Poisoned Stab","Sadistic Nature","Poison Potion","Regal Pillow","Caltrops","Noxious Fumes","Crippling Poison"],"campfire_rested":5,"item_purchase_floors":[13,13,13,14,14,19,19],"current_hp_per_floor":[63,63,63,63,63,63,35,56,56,41,40,35,35,35,70,15,56,49,49,28,28,28,64,64,47,47,27,63,60,50,34,70,0],"gold":114,"neow_bonus":"THREE_ENEMY_KILL","is_prod":false,"is_daily":false,"chose_seed":false,"campfire_upgraded":1,"win_rate":0,"timestamp":1561483973,"path_taken":["M","?","M","?","?","R","E","R","T","M","M","M","?","$","R","BOSS","M","$","M","?","$","R","?","M","T","M","R","M","M","M","R","BOSS"],"build_version":"2019-01-23","purchased_purges":1,"victory":false,"max_hp_per_floor":[70,70,70,70,70,70,70,70,70,70,70,70,70,70,70,70,70,70,70,70,70,70,70,70,70,70,70,70,70,70,70,70,70],"card_choices":[{"not_picked":["Skewer","Quick Slash"],"picked":"Predator","floor":1},{"not_picked":["Flying Knee","Setup"],"picked":"Deadly Poison","floor":3},{"not_picked":["Prepared","Dagger Spray"],"picked":"Underhanded Strike","floor":4},{"not_picked":["Expertise","Sucker Punch"],"picked":"Footwork","floor":7},{"not_picked":["Heel Hook","Eviscerate"],"picked":"Dash","floor":10},{"not_picked":["Endless Agony","Dagger Throw"],"picked":"Bane","floor":11},{"not_picked":["Dodge and Roll","Deflect"],"picked":"Glass Knife","floor":12},{"not_picked":["Corpse Explosion","Venomology"],"picked":"Night Terror","floor":16},{"not_picked":["Sucker Punch","Quick Slash"],"picked":"Poisoned Stab","floor":18},{"not_picked":["Dodge and Roll+1","Reflex+1"],"picked":"Footwork","floor":20},{"not_picked":["Finisher","Flying Knee"],"picked":"Leg Sweep","floor":25},{"not_picked":["Backstab+1","Underhanded Strike"],"picked":"Bouncing Flask","floor":27},{"not_picked":["Concentrate","Dodge and Roll"],"picked":"Caltrops","floor":29},{"not_picked":["Skewer","Setup","Dodge and Roll"],"picked":"SKIP","floor":30},{"not_picked":["Acrobatics+1","Cloak And Dagger"],"picked":"Dash","floor":31}],"player_experience":1579373,"relics_obtained":[{"floor":7,"key":"MawBank"},{"floor":9,"key":"Centennial Puzzle"},{"floor":26,"key":"Smiling Mask"}],"event_choices":[{"damage_healed":0,"gold_gain":0,"player_choice":"Gave Potion","damage_taken":0,"relics_obtained":["Mummified Hand"],"max_hp_gain":0,"max_hp_loss":0,"event_name":"WeMeetAgain","floor":2,"gold_loss":0},{"damage_healed":0,"gold_gain":275,"player_choice":"Desecrate","damage_taken":0,"max_hp_gain":0,"max_hp_loss":0,"event_name":"Golden Shrine","floor":5,"gold_loss":0,"cards_obtained":["Regret"]},{"damage_healed":0,"gold_gain":0,"cards_transformed":["Underhanded Strike"],"player_choice":"Transformed","damage_taken":0,"max_hp_gain":0,"max_hp_loss":0,"event_name":"Transmorgrifier","floor":21,"gold_loss":0,"cards_obtained":["Dodge and Roll"]}],"is_beta":false,"boss_relics":[{"not_picked":["Runic Dome","Busted Crown","Calling Bell"]}],"items_purged_floors":[13],"is_endless":false,"potions_floor_spawned":[1,3,7,10,20,25,29],"killed_by":"Automaton","ascension_level":11}