{"gold_per_floor":[17,37,2,2,2,2,16,16,41,51,70,101,101,127,127,127],"floor_reached":16,"playtime":464,"items_purged":[],"score":220,"play_id":"68e0ed89-407d-41c3-bfa8-02ff32407717","local_time":"20190710190215","is_ascension_mode":true,"campfire_choices":[{"data":"Sweeping Beam","floor":6,"key":"SMITH"},{"data":"Melter","floor":8,"key":"SMITH"},{"data":"Defragment","floor":13,"key":"SMITH"},{"data":"Lockon","floor":15,"key":"SMITH"}],"neow_cost":"NO_GOLD","seed_source_timestamp":224769753123300,"circlet_count":0,"master_deck":["AscendersBane","Strike_B","Strike_B","Defend_B","Defend_B","Defend_B","Defend_B","Zap","Dualcast","Flash of Steel","Madness+1","Sweeping Beam+1","Melter+1","Storm","White Noise+1","Defragment+1","Self Repair","Tempest","Lockon+1"],"relics":["Cracked Core","War Paint","Peace Pipe","Bottled Lightning"],"potions_floor_usage":[14],"damage_taken":[{"damage":7,"enemies":"Jaw Worm","floor":1,"turns":3},{"damage":0,"enemies":"Small Slimes","floor":2,"turns":2},{"damage":0,"enemies":"2 Louse","floor":7,"turns":2},{"damage":11,"enemies":"Looter","floor":10,"turns":2},{"damage":8,"enemies":"Large Slime","floor":11,"turns":4},{"damage":39,"enemies":"Gremlin Nob","floor":12,"turns":4},{"damage":10,"enemies":"Lagavulin","floor":14,"turns":4},{"damage":15,"enemies":"Slime Boss","floor":16,"turns":5}],"seed_played":"7314422237687767801","potions_obtained":[{"floor":7,"key":"SpeedPotion"},{"floor":12,"key":"SmokeBomb"}],"is_trial":false,"path_per_floor":["M","M","?","?","?","R","M","R","T","M","M","E","R","E","R","B"],"character_chosen":"DEFECT","items_purchased":[],"campfire_rested":0,"item_purchase_floors":[],"current_hp_per_floor":[57,57,71,71,64,64,64,64,64,53,45,13,13,10,10,0],"gold":127,"neow_bonus":"RANDOM_COLORLESS_2","is_prod":false,"is_daily":false,"chose_seed":false,"campfire_upgraded":4,"win_rate":0,"timestamp":1562752935,"path_taken":["M","M","?","?","?","R","M","R","T","M","M","E","R","E","R","BOSS"],"build_version":"2019-07-05","purchased_purges":0,"victory":false,"max_hp_per_floor":[71,71,71,71,71,71,71,71,71,71,71,71,71,71,71,71],"card_choices":[{"not_picked":["Turbo","Sweeping Beam","Beam Cell"],"picked":"SKIP","floor":1},{"not_picked":["Turbo","Beam Cell"],"picked":"Sweeping Beam","floor":1},{"not_picked":["Force Field","Go for the Eyes"],"picked":"Melter","floor":2},{"not_picked":["Beam Cell","Redo"],"picked":"White Noise","floor":7},{"not_picked":["BootSequence","Gash"],"picked":"Defragment","floor":10},{"not_picked":["Leap","Capacitor"],"picked":"Self Repair","floor":11},{"not_picked":["Rebound","Auto Shields"],"picked":"Tempest","floor":12},{"not_picked":["Sweeping Beam","Force Field"],"picked":"Lockon","floor":14}],"player_experience":967280,"relics_obtained":[{"floor":9,"key":"War Paint"},{"floor":12,"key":"Peace Pipe"},{"floor":14,"key":"Bottled Lightning"}],"event_choices":[{"damage_healed":17,"gold_gain":0,"player_choice":"Healed","damage_taken":0,"max_hp_gain":0,"max_hp_loss":0,"event_name":"The Cleric","floor":3,"gold_loss":35},{"damage_healed":0,"gold_gain":0,"cards_transformed":["Strike_B"],"player_choice":"Change","damage_taken":0,"max_hp_gain":0,"max_hp_loss":0,"event_name":"Living Wall","floor":4,"gold_loss":0,"cards_obtained":["Storm"]},{"cards_removed":["Strike_B"],"damage_healed":0,"gold_gain":0,"player_choice":"Card Removal","damage_taken":7,"max_hp_gain":0,"max_hp_loss":0,"event_name":"Golden Wing","floor":5,"gold_loss":0}],"is_beta":false,"boss_relics":[],"items_purged_floors":[],"is_endless":false,"potions_floor_spawned":[7,12,14],"killed_by":"Slime Boss","ascension_level":20}