{"path_per_floor":["M","?","M","M","?","R","E","M","T","$","E","?","R","M","R","B",null,"M","M","$","?","?","R","M","M","T","M","E","R","M","M","R"],"character_chosen":"THE_SILENT","items_purchased":["Snake Skull","Catalyst","Matryoshka"],"gold_per_floor":[113,113,131,151,326,326,361,379,379,151,179,179,179,195,195,326,326,339,360,50,50,50,50,69,87,87,102,143,143,156,172,172],"floor_reached":33,"campfire_rested":3,"playtime":3821,"current_hp_per_floor":[70,56,56,55,55,70,52,52,52,52,58,58,58,58,77,33,77,77,67,67,67,67,67,65,61,61,48,43,66,63,62,62],"items_purged":["Doubt"],"gold":172,"score":293,"play_id":"dfd7526b-0d6b-4f48-8c9e-6b563759e824","local_time":"20180314195810","is_prod":false,"is_daily":false,"is_ascension_mode":true,"campfire_upgraded":3,"timestamp":1521050290,"path_taken":["M","?","?","M","?","R","E","?","T","$","E","?","R","M","R","BOSS","M","?","?","?","?","R","M","M","T","M","E","R","M","M","R","BOSS"],"build_version":"2018-03-09","purchased_purges":1,"victory":false,"master_deck":["Defend_G","Defend_G+1","Defend_G","Defend_G","Defend_G","Strike_G","Strike_G","Strike_G+1","Strike_G","Strike_G","Survivor+1","Neutralize+1","Sucker Punch","Backflip+1","Terror","Sucker Punch+1","Dagger Spray","Injury","PiercingWail","Tactician","Underhanded Strike+1","Deadly Poison","Catalyst+1","Noxious Fumes+1","Dagger Spray","Dodge and Roll+1","Distraction","Bouncing Flask+1"],"max_hp_per_floor":[70,70,70,70,70,70,70,70,70,70,77,77,77,77,77,77,77,77,77,77,77,77,77,77,77,77,77,77,77,77,77,77],"relics":["Ring of the Snake","War Paint","Gambling Chip","Snake Skull","Strawberry","Golden Idol","Question Card","Matryoshka","Blood Vial","Anchor","Bag of Preparation"],"card_choices":[{"not_picked":["Quick Slash","Catalyst"],"picked":"Sucker Punch"},{"not_picked":["Malaise","Dodge and Roll"],"picked":"Backflip"},{"not_picked":["Die Die Die","Expertise"],"picked":"Terror"},{"not_picked":["Escape Plan","Malaise"],"picked":"Sucker Punch"},{"not_picked":["Riddle With Holes","Dagger Throw"],"picked":"Dagger Spray"},{"not_picked":["Outmaneuver","Quick Slash"],"picked":"PiercingWail"},{"not_picked":["Grand Finale","Night Terror"],"picked":"Tactician"},{"not_picked":["Dagger Throw","Deflect","Infinite Blades"],"picked":"Underhanded Strike"},{"not_picked":["Dagger Spray","Cloak And Dagger","Bane"],"picked":"Deadly Poison"},{"not_picked":["All Out Attack","PiercingWail","Unload"],"picked":"Dagger Spray"},{"not_picked":["Deflect","Caltrops","Outmaneuver"],"picked":"Dodge and Roll"},{"not_picked":["Backstab","Slice","Backflip"],"picked":"Distraction"},{"not_picked":["Crippling Poison","Sucker Punch","Footwork"],"picked":"Bouncing Flask"}],"player_experience":289728,"potions_floor_usage":[7,11,16,27,28,28,28,30,33],"damage_taken":[{"damage":0,"enemies":"2 Louse","floor":1,"turns":3},{"damage":0,"enemies":"Small Slimes","floor":3,"turns":3},{"damage":1,"enemies":"Cultist","floor":4,"turns":4},{"damage":33,"enemies":"Lagavulin","floor":7,"turns":14},{"damage":0,"enemies":"Blue Slaver","floor":8,"turns":3},{"damage":1,"enemies":"Gremlin Nob","floor":11,"turns":3},{"damage":0,"enemies":"Looter","floor":14,"turns":2},{"damage":44,"enemies":"Hexaghost","floor":16,"turns":13},{"damage":0,"enemies":"3 Byrds","floor":18,"turns":7},{"damage":10,"enemies":"Chosen","floor":19,"turns":6},{"damage":2,"enemies":"Snecko","floor":24,"turns":5},{"damage":4,"enemies":"Snake Plant","floor":25,"turns":4},{"damage":15,"enemies":"Chosen and Byrds","floor":27,"turns":5},{"damage":7,"enemies":"Book of Stabbing","floor":28,"turns":6},{"damage":5,"enemies":"Centurion and Healer","floor":30,"turns":6},{"damage":3,"enemies":"Snecko","floor":31,"turns":6},{"damage":102,"enemies":"Automaton","floor":33,"turns":12}],"event_choices":[{"event_name":"Shining Light","player_choice":"Entered Light","floor":2,"damage_taken":0},{"event_name":"Liars Game","player_choice":"agreed","floor":5,"damage_taken":0},{"event_name":"Golden Idol","player_choice":"Take Wound","floor":12,"damage_taken":0},{"event_name":"The Library","player_choice":"Read","floor":21,"damage_taken":0},{"event_name":"Beggar","player_choice":"Ignored","floor":22,"damage_taken":0}],"boss_relics":[{"not_picked":["Cursed Key","Runic Pyramid"],"picked":"Question Card"}],"potions_floor_spawned":[4,7,8,11,19,24,27,28,30],"seed_played":"3659036387878565342","killed_by":"Automaton","ascension_level":1,"is_trial":false}