{"gold_per_floor":[119,135,39,95,95,128,128,19,19,33,53,53,53,65,65,139,139,159,175,175,36,56,56,82,153,225,225,252,267,1,19,19,19],"floor_reached":33,"playtime":1258,"items_purged":[],"score":583,"play_id":"fc9b9d83-0373-4cde-b27f-56f1ec0a1704","local_time":"20190724162742","is_ascension_mode":true,"campfire_choices":[{"floor":7.0,"key":"REST"},{"data":"Blade Dance","floor":13.0,"key":"SMITH"},{"data":"Flash of Steel","floor":15.0,"key":"SMITH"},{"floor":23.0,"key":"REST"},{"floor":27.0,"key":"REST"},{"floor":32.0,"key":"REST"}],"neow_cost":"NONE","seed_source_timestamp":424722126066596,"circlet_count":0,"master_deck":["AscendersBane","Strike_G+1","Strike_G+1","Strike_G+1","Strike_G+1","Strike_G+1","Defend_G+1","Defend_G+1","Defend_G+1","Defend_G+1","Defend_G+1","Survivor","Neutralize","Flying Knee","Predator","Flash of Steel+1","Flying Knee","Prepared","Underhanded Strike","Blade Dance+1","Masterful Stab","Dagger Spray","After Image","Blade Dance","Cloak And Dagger","Quick Slash","Sucker Punch","Prepared","Masterful Stab","Endless Agony","Underhanded Strike","Endless Agony","Discovery","Prepared","Underhanded Strike","Quick Slash","Blade Dance"],"special_seed":0,"relics":["Ring of the Snake","NeowsBlessing","Oddly Smooth Stone","Shuriken","Question Card","Sozu","Pen Nib","Mercury Hourglass","Darkstone Periapt","Thread and Needle"],"potions_floor_usage":[],"damage_taken":[{"damage":0.0,"enemies":"Jaw Worm","floor":1.0,"turns":1.0},{"damage":0.0,"enemies":"Small Slimes","floor":2.0,"turns":1.0},{"damage":0.0,"enemies":"Gremlin Nob","floor":6.0,"turns":1.0},{"damage":7.0,"enemies":"2 Louse","floor":10.0,"turns":3.0},{"damage":0.0,"enemies":"Large Slime","floor":11.0,"turns":4.0},{"damage":0.0,"enemies":"Looter","floor":14.0,"turns":2.0},{"damage":36.0,"enemies":"Hexaghost","floor":16.0,"turns":9.0},{"damage":8.0,"enemies":"Shell Parasite","floor":18.0,"turns":4.0},{"damage":3.0,"enemies":"Chosen","floor":19.0,"turns":3.0},{"damage":36.0,"enemies":"Snake Plant","floor":22.0,"turns":5.0},{"damage":25.0,"enemies":"Slavers","floor":24.0,"turns":6.0},{"damage":7.0,"enemies":"Book of Stabbing","floor":28.0,"turns":3.0},{"damage":0.0,"enemies":"3 Cultists","floor":29.0,"turns":3.0},{"damage":0.0,"enemies":"Centurion and Healer","floor":31.0,"turns":2.0},{"damage":59,"enemies":"Automaton","floor":33,"turns":6}],"seed_played":"-7465485147920268772","potions_obtained":[{"floor":11.0,"key":"SpeedPotion"},{"floor":14.0,"key":"EssenceOfSteel"},{"floor":16.0,"key":"GamblersBrew"}],"is_trial":false,"path_per_floor":["M","M","$","?","?","E","R","$","T","M","M","$","R","M","R","B",null,"M","M","?","$","M","R","E","T","T","R","E","M","$","M","R","B"],"character_chosen":"THE_SILENT","items_purchased":["Flash of Steel","Prepared","Underhanded Strike","Quick Slash","Sucker Punch","Prepared","Discovery","Prepared","Underhanded Strike","Quick Slash"],"campfire_rested":4,"item_purchase_floors":[3,8,8,21,21,21,30,30,30,30],"current_hp_per_floor":[59,59,59,59,48,48,66,66,66,59,59,59,59,59,59,23,55,47,44,44,44,8,27,2,2,2,21,14,14,14,14,33,0],"gold":19,"neow_bonus":"THREE_ENEMY_KILL","is_prod":false,"is_daily":false,"chose_seed":false,"campfire_upgraded":2,"win_rate":0,"timestamp":1563974862,"path_taken":["M","M","$","?","?","E","R","$","T","M","M","$","R","M","R","BOSS","M","M","?","$","M","R","E","?","T","R","E","M","?","M","R","BOSS"],"build_version":"2019-07-17","purchased_purges":0,"victory":false,"max_hp_per_floor":[66,66,66,66,66,66,66,66,66,66,66,66,66,66,66,66,66,66,66,66,66,66,66,66,66,66,66,66,66,66,66,66,66],"card_choices":[{"not_picked":["Backflip","Blade Dance"],"picked":"Flying Knee","floor":1.0},{"not_picked":["Backflip","Heel Hook"],"picked":"Predator","floor":2.0},{"not_picked":["Sucker Punch","Skewer"],"picked":"Flying Knee","floor":6.0},{"not_picked":["Prepared","Endless Agony","Outmaneuver"],"picked":"Blade Dance","floor":10.0},{"not_picked":["Flying Knee","Choke","Sucker Punch"],"picked":"Masterful Stab","floor":11.0},{"not_picked":["Prepared","Dodge and Roll","Blade Dance"],"picked":"Dagger Spray","floor":14.0},{"not_picked":["Venomology","Bullet Time","A Thousand Cuts"],"picked":"After Image","floor":16.0},{"not_picked":["Blur","Deflect","Finisher"],"picked":"Blade Dance","floor":18.0},{"not_picked":["Reflex","Bouncing Flask","Night Terror"],"picked":"Cloak And Dagger","floor":19.0},{"not_picked":["Sucker Punch","Prepared","Endless Agony"],"picked":"Masterful Stab","floor":22.0},{"not_picked":["Slice","Heel Hook","Underhanded Strike"],"picked":"Endless Agony","floor":24.0},{"not_picked":["Reflex+1","Flechettes","Bane"],"picked":"Underhanded Strike","floor":28.0},{"not_picked":["Backflip","Underhanded Strike","Bullet Time"],"picked":"Endless Agony","floor":29.0},{"not_picked":["Dodge and Roll","Deadly Poison","Prepared"],"picked":"Blade Dance","floor":31.0}],"player_experience":1643191,"relics_obtained":[{"floor":6.0,"key":"Shuriken"},{"floor":9.0,"key":"Question Card"},{"floor":24.0,"key":"Pen Nib"},{"floor":25.0,"key":"Mercury Hourglass"},{"floor":26.0,"key":"Darkstone Periapt"},{"floor":28.0,"key":"Thread and Needle"}],"event_choices":[{"damage_healed":0.0,"max_hp_gain":0.0,"max_hp_loss":0.0,"gold_gain":56.0,"event_name":"Golden Wing","player_choice":"Gained Gold","floor":4.0,"gold_loss":0.0,"damage_taken":0.0},{"damage_healed":0.0,"max_hp_gain":0.0,"max_hp_loss":0.0,"gold_gain":0.0,"event_name":"Scrap Ooze","player_choice":"Success","floor":5.0,"gold_loss":0.0,"damage_taken":11.0,"relics_obtained":["Oddly Smooth Stone"]},{"damage_healed":0.0,"max_hp_gain":0.0,"max_hp_loss":0.0,"gold_gain":0.0,"event_name":"Back to Basics","player_choice":"Simplicity","floor":20.0,"gold_loss":0.0,"damage_taken":0.0,"cards_upgraded":["Strike_G","Strike_G","Strike_G","Strike_G","Strike_G","Defend_G","Defend_G","Defend_G","Defend_G","Defend_G"]}],"is_beta":false,"boss_relics":[{"not_picked":["Ectoplasm","Velvet Choker"],"picked":"Sozu"}],"items_purged_floors":[],"is_endless":false,"potions_floor_spawned":[11,14,16,28,29],"killed_by":"Automaton","ascension_level":16}