{"gold_per_floor":[117,31,181,106,18,32,32,62,131,131,131,150,184,194,194,194],"floor_reached":16,"playtime":246,"items_purged":[],"score":266,"play_id":"ec922139-9f65-4034-8479-b032225d4ff1","local_time":"20190612221244","is_ascension_mode":true,"campfire_choices":[{"data":"Bash","floor":7,"key":"SMITH"},{"data":"Whirlwind","floor":10,"key":"SMITH"},{"data":"Armaments","floor":15,"key":"SMITH"}],"neow_cost":"NONE","seed_source_timestamp":375943148102500,"circlet_count":0,"master_deck":["AscendersBane","Strike_R","Strike_R","Strike_R","Strike_R","Strike_R","Defend_R","Defend_R","Defend_R","Defend_R","Bash+1","Whirlwind+1","Evolve","Feel No Pain","Disarm","Armaments+1","Dark Embrace"],"relics":["Burning Blood","NeowsBlessing","Bag of Preparation","Shuriken","Potion Belt","Ancient Tea Set"],"potions_floor_usage":[13,16],"damage_taken":[{"damage":0,"enemies":"Small Slimes","floor":1,"turns":1},{"damage":0,"enemies":"Jaw Worm","floor":6,"turns":1},{"damage":0,"enemies":"Gremlin Nob","floor":8,"turns":1},{"damage":6,"enemies":"Cultist","floor":12,"turns":3},{"damage":34,"enemies":"Lagavulin","floor":13,"turns":7},{"damage":27,"enemies":"Large Slime","floor":14,"turns":5},{"damage":34,"enemies":"Hexaghost","floor":16,"turns":9}],"seed_played":"6300563963005749174","potions_obtained":[{"floor":6,"key":"BloodPotion"},{"floor":8,"key":"EssenceOfSteel"}],"is_trial":false,"path_per_floor":["M","$","?","?","$","M","R","E","T","R","T","M","E","M","R","B"],"character_chosen":"IRONCLAD","items_purchased":["Evolve","Feel No Pain"],"campfire_rested":0,"item_purchase_floors":[2,5],"current_hp_per_floor":[74,74,74,74,74,75,75,75,75,75,75,75,54,33,33,0],"gold":194,"neow_bonus":"THREE_ENEMY_KILL","is_prod":false,"is_daily":false,"chose_seed":false,"campfire_upgraded":3,"win_rate":0,"timestamp":1560345164,"path_taken":["M","$","?","?","$","M","R","E","T","R","?","?","E","M","R","BOSS"],"build_version":"2019-01-23","purchased_purges":0,"victory":false,"max_hp_per_floor":[75,75,75,75,75,75,75,75,75,75,75,75,75,75,75,75],"card_choices":[{"not_picked":["Anger","Armaments"],"picked":"Whirlwind","floor":1},{"not_picked":["Dropkick","Iron Wave","Twin Strike"],"picked":"SKIP","floor":6},{"not_picked":["Armaments","Burning Pact"],"picked":"Disarm","floor":8},{"not_picked":["Thunderclap","Iron Wave"],"picked":"Armaments","floor":12},{"not_picked":["Infernal Blade","Rage"],"picked":"Dark Embrace","floor":13},{"not_picked":["Uppercut","Infernal Blade","Sword Boomerang"],"picked":"SKIP","floor":14}],"player_experience":623557,"relics_obtained":[{"floor":8,"key":"Bag of Preparation"},{"floor":9,"key":"Shuriken"},{"floor":11,"key":"Potion Belt"},{"floor":13,"key":"Ancient Tea Set"}],"event_choices":[{"damage_healed":0,"gold_gain":150,"player_choice":"AGREE","damage_taken":0,"max_hp_gain":0,"max_hp_loss":0,"event_name":"Liars Game","floor":3,"gold_loss":0,"cards_obtained":["Doubt"]},{"cards_removed":["Doubt"],"damage_healed":0,"gold_gain":0,"player_choice":"Card Removal","damage_taken":0,"max_hp_gain":0,"max_hp_loss":0,"event_name":"The Cleric","floor":4,"gold_loss":75}],"is_beta":false,"boss_relics":[],"items_purged_floors":[],"is_endless":false,"potions_floor_spawned":[6,8],"killed_by":"Hexaghost","ascension_level":20}