{"gold_per_floor":[13,13,37,37,58,58,71,89,89,89,168,168,199,235,235,329,329,342,342,342,267,291,291,311,15,15,58,58,58,81,2,2,101,101,117,117,137,137,87,121,121,152,152,165,203,203,71,89,89,89,89,89,89,35,76,76],"floor_reached":57,"playtime":3887,"items_purged":["Cleave+1"],"score":2832,"play_id":"51f3c57d-0e6b-4c5b-a060-7118b3cb8cf6","local_time":"20190721162205","is_ascension_mode":true,"campfire_choices":[{"data":"Immolate","floor":6.0,"key":"SMITH"},{"data":"Bash","floor":10.0,"key":"SMITH"},{"data":"Battle Trance","floor":12.0,"key":"SMITH"},{"data":"Inflame","floor":15.0,"key":"SMITH"},{"data":"Flame Barrier","floor":23.0,"key":"SMITH"},{"data":"Feel No Pain","floor":29.0,"key":"SMITH"},{"data":"True Grit","floor":32.0,"key":"SMITH"},{"data":"Corruption","floor":41.0,"key":"SMITH"},{"data":"Entrench","floor":46.0,"key":"SMITH"},{"floor":49.0,"key":"RECALL"},{"data":"Exhume","floor":53.0,"key":"SMITH"}],"neow_cost":"NO_GOLD","seed_source_timestamp":172485778550400,"circlet_count":0,"master_deck":["AscendersBane","Bash+1","Immolate+1","Second Wind+1","Battle Trance+1","Seeing Red","Feel No Pain+1","Juggernaut","Flame Barrier+1","Entrench+1","Metallicize+1","Carnage+1","True Grit+1","Power Through","Feel No Pain","Battle Trance","Corruption+1","Exhume+1","Demon Form+1","Exhume+1","Rupture+1","Master of Strategy","Deep Breath","Secret Technique","Dropkick+1","Pommel Strike+1","Sword Boomerang+1","Flash of Steel+1","Evolve+1","Intimidate+1","Dropkick+1"],"special_seed":0,"relics":["Burning Blood","Golden Idol","Du-Vu Doll","Molten Egg 2","WingedGreaves","Happy Flower","Pandora\u0027s Box","Nilry\u0027s Codex","Lee\u0027s Waffle","Bag of Marbles","Astrolabe","Pear","Ginger","Frozen Egg 2","Girya","Paper Frog"],"potions_floor_usage":[56],"damage_taken":[{"damage":9.0,"enemies":"2 Louse","floor":1.0,"turns":2.0},{"damage":2.0,"enemies":"Jaw Worm","floor":3.0,"turns":3.0},{"damage":4.0,"enemies":"Cultist","floor":5.0,"turns":4.0},{"damage":8.0,"enemies":"Exordium Thugs","floor":7.0,"turns":3.0},{"damage":0.0,"enemies":"Large Slime","floor":8.0,"turns":3.0},{"damage":11.0,"enemies":"Gremlin Nob","floor":11.0,"turns":3.0},{"damage":10.0,"enemies":"Lagavulin","floor":13.0,"turns":5.0},{"damage":10.0,"enemies":"3 Sentries","floor":14.0,"turns":3.0},{"damage":27.0,"enemies":"Slime Boss","floor":16.0,"turns":8.0},{"damage":0.0,"enemies":"Chosen","floor":18.0,"turns":3.0},{"damage":4.0,"enemies":"Spheric Guardian","floor":22.0,"turns":3.0},{"damage":22.0,"enemies":"Cultist and Chosen","floor":24.0,"turns":5.0},{"damage":33.0,"enemies":"Book of Stabbing","floor":27.0,"turns":5.0},{"damage":0.0,"enemies":"Snake Plant","floor":30.0,"turns":3.0},{"damage":7.0,"enemies":"Champ","floor":33.0,"turns":10.0},{"damage":8.0,"enemies":"Orb Walker","floor":35.0,"turns":7.0},{"damage":0.0,"enemies":"3 Shapes","floor":37.0,"turns":6.0},{"damage":0.0,"enemies":"Reptomancer","floor":40.0,"turns":5.0},{"damage":42.0,"enemies":"Nemesis","floor":42.0,"turns":7.0},{"damage":24.0,"enemies":"Jaw Worm Horde","floor":44.0,"turns":4.0},{"damage":6.0,"enemies":"Giant Head","floor":45.0,"turns":7.0},{"damage":0.0,"enemies":"Transient","floor":48.0,"turns":6.0},{"damage":32.0,"enemies":"Awakened One","floor":50.0,"turns":9.0},{"damage":7.0,"enemies":"Donu and Deca","floor":51.0,"turns":7.0},{"damage":3.0,"enemies":"Shield and Spear","floor":55.0,"turns":5.0},{"damage":61,"enemies":"The Heart","floor":56,"turns":10}],"seed_played":"-756076821353823229","potions_obtained":[{"floor":3.0,"key":"FearPotion"},{"floor":7.0,"key":"Weak Potion"},{"floor":8.0,"key":"Strength Potion"},{"floor":13.0,"key":"EntropicBrew"},{"floor":27.0,"key":"PowerPotion"},{"floor":37.0,"key":"Explosive Potion"},{"floor":40.0,"key":"AttackPotion"},{"floor":44.0,"key":"Explosive Potion"},{"floor":45.0,"key":"Regen Potion"}],"is_trial":false,"path_per_floor":["M","?","M","$","M","R","M","M","T","R","?","R","E","E","R","B",null,"M","?","?","?","M","R","M","$","T","E","?","R","M","$","R","B",null,"M","?","M","?","?","E","R","E","T","M","E","R","$","M","R","B","B",null,"R","$","E","B",null],"character_chosen":"IRONCLAD","items_purchased":["Lee\u0027s Waffle","Corruption","Flash of Steel+1","Evolve+1","Weak Potion"],"campfire_rested":0,"item_purchase_floors":[25,31,47,47,54],"current_hp_per_floor":[65,39,43,43,45,45,43,49,49,49,44,44,40,36,36,15,60,66,45,45,45,47,47,31,82,82,55,55,55,61,61,61,60,77,75,65,71,71,71,87,87,51,51,33,33,33,33,54,54,28,27,76,76,76,79,24],"gold":76,"neow_bonus":"THREE_RARE_CARDS","is_prod":false,"is_daily":false,"chose_seed":false,"campfire_upgraded":10,"win_rate":0,"timestamp":1563693725,"path_taken":["M","?","M","?","M","R","M","M","T","R","?","R","E","E","R","BOSS","M","?","?","?","M","R","M","$","T","E","?","R","?","?","R","BOSS","M","?","M","?","?","E","R","E","T","?","E","R","$","M","R","BOSS","BOSS","R","$","E","BOSS"],"build_version":"2019-07-17","purchased_purges":1,"victory":true,"max_hp_per_floor":[75,75,75,75,75,75,75,75,75,75,75,75,75,75,75,75,75,75,75,75,75,75,75,75,82,82,82,82,82,82,82,82,82,82,82,82,82,82,82,92,92,92,92,92,92,92,92,92,92,92,92,92,92,92,92,92],"card_choices":[{"not_picked":["Dark Embrace","Fiend Fire"],"picked":"Immolate","floor":0.0},{"not_picked":["Clash","Rampage"],"picked":"Second Wind","floor":1.0},{"not_picked":["Heavy Blade","Iron Wave","Warcry"],"picked":"SKIP","floor":3.0},{"not_picked":["Clash","Heavy Blade","Perfected Strike"],"picked":"SKIP","floor":5.0},{"not_picked":["Seeing Red","Havoc"],"picked":"Battle Trance","floor":7.0},{"not_picked":["Clash","Anger","Cleave"],"picked":"SKIP","floor":8.0},{"not_picked":["Metallicize","Heavy Blade"],"picked":"Seeing Red","floor":11.0},{"not_picked":["Warcry","Fire Breathing"],"picked":"Inflame","floor":13.0},{"not_picked":["Hemokinesis+1","Clash+1"],"picked":"Feel No Pain","floor":14.0},{"not_picked":["Immolate+1","Barricade"],"picked":"Juggernaut","floor":16.0},{"not_picked":["Fire Breathing","Warcry"],"picked":"True Grit","floor":18.0},{"not_picked":["Metallicize","Rampage+1","Iron Wave+1"],"picked":"SKIP","floor":22.0},{"not_picked":["Wild Strike+1","Whirlwind+1"],"picked":"Power Through","floor":24.0},{"not_picked":["Carnage+1","Reckless Charge+1","Entrench"],"picked":"SKIP","floor":27.0},{"not_picked":["Wild Strike+1","Flex"],"picked":"Battle Trance","floor":30.0},{"not_picked":["Impervious","Demon Form"],"picked":"Exhume","floor":33.0},{"not_picked":["Sword Boomerang+1","Thunderclap+1","Combust"],"picked":"SKIP","floor":35.0},{"not_picked":["Thunderclap+1","Combust"],"picked":"Sword Boomerang+1","floor":35.0},{"not_picked":["Dramatic Entrance+1","Good Instincts"],"picked":"Master of Strategy","floor":36.0},{"not_picked":["Purity","Sadistic Nature"],"picked":"Deep Breath","floor":36.0},{"not_picked":["Trip","Sadistic Nature"],"picked":"Secret Technique","floor":36.0},{"not_picked":["Seeing Red","Flex"],"picked":"Dropkick+1","floor":37.0},{"not_picked":["Armaments","Entrench"],"picked":"Pommel Strike+1","floor":40.0},{"not_picked":["Wild Strike+1","Anger+1","Juggernaut"],"picked":"SKIP","floor":42.0},{"not_picked":["Cleave+1","Iron Wave+1"],"picked":"Sword Boomerang+1","floor":44.0},{"not_picked":["Clothesline+1","Heavy Blade+1","Pommel Strike+1"],"picked":"SKIP","floor":45.0},{"not_picked":["Rupture+1","Pommel Strike+1"],"picked":"Intimidate+1","floor":48.0},{"not_picked":["Havoc","Clash+1"],"picked":"Dropkick+1","floor":55.0}],"player_experience":1113137,"relics_obtained":[{"floor":9.0,"key":"Du-Vu Doll"},{"floor":11.0,"key":"Molten Egg 2"},{"floor":13.0,"key":"WingedGreaves"},{"floor":14.0,"key":"Happy Flower"},{"floor":19.0,"key":"Nilry\u0027s Codex"},{"floor":27.0,"key":"Bag of Marbles"},{"floor":40.0,"key":"Pear"},{"floor":42.0,"key":"Ginger"},{"floor":43.0,"key":"Frozen Egg 2"},{"floor":45.0,"key":"Girya"},{"floor":55.0,"key":"Paper Frog"}],"event_choices":[{"damage_healed":0.0,"max_hp_gain":0.0,"max_hp_loss":0.0,"gold_gain":0.0,"event_name":"Golden Idol","player_choice":"Take Damage","floor":2.0,"gold_loss":0.0,"damage_taken":26.0,"relics_obtained":["Golden Idol"]},{"damage_healed":0.0,"max_hp_gain":0.0,"max_hp_loss":0.0,"gold_gain":0.0,"event_name":"Dead Adventurer","player_choice":"Searched \u00272\u0027 times","floor":11.0,"gold_loss":0.0,"damage_taken":0.0},{"damage_healed":0.0,"max_hp_gain":0.0,"max_hp_loss":0.0,"gold_gain":0.0,"event_name":"Cursed Tome","player_choice":"Obtained Book","floor":19.0,"gold_loss":0.0,"damage_taken":21.0},{"cards_removed":["Fire Breathing"],"damage_healed":0.0,"max_hp_gain":0.0,"max_hp_loss":0.0,"gold_gain":0.0,"event_name":"Back to Basics","player_choice":"Elegance","floor":20.0,"gold_loss":0.0,"damage_taken":0.0},{"cards_removed":["Wild Strike"],"damage_healed":0.0,"max_hp_gain":0.0,"max_hp_loss":0.0,"gold_gain":0.0,"event_name":"Beggar","player_choice":"Gave Gold","floor":21.0,"gold_loss":75.0,"damage_taken":0.0},{"damage_healed":0.0,"max_hp_gain":0.0,"max_hp_loss":0.0,"gold_gain":0.0,"event_name":"Duplicator","player_choice":"Copied","floor":28.0,"gold_loss":0.0,"damage_taken":0.0,"cards_obtained":["Feel No Pain"]},{"damage_healed":0.0,"max_hp_gain":0.0,"max_hp_loss":0.0,"gold_gain":0.0,"event_name":"SensoryStone","player_choice":"Memory 3","floor":36.0,"gold_loss":0.0,"damage_taken":10.0},{"cards_removed":["Sword Boomerang"],"damage_healed":0.0,"max_hp_gain":0.0,"max_hp_loss":0.0,"gold_gain":0.0,"event_name":"Falling","player_choice":"Removed Attack","floor":38.0,"gold_loss":0.0,"damage_taken":0.0},{"damage_healed":0.0,"max_hp_gain":0.0,"max_hp_loss":0.0,"gold_gain":0.0,"event_name":"Designer","player_choice":"Upgraded Two","floor":39.0,"gold_loss":50.0,"damage_taken":0.0,"cards_upgraded":["Metallicize","Second Wind"]}],"is_beta":false,"boss_relics":[{"not_picked":["Cursed Key","Mark of Pain"],"picked":"Pandora\u0027s Box"},{"not_picked":["Empty Cage","Runic Cube"],"picked":"Astrolabe"}],"items_purged_floors":[25],"is_endless":false,"potions_floor_spawned":[3,7,8,13,27,37,40,44,45],"ascension_level":20}