{"gold_per_floor":[109,157,157,107,125,159,113,113,138,154,154,187,207,227,227,227],"floor_reached":16,"playtime":949,"items_purged":[],"score":196,"play_id":"94887ad8-a815-4f9d-b251-ffc706aaffec","local_time":"20190615105055","is_ascension_mode":true,"campfire_choices":[{"data":"Acrobatics","floor":8.0,"key":"SMITH"},{"data":"Tactician","floor":11.0,"key":"SMITH"},{"floor":15,"key":"REST"}],"neow_cost":"NONE","seed_source_timestamp":143787306935328,"circlet_count":0,"master_deck":["Defend_G","Defend_G","Defend_G","Defend_G","Defend_G","Strike_G","Strike_G","Strike_G","Strike_G","Strike_G","Survivor","Neutralize","Tactician+1","Quick Slash","Tactician+1","Burst","Acrobatics+1","PiercingWail","Escape Plan","Predator","Acrobatics"],"special_seed":0,"relics":["Ring of the Snake","NeowsBlessing","Lantern","Art of War","Pen Nib","Smiling Mask"],"potions_floor_usage":[14,16],"damage_taken":[{"damage":0.0,"enemies":"Cultist","floor":1.0,"turns":1.0},{"damage":0.0,"enemies":"2 Louse","floor":5.0,"turns":1.0},{"damage":0.0,"enemies":"3 Sentries","floor":6.0,"turns":2.0},{"damage":0.0,"enemies":"Jaw Worm","floor":10.0,"turns":4.0},{"damage":21.0,"enemies":"Gremlin Nob","floor":12.0,"turns":4.0},{"damage":0.0,"enemies":"Exordium Wildlife","floor":13.0,"turns":5.0},{"damage":0,"enemies":"3 Louse","floor":14,"turns":1},{"damage":65,"enemies":"Hexaghost","floor":16,"turns":16}],"seed_played":"37407617448311372","potions_obtained":[{"floor":1.0,"key":"Dexterity Potion"},{"floor":6.0,"key":"PowerPotion"},{"floor":12.0,"key":"Ancient Potion"},{"floor":13.0,"key":"Explosive Potion"}],"is_trial":false,"path_per_floor":["M","T","?","$","M","E","$","R","T","M","R","E","M","M","R","B"],"character_chosen":"THE_SILENT","items_purchased":["Quick Slash","Acrobatics"],"campfire_rested":1,"item_purchase_floors":[4,7],"current_hp_per_floor":[63,63,63,63,63,63,63,63,63,63,63,42,42,42,63,0],"gold":227,"neow_bonus":"THREE_ENEMY_KILL","is_prod":false,"is_daily":false,"chose_seed":false,"campfire_upgraded":2,"win_rate":0,"timestamp":1560585055,"path_taken":["M","?","?","$","M","E","?","R","T","?","R","E","M","M","R","BOSS"],"build_version":"2019-01-23","purchased_purges":0,"victory":false,"max_hp_per_floor":[70,70,70,70,70,70,70,70,70,70,70,70,70,70,70,70],"card_choices":[{"not_picked":["Endless Agony","Escape Plan"],"picked":"Tactician","floor":1.0},{"not_picked":["Poisoned Stab","Heel Hook"],"picked":"Tactician","floor":5.0},{"not_picked":["Deflect","Sucker Punch"],"picked":"Burst","floor":6.0},{"not_picked":["Leg Sweep","Distraction"],"picked":"PiercingWail","floor":10.0},{"not_picked":["Poisoned Stab","Bane"],"picked":"Escape Plan","floor":12.0},{"not_picked":["Crippling Poison","Dodge and Roll"],"picked":"Predator","floor":13.0},{"not_picked":["Deflect","Skewer"],"picked":"Acrobatics","floor":14}],"player_experience":1529995,"relics_obtained":[{"floor":2.0,"key":"Lantern"},{"floor":6.0,"key":"Art of War"},{"floor":9.0,"key":"Pen Nib"},{"floor":12.0,"key":"Smiling Mask"}],"event_choices":[{"damage_healed":0.0,"max_hp_gain":0.0,"max_hp_loss":0.0,"gold_gain":0.0,"event_name":"Living Wall","player_choice":"Grow","floor":3.0,"gold_loss":0.0,"damage_taken":0.0,"cards_upgraded":["Tactician"]}],"is_beta":false,"boss_relics":[],"items_purged_floors":[],"is_endless":false,"potions_floor_spawned":[1,6,12,13],"killed_by":"Hexaghost","ascension_level":9}