{"gold_per_floor":[117,117,39,39,39,39,367,367,391,391,403,436,436,39,39,39],"floor_reached":16,"playtime":396,"items_purged":[],"score":208,"play_id":"b201116a-a7a5-4cca-ad5b-06fec3aafdf7","local_time":"20190614010633","is_ascension_mode":true,"campfire_choices":[{"data":"Bash","floor":6.0,"key":"SMITH"},{"floor":8.0,"key":"REST"},{"data":"Spot Weakness","floor":10.0,"key":"SMITH"},{"data":"True Grit","floor":13.0,"key":"SMITH"},{"data":"Shrug It Off","floor":15.0,"key":"SMITH"}],"neow_cost":"NONE","seed_source_timestamp":36577527504000,"circlet_count":0,"master_deck":["AscendersBane","Strike_R","Strike_R","Defend_R","Defend_R","Defend_R","Defend_R","Bash+1","Spot Weakness+1","Evolve","Shrug It Off+1","True Grit+1","Deep Breath"],"special_seed":0,"relics":["Empty Cage","Old Coin","Bronze Scales","Dream Catcher","Blood Vial","Tiny Chest"],"potions_floor_usage":[],"damage_taken":[{"damage":7.0,"enemies":"Small Slimes","floor":1.0,"turns":4.0},{"damage":55.0,"enemies":"Lagavulin","floor":7.0,"turns":8.0},{"damage":1.0,"enemies":"Cultist","floor":11.0,"turns":5.0},{"damage":19.0,"enemies":"3 Sentries","floor":12.0,"turns":8.0},{"damage":0,"enemies":"The Guardian","floor":16,"turns":1}],"seed_played":"-5648415299960134210","potions_obtained":[{"floor":1.0,"key":"Fire Potion"}],"is_trial":false,"path_per_floor":["M","?","$","?","?","R","E","R","T","R","M","E","R","$","R","B"],"character_chosen":"IRONCLAD","items_purchased":["Evolve","Blood Vial","Tiny Chest","Deep Breath"],"campfire_rested":1,"item_purchase_floors":[3,14,14,14],"current_hp_per_floor":[61,50,50,75,68,68,13,35,35,35,34,15,15,15,15,17],"gold":39,"neow_bonus":"BOSS_RELIC","is_prod":false,"is_daily":false,"chose_seed":false,"campfire_upgraded":4,"win_rate":0,"timestamp":1560441993,"path_taken":["M","?","?","?","?","R","E","R","T","R","?","E","R","$","R","BOSS"],"build_version":"2019-01-23","purchased_purges":0,"victory":false,"max_hp_per_floor":[75,75,75,75,75,75,75,75,75,75,75,75,75,75,75,75],"card_choices":[{"not_picked":["Corruption","Power Through"],"picked":"Spot Weakness","floor":1.0},{"not_picked":["Inflame","Twin Strike"],"picked":"Shrug It Off","floor":7.0},{"not_picked":["Reckless Charge","Spot Weakness","Combust"],"picked":"SKIP","floor":11.0},{"not_picked":["Carnage","Warcry"],"picked":"True Grit","floor":12.0}],"player_experience":645377,"relics_obtained":[{"floor":7.0,"key":"Old Coin"},{"floor":9.0,"key":"Bronze Scales"},{"floor":12.0,"key":"Dream Catcher"}],"event_choices":[{"damage_healed":0.0,"max_hp_gain":0.0,"max_hp_loss":0.0,"gold_gain":0.0,"event_name":"Wheel of Change","player_choice":"Damaged","floor":2.0,"gold_loss":0.0,"damage_taken":11.0},{"damage_healed":25.0,"max_hp_gain":0.0,"max_hp_loss":0.0,"gold_gain":0.0,"event_name":"Big Fish","player_choice":"Banana","floor":4.0,"gold_loss":0.0,"damage_taken":0.0},{"cards_removed":["Strike_R"],"damage_healed":0.0,"max_hp_gain":0.0,"max_hp_loss":0.0,"gold_gain":0.0,"event_name":"Golden Wing","player_choice":"Card Removal","floor":5.0,"gold_loss":0.0,"damage_taken":7.0}],"is_beta":false,"boss_relics":[],"items_purged_floors":[],"is_endless":false,"potions_floor_spawned":[1],"killed_by":"The Guardian","ascension_level":20}