{"gold_per_floor":[368,380,57,74,74,107,32,32,107,14,44,58,58,58],"floor_reached":14,"playtime":403,"items_purged":["Decay"],"score":196,"play_id":"bd6d2917-b8fb-4acd-a50d-14f3a3fb80b4","local_time":"20190703161705","is_ascension_mode":true,"campfire_choices":[{"data":"Armaments","floor":13,"key":"SMITH"}],"neow_cost":"CURSE","seed_source_timestamp":373798282420700,"circlet_count":0,"master_deck":["AscendersBane","Strike_R","Strike_R","Strike_R","Strike_R","Defend_R","Defend_R","Defend_R","Defend_R","Bash","Inflame","Armaments+1","Impervious","Corruption","Rampage","Pain","Feel No Pain","True Grit","Berserk"],"relics":["Burning Blood","Regal Pillow","Centennial Puzzle","Vajra","WarpedTongs","Question Card","Pen Nib"],"potions_floor_usage":[11],"damage_taken":[{"damage":15,"enemies":"Jaw Worm","floor":1,"turns":6},{"damage":8,"enemies":"2 Louse","floor":2,"turns":5},{"damage":3,"enemies":"Small Slimes","floor":4,"turns":6},{"damage":5,"enemies":"Lagavulin","floor":6,"turns":7},{"damage":10,"enemies":"Gremlin Nob","floor":11,"turns":4},{"damage":13,"enemies":"Exordium Thugs","floor":12,"turns":5},{"damage":0,"enemies":"3 Louse","floor":14,"turns":2}],"seed_played":"-6915999125707944437","potions_obtained":[{"floor":4,"key":"Ancient Potion"},{"floor":11,"key":"LiquidBronze"}],"is_trial":false,"path_per_floor":["M","M","$","M","?","E","?","?","T","$","E","M","R","M"],"character_chosen":"IRONCLAD","items_purchased":["Impervious","Regal Pillow","Feel No Pain","True Grit"],"campfire_rested":0,"item_purchase_floors":[3,3,10,10],"current_hp_per_floor":[59,57,57,60,34,35,35,35,35,35,31,24,24,24],"gold":58,"neow_bonus":"TWO_FIFTY_GOLD","is_prod":false,"is_daily":false,"chose_seed":false,"campfire_upgraded":1,"win_rate":0,"timestamp":1562138225,"path_taken":["M","M","$","M","?","E","?","?","T","$","E","M","R","M"],"build_version":"2019-07-01","purchased_purges":1,"victory":false,"max_hp_per_floor":[75,75,75,75,75,75,75,75,75,75,75,75,75,75],"card_choices":[{"not_picked":["True Grit","Sentinel"],"picked":"Inflame","floor":1},{"not_picked":["Sever Soul","Infernal Blade"],"picked":"Armaments","floor":2},{"not_picked":["Flex","Cleave"],"picked":"Corruption","floor":4},{"not_picked":["Combust","Flex"],"picked":"Rampage","floor":6},{"not_picked":["Cleave","Rage","Clothesline","Sword Boomerang"],"picked":"SKIP","floor":11},{"not_picked":["Seeing Red","Flex","Twin Strike"],"picked":"Berserk","floor":12}],"player_experience":911765,"relics_obtained":[{"floor":6,"key":"Vajra"},{"floor":9,"key":"Question Card"},{"floor":11,"key":"Pen Nib"}],"event_choices":[{"damage_healed":0,"gold_gain":0,"player_choice":"Success","damage_taken":26,"relics_obtained":["Centennial Puzzle"],"max_hp_gain":0,"max_hp_loss":0,"event_name":"Scrap Ooze","floor":5,"gold_loss":0},{"cards_removed":["Strike_R"],"damage_healed":0,"gold_gain":0,"player_choice":"Card Removal","damage_taken":0,"max_hp_gain":0,"max_hp_loss":0,"event_name":"The Cleric","floor":7,"gold_loss":75},{"damage_healed":0,"gold_gain":0,"player_choice":"Rummage","damage_taken":0,"relics_obtained":["WarpedTongs"],"max_hp_gain":0,"max_hp_loss":0,"event_name":"Accursed Blacksmith","floor":8,"gold_loss":0,"cards_obtained":["Pain"]}],"is_beta":false,"boss_relics":[],"items_purged_floors":[3],"is_endless":false,"potions_floor_spawned":[4,11],"killed_by":"3 Louse","ascension_level":20}