{"gold_per_floor":[117,137,149,224,224,224,267,281,281,281,294,294],"floor_reached":12,"playtime":183,"items_purged":[],"score":160,"play_id":"059d3a9c-56ca-4d75-bac4-739ab4ee2ab5","local_time":"20190716171734","is_ascension_mode":true,"campfire_choices":[{"data":"Rampage","floor":6,"key":"SMITH"},{"data":"Bludgeon","floor":10,"key":"SMITH"}],"neow_cost":"NONE","seed_source_timestamp":315544981924900,"circlet_count":0,"master_deck":["AscendersBane","Strike_R","Strike_R","Strike_R","Strike_R","Strike_R","Defend_R","Defend_R","Defend_R","Defend_R","Bash","Pommel Strike","Seeing Red","Rampage+1","Bludgeon+1","Shrug It Off+1","True Grit+1"],"relics":["Burning Blood","NeowsBlessing","Golden Idol","Toxic Egg 2"],"potions_floor_usage":[],"damage_taken":[{"damage":0,"enemies":"Cultist","floor":1,"turns":1},{"damage":0,"enemies":"Small Slimes","floor":2,"turns":1},{"damage":0,"enemies":"Jaw Worm","floor":3,"turns":1},{"damage":39,"enemies":"Gremlin Nob","floor":7,"turns":4},{"damage":12,"enemies":"Looter","floor":8,"turns":3},{"damage":21,"enemies":"Exordium Thugs","floor":11,"turns":4},{"damage":0,"enemies":"Lagavulin","floor":12,"turns":4}],"seed_played":"5719451629332948772","potions_obtained":[{"floor":8,"key":"Strength Potion"}],"is_trial":false,"path_per_floor":["M","M","M","?","?","R","E","M","T","R","M","E"],"character_chosen":"IRONCLAD","items_purchased":[],"campfire_rested":0,"item_purchase_floors":[],"current_hp_per_floor":[74,75,75,64,64,64,31,25,25,25,10,10],"gold":294,"neow_bonus":"THREE_ENEMY_KILL","is_prod":false,"is_daily":false,"chose_seed":false,"campfire_upgraded":2,"win_rate":0,"timestamp":1563265054,"path_taken":["M","?","M","?","?","R","E","M","T","R","M","E"],"build_version":"2019-07-05","purchased_purges":0,"victory":false,"max_hp_per_floor":[75,75,75,75,68,68,68,68,68,68,68,68],"card_choices":[{"not_picked":["Havoc","Iron Wave"],"picked":"Pommel Strike","floor":1},{"not_picked":["True Grit","Flex"],"picked":"Seeing Red","floor":2},{"not_picked":["Uppercut","Rage"],"picked":"Rampage","floor":3},{"not_picked":["Clothesline","Inflame"],"picked":"Bludgeon","floor":7},{"not_picked":["Pommel Strike","Rampage"],"picked":"Shrug It Off+1","floor":8},{"not_picked":["Burning Pact+1","Anger"],"picked":"True Grit+1","floor":11}],"player_experience":1061925,"relics_obtained":[{"floor":7,"key":"Toxic Egg 2"}],"event_choices":[{"damage_healed":0,"gold_gain":75,"player_choice":"Gather Gold","damage_taken":11,"max_hp_gain":0,"max_hp_loss":0,"event_name":"World of Goop","floor":4,"gold_loss":0},{"damage_healed":0,"gold_gain":0,"player_choice":"Lose Max HP","damage_taken":0,"relics_obtained":["Golden Idol"],"max_hp_gain":0,"max_hp_loss":7,"event_name":"Golden Idol","floor":5,"gold_loss":0}],"is_beta":false,"boss_relics":[],"items_purged_floors":[],"is_endless":false,"potions_floor_spawned":[8],"killed_by":"Lagavulin","ascension_level":20}