{"gold_per_floor":[115,115,115,115,115,115,148,148,173,193,193,205,219,247,247,319,319,333,344,344,269,269,269,300,300,300,300,330,430,457,467,467,545,545,556,567,567,580,284,313,313,347,347,382,394,506,553,575,587,599,611,623,635,36,70,70],"floor_reached":57,"playtime":3742,"items_purged":["Sweeping Beam","Redo"],"score":3264,"play_id":"952b56a8-1b89-49d8-b30c-791db1061c4f","local_time":"20190713202608","is_ascension_mode":true,"campfire_choices":[{"data":"Dualcast","floor":6.0,"key":"SMITH"},{"floor":8.0,"key":"REST"},{"data":"Coolheaded","floor":11.0,"key":"SMITH"},{"data":"Conserve Battery","floor":15.0,"key":"SMITH"},{"data":"Buffer","floor":23.0,"key":"SMITH"},{"data":"Turbo","floor":25.0,"key":"SMITH"},{"floor":27.0,"key":"REST"},{"data":"Zap","floor":32.0,"key":"SMITH"},{"floor":41.0,"key":"REST"},{"floor":45.0,"key":"RECALL"},{"floor":49.0,"key":"REST"},{"floor":53.0,"key":"REST"}],"neow_cost":"NONE","seed_source_timestamp":63890936208600,"circlet_count":0,"master_deck":["AscendersBane","Zap+1","Dualcast+1","Double Energy","Electrodynamics","Double Energy+1","Skim+1","Conserve Battery+1","Coolheaded+1","Double Energy","Biased Cognition","Gash+1","Turbo+1","Buffer+1","Echo Form","Core Surge","Madness","Madness","Purity","Hologram","Skim","Core Surge"],"special_seed":0,"relics":["Pandora\u0027s Box","Singing Bowl","Regal Pillow","Darkstone Periapt","Sozu","Blood Vial","Lantern","Whetstone","Ginger","Mercury Hourglass","The Courier","Black Star","Happy Flower","Matryoshka","Blue Candle","Vajra","Bottled Tornado","Bag of Marbles","Omamori","MawBank","Pocketwatch","Juzu Bracelet","DataDisk","Pear","Gremlin Horn","Sundial","Orichalcum","Ornamental Fan"],"potions_floor_usage":[],"damage_taken":[{"damage":0.0,"enemies":"2 Louse","floor":1.0,"turns":1.0},{"damage":36.0,"enemies":"Gremlin Nob","floor":7.0,"turns":4.0},{"damage":0.0,"enemies":"Small Slimes","floor":10.0,"turns":2.0},{"damage":0.0,"enemies":"Jaw Worm","floor":12.0,"turns":3.0},{"damage":2.0,"enemies":"Exordium Thugs","floor":13.0,"turns":2.0},{"damage":0.0,"enemies":"3 Sentries","floor":14.0,"turns":1.0},{"damage":21.0,"enemies":"The Guardian","floor":16.0,"turns":13.0},{"damage":0.0,"enemies":"Spheric Guardian","floor":18.0,"turns":2.0},{"damage":5.0,"enemies":"Shell Parasite","floor":19.0,"turns":5.0},{"damage":33.0,"enemies":"Gremlin Leader","floor":24.0,"turns":4.0},{"damage":0.0,"enemies":"Book of Stabbing","floor":28.0,"turns":4.0},{"damage":0.0,"enemies":"Colosseum Slavers","floor":29.0,"turns":2.0},{"damage":0.0,"enemies":"Colosseum Nobs","floor":29.0,"turns":4.0},{"damage":34.0,"enemies":"Gremlin Leader","floor":30.0,"turns":5.0},{"damage":14.0,"enemies":"Snake Plant","floor":31.0,"turns":3.0},{"damage":0.0,"enemies":"Champ","floor":33.0,"turns":5.0},{"damage":0.0,"enemies":"Orb Walker","floor":35.0,"turns":3.0},{"damage":15.0,"enemies":"3 Darklings","floor":36.0,"turns":3.0},{"damage":26.0,"enemies":"Sphere and 2 Shapes","floor":38.0,"turns":5.0},{"damage":3.0,"enemies":"Giant Head","floor":40.0,"turns":4.0},{"damage":9.0,"enemies":"Reptomancer","floor":42.0,"turns":3.0},{"damage":14.0,"enemies":"Nemesis","floor":44.0,"turns":3.0},{"damage":0.0,"enemies":"Mind Bloom Boss Battle","floor":46.0,"turns":4.0},{"damage":0.0,"enemies":"Reptomancer","floor":47.0,"turns":3.0},{"damage":17.0,"enemies":"Jaw Worm Horde","floor":48.0,"turns":2.0},{"damage":0.0,"enemies":"Donu and Deca","floor":50.0,"turns":3.0},{"damage":88.0,"enemies":"Time Eater","floor":51.0,"turns":10.0},{"damage":53,"enemies":"Shield and Spear","floor":55,"turns":3},{"damage":54,"enemies":"The Heart","floor":56,"turns":7}],"seed_played":"-5618558594985949118","potions_obtained":[{"floor":1.0,"key":"Strength Potion"},{"floor":13.0,"key":"Swift Potion"},{"floor":14.0,"key":"Block Potion"}],"is_trial":false,"path_per_floor":["M","?","?","$","?","R","E","R","T","M","R","M","M","E","R","B",null,"M","M","?","$","?","R","E","R","T","R","E","?","E","M","R","B",null,"M","M","?","M","$","E","R","E","T","E","R","?","E","M","R","B","B",null,"R","$","E","B",null],"character_chosen":"DEFECT","items_purchased":["Purity","Happy Flower","Pear","Gremlin Horn","Sundial"],"campfire_rested":5,"item_purchase_floors":[39,39,54,54,54],"current_hp_per_floor":[64,43,43,43,43,43,7,28,28,28,28,30,28,30,30,9,59,59,54,54,54,54,54,23,23,23,61,65,71,39,29,29,31,70,74,63,47,25,25,26,68,63,63,51,51,53,57,44,88,90,4,74,97,107,54,2],"gold":70,"neow_bonus":"BOSS_RELIC","is_prod":false,"is_daily":false,"chose_seed":false,"campfire_upgraded":6,"win_rate":0,"timestamp":1563017168,"path_taken":["M","?","?","$","?","R","E","R","T","M","R","?","M","E","R","BOSS","M","M","?","$","?","R","E","R","T","R","E","?","E","M","R","BOSS","M","M","?","M","$","E","R","E","T","E","R","?","E","M","R","BOSS","BOSS","R","$","E","BOSS"],"build_version":"2019-07-05","purchased_purges":2,"victory":true,"max_hp_per_floor":[71,71,71,71,71,71,71,71,71,71,71,73,73,75,75,75,75,75,75,75,75,75,75,77,77,77,77,79,81,81,83,83,83,83,85,87,87,89,89,91,91,93,93,93,93,93,95,97,97,97,97,97,97,107,107,107],"card_choices":[{"not_picked":["Recycle","Go for the Eyes"],"picked":"Skim","floor":1.0},{"not_picked":["Stack","Beam Cell"],"picked":"Conserve Battery","floor":7.0},{"not_picked":["Stack","Leap"],"picked":"Coolheaded","floor":10.0},{"not_picked":["Lockon","Force Field","Stack"],"picked":"Singing Bowl","floor":12.0},{"not_picked":["Redo","Streamline"],"picked":"Double Energy","floor":13.0},{"not_picked":["Streamline","Leap","Reprogram"],"picked":"Singing Bowl","floor":14.0},{"not_picked":["Buffer","Multi-Cast"],"picked":"Biased Cognition","floor":16.0},{"not_picked":["Go for the Eyes","White Noise"],"picked":"Gash","floor":18.0},{"not_picked":["Go for the Eyes","Compile Driver"],"picked":"Turbo","floor":19.0},{"not_picked":["Barrage","Gash","Cold Snap+1"],"picked":"Singing Bowl","floor":24.0},{"not_picked":["Conserve Battery","Melter","Lockon"],"picked":"Singing Bowl","floor":28.0},{"not_picked":["Steam Power","Melter","Beam Cell"],"picked":"Singing Bowl","floor":29.0},{"not_picked":["Stack+1","Gash+1"],"picked":"Echo Form","floor":30.0},{"not_picked":["Gash","Melter","Streamline"],"picked":"Singing Bowl","floor":31.0},{"not_picked":["Echo Form","Amplify"],"picked":"Core Surge","floor":33.0},{"not_picked":["Auto Shields","Cold Snap","Undo"],"picked":"Singing Bowl","floor":35.0},{"not_picked":["Turbo","Beam Cell","Melter"],"picked":"Singing Bowl","floor":36.0},{"not_picked":["Sweeping Beam","Compile Driver","Stack"],"picked":"Singing Bowl","floor":38.0},{"not_picked":["Go for the Eyes","Ball Lightning","Melter"],"picked":"Singing Bowl","floor":40.0},{"not_picked":["Rebound+1","Amplify","Tempest"],"picked":"Singing Bowl","floor":42.0},{"not_picked":["Barrage+1","Storm"],"picked":"Hologram","floor":44.0},{"not_picked":["Undo+1","Beam Cell"],"picked":"Skim","floor":46.0},{"not_picked":["Steam","Compile Driver+1","Hologram"],"picked":"Singing Bowl","floor":47.0},{"not_picked":["Gash","Barrage","Rip and Tear+1"],"picked":"Singing Bowl","floor":48.0},{"not_picked":["Reprogram","Seek"],"picked":"Core Surge","floor":55}],"player_experience":1010538,"relics_obtained":[{"floor":7.0,"key":"Singing Bowl"},{"floor":9.0,"key":"Regal Pillow"},{"floor":14.0,"key":"Darkstone Periapt"},{"floor":24.0,"key":"Blood Vial"},{"floor":26.0,"key":"Lantern"},{"floor":28.0,"key":"Whetstone"},{"floor":29.0,"key":"Ginger"},{"floor":29.0,"key":"Mercury Hourglass"},{"floor":30.0,"key":"The Courier"},{"floor":40.0,"key":"Matryoshka"},{"floor":40.0,"key":"Blue Candle"},{"floor":42.0,"key":"Vajra"},{"floor":42.0,"key":"Bottled Tornado"},{"floor":43.0,"key":"Bag of Marbles"},{"floor":44.0,"key":"Omamori"},{"floor":44.0,"key":"MawBank"},{"floor":46.0,"key":"Pocketwatch"},{"floor":47.0,"key":"Juzu Bracelet"},{"floor":47.0,"key":"DataDisk"},{"floor":55,"key":"Orichalcum"},{"floor":55,"key":"Ornamental Fan"}],"event_choices":[{"damage_healed":0.0,"max_hp_gain":0.0,"max_hp_loss":0.0,"gold_gain":0.0,"event_name":"Shining Light","player_choice":"Entered Light","floor":2.0,"gold_loss":0.0,"damage_taken":21.0,"cards_upgraded":["Double Energy","Skim"]},{"cards_removed":["Reprogram"],"damage_healed":0.0,"max_hp_gain":0.0,"max_hp_loss":0.0,"gold_gain":0.0,"event_name":"Living Wall","player_choice":"Forget","floor":3.0,"gold_loss":0.0,"damage_taken":0.0},{"cards_removed":["Steam"],"damage_healed":0.0,"max_hp_gain":0.0,"max_hp_loss":0.0,"gold_gain":0.0,"event_name":"Purifier","player_choice":"Purged","floor":5.0,"gold_loss":0.0,"damage_taken":0.0},{"damage_healed":0.0,"max_hp_gain":0.0,"max_hp_loss":0.0,"gold_gain":0.0,"event_name":"Vampires","player_choice":"Ignored","floor":20.0,"gold_loss":0.0,"damage_taken":0.0},{"damage_healed":0.0,"max_hp_gain":0.0,"max_hp_loss":0.0,"gold_gain":0.0,"cards_transformed":["Undo","Cold Snap"],"event_name":"Drug Dealer","player_choice":"Became Test Subject","floor":22.0,"gold_loss":0.0,"damage_taken":0.0,"cards_obtained":["Buffer","Redo"]},{"damage_healed":0.0,"max_hp_gain":0.0,"max_hp_loss":0.0,"gold_gain":0.0,"event_name":"Colosseum","player_choice":"Fight","floor":29.0,"gold_loss":0.0,"damage_taken":0.0},{"damage_healed":0.0,"max_hp_gain":0.0,"max_hp_loss":0.0,"gold_gain":0.0,"event_name":"Colosseum","player_choice":"Fought Nobs","floor":29.0,"gold_loss":0.0,"damage_taken":0.0},{"damage_healed":0.0,"max_hp_gain":0.0,"max_hp_loss":0.0,"gold_gain":0.0,"event_name":"Winding Halls","player_choice":"Embrace Madness","floor":37.0,"gold_loss":0.0,"damage_taken":16.0,"cards_obtained":["Madness","Madness"]},{"damage_healed":0.0,"max_hp_gain":0.0,"max_hp_loss":0.0,"gold_gain":0.0,"event_name":"MindBloom","player_choice":"Fight","floor":46.0,"gold_loss":0.0,"damage_taken":0.0}],"is_beta":false,"boss_relics":[{"not_picked":["Runic Dome","White Beast Statue"],"picked":"Sozu"},{"not_picked":["Fusion Hammer","Cursed Key"],"picked":"Black Star"}],"items_purged_floors":[21,39],"is_endless":false,"potions_floor_spawned":[1,13,14,18,30,33,35,38,40,48],"ascension_level":20}