{"gold_per_floor":[119,132,132,132,207,207,238,248,329,358,8,8,23,37,37,111,111,127,27,27,38,38,38,49,49,49,49],"floor_reached":27,"playtime":689,"items_purged":["Strike_B","Strike_B"],"score":442,"play_id":"8fba2890-803e-4dcd-bc21-8203fe6a541a","local_time":"20190718185958","is_ascension_mode":true,"campfire_choices":[{"data":"Zap","floor":6,"key":"SMITH"},{"floor":12,"key":"REST"},{"data":"Barrage","floor":15,"key":"SMITH"},{"floor":23,"key":"REST"},{"data":"Consume","floor":25,"key":"SMITH"}],"neow_cost":"NONE","seed_source_timestamp":493985682967900,"circlet_count":0,"master_deck":["AscendersBane","Defend_B","Defend_B","Defend_B","Defend_B","Zap+1","Dualcast","Coolheaded","Ball Lightning","Core Surge","Barrage+1","Coolheaded","Biased Cognition","Self Repair+1","Consume+1","Turbo"],"relics":["Inserter","Question Card","Oddly Smooth Stone","Singing Bowl","StoneCalendar","Bag of Preparation","Empty Cage"],"potions_floor_usage":[7,10,16,16],"damage_taken":[{"damage":4,"enemies":"Small Slimes","floor":1,"turns":4},{"damage":12,"enemies":"Jaw Worm","floor":2,"turns":4},{"damage":35,"enemies":"Gremlin Nob","floor":7,"turns":4},{"damage":0,"enemies":"2 Louse","floor":8,"turns":1},{"damage":10,"enemies":"3 Sentries","floor":10,"turns":8},{"damage":1,"enemies":"Exordium Wildlife","floor":13,"turns":4},{"damage":20,"enemies":"Lots of Slimes","floor":14,"turns":4},{"damage":18,"enemies":"Slime Boss","floor":16,"turns":7},{"damage":32,"enemies":"3 Byrds","floor":18,"turns":4},{"damage":0,"enemies":"Chosen","floor":21,"turns":5},{"damage":14,"enemies":"Snake Plant","floor":24,"turns":5},{"damage":45,"enemies":"Slavers","floor":27,"turns":3}],"seed_played":"7016740987555772931","potions_obtained":[{"floor":2,"key":"Energy Potion"},{"floor":8,"key":"SkillPotion"},{"floor":14,"key":"Dexterity Potion"},{"floor":18,"key":"Fire Potion"}],"is_trial":false,"path_per_floor":["M","M","?","T","?","R","E","M","T","E","$","R","M","M","R","B",null,"M","$","?","M","?","R","M","R","T","E"],"character_chosen":"DEFECT","items_purchased":["Bag of Preparation","PowerPotion","Coolheaded"],"campfire_rested":2,"item_purchase_floors":[11,11,11],"current_hp_per_floor":[60,48,71,71,60,60,25,25,25,15,15,36,37,19,19,1,57,25,25,25,35,14,38,34,34,34,0],"gold":49,"neow_bonus":"BOSS_RELIC","is_prod":false,"is_daily":false,"chose_seed":false,"campfire_upgraded":3,"win_rate":0,"timestamp":1563443998,"path_taken":["M","M","?","?","?","R","E","?","T","E","$","R","M","M","R","BOSS","M","?","?","?","?","R","M","R","T","E"],"build_version":"2019-07-17","purchased_purges":2,"victory":false,"max_hp_per_floor":[71,71,71,71,71,71,71,71,71,71,71,71,73,75,75,75,75,75,75,75,75,80,80,80,80,80,80],"card_choices":[{"not_picked":["Rebound","Heatsinks"],"picked":"Coolheaded","floor":1},{"not_picked":["Hologram","Steam"],"picked":"Ball Lightning","floor":2},{"not_picked":["Sweeping Beam","Steam","Genetic Algorithm"],"picked":"Core Surge","floor":7},{"not_picked":["Compile Driver","Reinforced Body","Stack","Heatsinks"],"picked":"SKIP","floor":8},{"not_picked":["BootSequence","Gash","Beam Cell"],"picked":"Barrage","floor":10},{"not_picked":["Coolheaded","Static Discharge","FTL","Ball Lightning"],"picked":"Singing Bowl","floor":13},{"not_picked":["Reinforced Body","Undo","Conserve Battery","Chaos"],"picked":"Singing Bowl","floor":14},{"not_picked":["Multi-Cast","Creative AI","Rainbow"],"picked":"Biased Cognition","floor":16},{"not_picked":["Stack","Hello World","Blizzard"],"picked":"Self Repair+1","floor":18},{"not_picked":["Gash","Skim","Auto Shields"],"picked":"Consume","floor":21},{"not_picked":["Sweeping Beam","Consume","Rebound"],"picked":"Turbo","floor":24}],"player_experience":1092212,"relics_obtained":[{"floor":4,"key":"Question Card"},{"floor":7,"key":"Oddly Smooth Stone"},{"floor":9,"key":"Singing Bowl"},{"floor":10,"key":"StoneCalendar"}],"event_choices":[{"damage_healed":23,"gold_gain":0,"player_choice":"Banana","damage_taken":0,"max_hp_gain":0,"max_hp_loss":0,"event_name":"Big Fish","floor":3,"gold_loss":0},{"damage_healed":0,"gold_gain":75,"player_choice":"Gather Gold","damage_taken":11,"max_hp_gain":0,"max_hp_loss":0,"event_name":"World of Goop","floor":5,"gold_loss":0},{"damage_healed":0,"gold_gain":0,"player_choice":"Ignored","damage_taken":0,"max_hp_gain":0,"max_hp_loss":0,"event_name":"N\u0027loth","floor":20,"gold_loss":0},{"damage_healed":0,"gold_gain":0,"player_choice":"Shed Blood","damage_taken":26,"max_hp_gain":5,"max_hp_loss":0,"event_name":"Forgotten Altar","floor":22,"gold_loss":0}],"is_beta":false,"boss_relics":[{"not_picked":["Ectoplasm","Cursed Key"],"picked":"Empty Cage"}],"items_purged_floors":[11,19],"is_endless":false,"potions_floor_spawned":[2,8,14,18],"killed_by":"Slavers","ascension_level":20}