{"gold_per_floor":[109,109,126,126,139,139,159,192,215,249,259,259,259,284,284,284],"floor_reached":16,"playtime":427,"items_purged":[],"score":240,"play_id":"92904bbc-45e5-435a-8957-c2c4c961165b","local_time":"20190612213321","is_ascension_mode":true,"campfire_choices":[{"data":"Bash","floor":6,"key":"SMITH"},{"floor":12,"key":"REST"},{"data":"Bludgeon","floor":15,"key":"SMITH"}],"neow_cost":"NONE","seed_source_timestamp":373400393473100,"circlet_count":0,"master_deck":["AscendersBane","Strike_R","Strike_R","Strike_R","Strike_R","Strike_R","Defend_R","Defend_R","Defend_R","Defend_R","Bash+1","Second Wind","Dark Embrace","Shockwave","Burning Pact","Offering","Sentinel","Parasite","Bludgeon+1"],"relics":["Burning Blood","NeowsBlessing","FaceOfCleric","Potion Belt","PreservedInsect","Art of War"],"potions_floor_usage":[8,8,11],"damage_taken":[{"damage":0,"enemies":"2 Louse","floor":1,"turns":1},{"damage":0,"enemies":"Cultist","floor":3,"turns":1},{"damage":0,"enemies":"Small Slimes","floor":5,"turns":1},{"damage":11,"enemies":"Blue Slaver","floor":7,"turns":4},{"damage":20,"enemies":"3 Sentries","floor":8,"turns":8},{"damage":53,"enemies":"Gremlin Nob","floor":10,"turns":5},{"damage":25,"enemies":"Red Slaver","floor":11,"turns":5},{"damage":16,"enemies":"3 Sentries","floor":14,"turns":7},{"damage":49,"enemies":"Slime Boss","floor":16,"turns":8}],"seed_played":"2733978712706247368","potions_obtained":[{"floor":3,"key":"SneckoOil"},{"floor":7,"key":"SkillPotion"},{"floor":8,"key":"Regen Potion"}],"is_trial":false,"path_per_floor":["M","$","M","?","M","R","M","E","T","E","M","R","?","E","R","B"],"character_chosen":"IRONCLAD","items_purchased":[],"campfire_rested":1,"item_purchase_floors":[],"current_hp_per_floor":[74,74,75,75,76,76,72,59,59,13,9,33,53,44,44,0],"gold":284,"neow_bonus":"THREE_ENEMY_KILL","is_prod":false,"is_daily":false,"chose_seed":false,"campfire_upgraded":2,"win_rate":0,"timestamp":1560342801,"path_taken":["M","$","M","?","?","R","M","E","T","E","M","R","?","E","R","BOSS"],"build_version":"2019-01-23","purchased_purges":0,"victory":false,"max_hp_per_floor":[75,75,75,75,76,76,77,78,78,79,80,80,80,81,81,81],"card_choices":[{"not_picked":["Heavy Blade","Thunderclap","Cleave"],"picked":"SKIP","floor":1},{"not_picked":["Dual Wield","Headbutt"],"picked":"Second Wind","floor":3},{"not_picked":["Body Slam","Thunderclap"],"picked":"Dark Embrace","floor":5},{"not_picked":["Ghostly Armor","Wild Strike"],"picked":"Shockwave","floor":7},{"not_picked":["Warcry","Clothesline"],"picked":"Burning Pact","floor":8},{"not_picked":["Iron Wave","Power Through"],"picked":"Offering","floor":10},{"not_picked":["Searing Blow","Cleave"],"picked":"Sentinel","floor":11},{"not_picked":["Dual Wield","Combust"],"picked":"Bludgeon","floor":14}],"player_experience":621079,"relics_obtained":[{"floor":8,"key":"Potion Belt"},{"floor":10,"key":"PreservedInsect"},{"floor":14,"key":"Art of War"}],"event_choices":[{"damage_healed":0,"gold_gain":0,"player_choice":"Trade","damage_taken":0,"relics_obtained":["FaceOfCleric"],"max_hp_gain":0,"max_hp_loss":0,"event_name":"FaceTrader","floor":4,"gold_loss":0},{"damage_healed":20,"gold_gain":0,"player_choice":"Healed and dodged fight","damage_taken":0,"max_hp_gain":0,"max_hp_loss":0,"event_name":"Mushrooms","floor":13,"gold_loss":0,"cards_obtained":["Parasite"]}],"is_beta":false,"boss_relics":[],"items_purged_floors":[],"is_endless":false,"potions_floor_spawned":[3,7,8],"killed_by":"Slime Boss","ascension_level":20}