{"gold_per_floor":[111,111,122,142,161,161,192,192,192,192,73,73,102,114,114,191,191,207,207,157,172,5,5,15,15,15,15,33,48,48,101,101,179,179,197,211,111,211,211,211,241,241,288,305,336,355,372,384,384,384,384,384,384,9,38,38],"floor_reached":57,"playtime":1750,"items_purged":["Strike_G","Strike_G+1"],"score":2794,"play_id":"7fe25bdd-22c8-47ef-ae38-ea22aa6eaf6f","local_time":"20190728234241","is_ascension_mode":true,"campfire_choices":[{"data":"Deadly Poison","floor":6,"key":"SMITH"},{"data":"Footwork","floor":8,"key":"SMITH"},{"data":"Catalyst","floor":12,"key":"SMITH"},{"data":"Catalyst","floor":15,"key":"SMITH"},{"data":"Catalyst","floor":23,"key":"SMITH"},{"floor":25,"key":"DIG"},{"floor":27,"key":"REST"},{"floor":32,"key":"DIG"},{"data":"Adrenaline","floor":40,"key":"SMITH"},{"floor":42,"key":"RECALL"},{"data":"Wraith Form v2","floor":49,"key":"SMITH"},{"floor":53,"key":"DIG"}],"neow_cost":"TEN_PERCENT_HP_LOSS","seed_source_timestamp":806067895253300,"circlet_count":0,"master_deck":["AscendersBane","Strike_G+1","Defend_G+1","Defend_G+1","Defend_G+1","Defend_G+1","Defend_G+1","Survivor","Neutralize+1","PiercingWail","Masterful Stab+1","Deadly Poison+1","Footwork+1","Blur","Catalyst+1","Reflex","Catalyst+1","Corpse Explosion","Catalyst+1","Backstab","Adrenaline+1","Acrobatics","Footwork+1","Wraith Form v2+1","Deflect+1","Footwork","Wraith Form v2"],"relics":["Ring of the Snake","Tough Bandages","Darkstone Periapt","Shovel","Snake Skull","Turnip","Runic Pyramid","PreservedInsect","Dream Catcher","Whetstone","Meat on the Bone","Empty Cage","Calipers","Shuriken","Potion Belt","Strawberry","Pear","Gambling Chip","Lantern"],"potions_floor_usage":[3,7,16,41,50,56,56,56,56],"damage_taken":[{"damage":0,"enemies":"Small Slimes","floor":1,"turns":5},{"damage":7,"enemies":"Jaw Worm","floor":3,"turns":6},{"damage":0,"enemies":"2 Louse","floor":4,"turns":2},{"damage":0,"enemies":"Red Slaver","floor":5,"turns":3},{"damage":26,"enemies":"3 Sentries","floor":7,"turns":14},{"damage":0,"enemies":"Lagavulin","floor":13,"turns":7},{"damage":0,"enemies":"Blue Slaver","floor":14,"turns":3},{"damage":2,"enemies":"The Guardian","floor":16,"turns":8},{"damage":0,"enemies":"3 Byrds","floor":18,"turns":2},{"damage":13,"enemies":"Shell Parasite","floor":21,"turns":4},{"damage":3,"enemies":"Centurion and Healer","floor":24,"turns":5},{"damage":0,"enemies":"Snake Plant","floor":28,"turns":2},{"damage":0,"enemies":"Snecko","floor":29,"turns":4},{"damage":7,"enemies":"Champ","floor":33,"turns":4},{"damage":5,"enemies":"3 Darklings","floor":35,"turns":4},{"damage":0,"enemies":"3 Shapes","floor":36,"turns":3},{"damage":0,"enemies":"Mind Bloom Boss Battle","floor":38,"turns":3},{"damage":0,"enemies":"Reptomancer","floor":41,"turns":1},{"damage":5,"enemies":"Sphere and 2 Shapes","floor":44,"turns":6},{"damage":0,"enemies":"Nemesis","floor":45,"turns":3},{"damage":22,"enemies":"Transient","floor":46,"turns":6},{"damage":0,"enemies":"Jaw Worm Horde","floor":47,"turns":5},{"damage":0,"enemies":"Writhing Mass","floor":48,"turns":4},{"damage":11,"enemies":"Donu and Deca","floor":50,"turns":7},{"damage":13,"enemies":"Time Eater","floor":51,"turns":5},{"damage":11,"enemies":"Shield and Spear","floor":55,"turns":4},{"damage":32,"enemies":"The Heart","floor":56,"turns":6}],"seed_played":"4744190868854703130","potions_obtained":[{"floor":1,"key":"GamblersBrew"},{"floor":4,"key":"SpeedPotion"},{"floor":5,"key":"Block Potion"},{"floor":13,"key":"Fire Potion"},{"floor":18,"key":"SkillPotion"},{"floor":21,"key":"Regen Potion"},{"floor":36,"key":"Dexterity Potion"},{"floor":45,"key":"SteroidPotion"},{"floor":46,"key":"SkillPotion"},{"floor":48,"key":"EssenceOfSteel"},{"floor":55,"key":"Dexterity Potion"}],"is_trial":false,"path_per_floor":["M","?","M","M","M","R","E","R","T","T","$","R","E","M","R","B",null,"M","?","?","M","$","R","M","R","T","R","M","M","?","T","R","B",null,"M","M","$","?","?","R","E","R","T","M","E","M","M","M","R","B","B",null,"R","$","E","B",null],"character_chosen":"THE_SILENT","items_purchased":["Catalyst","PreservedInsect","Gambling Chip","Footwork"],"campfire_rested":1,"item_purchase_floors":[11,22,54,54],"current_hp_per_floor":[59,59,52,52,52,52,26,26,26,26,26,26,26,26,26,24,51,51,51,51,38,38,38,35,35,35,53,53,53,53,53,53,46,57,52,52,52,52,52,52,52,52,52,47,54,44,44,44,44,45,44,61,71,71,60,40],"gold":38,"neow_bonus":"ONE_RARE_RELIC","is_prod":false,"is_daily":false,"chose_seed":false,"campfire_upgraded":7,"win_rate":0,"timestamp":1564324961,"path_taken":["M","?","M","M","M","R","E","R","T","?","$","R","E","M","R","BOSS","M","?","?","M","$","R","M","R","T","R","M","?","?","?","R","BOSS","M","M","$","?","?","R","E","R","T","M","E","M","M","?","R","BOSS","BOSS","R","$","E","BOSS"],"build_version":"2019-07-17","purchased_purges":2,"victory":true,"max_hp_per_floor":[60,60,60,60,60,60,60,60,60,60,60,60,60,60,60,60,60,60,60,60,60,60,60,60,60,60,60,60,60,60,60,60,60,60,60,60,60,60,60,60,60,60,60,60,67,67,67,67,67,67,67,67,77,77,77,77],"card_choices":[{"not_picked":["Leg Sweep","Flying Knee"],"picked":"PiercingWail","floor":1},{"not_picked":["Slice","Quick Slash"],"picked":"Masterful Stab","floor":3},{"not_picked":["Deflect","Terror"],"picked":"Deadly Poison","floor":4},{"not_picked":["Heel Hook","Quick Slash"],"picked":"Footwork","floor":5},{"not_picked":["PiercingWail","Endless Agony"],"picked":"Blur","floor":7},{"not_picked":["Backflip","Concentrate"],"picked":"Reflex","floor":13},{"not_picked":["Reflex","Sucker Punch"],"picked":"Catalyst","floor":14},{"not_picked":["Storm of Steel","Glass Knife"],"picked":"Corpse Explosion","floor":16},{"not_picked":["Backflip","Blade Dance"],"picked":"Catalyst","floor":18},{"not_picked":["Sucker Punch","Flying Knee","Bane"],"picked":"SKIP","floor":21},{"not_picked":["Underhanded Strike","Crippling Poison","Accuracy"],"picked":"SKIP","floor":24},{"not_picked":["Flying Knee","Noxious Fumes"],"picked":"Backstab","floor":27},{"not_picked":["Underhanded Strike","Poisoned Stab+1","Flechettes"],"picked":"SKIP","floor":28},{"not_picked":["Blade Dance+1","Cloak And Dagger","Dagger Throw"],"picked":"SKIP","floor":29},{"not_picked":["Corpse Explosion","Bullet Time"],"picked":"Adrenaline","floor":33},{"not_picked":["PiercingWail","Poisoned Stab","Catalyst"],"picked":"SKIP","floor":35},{"not_picked":["Prepared","Dagger Throw"],"picked":"Acrobatics","floor":36},{"not_picked":["Sucker Punch+1","Flying Knee","Quick Slash"],"picked":"SKIP","floor":41},{"not_picked":["Backstab+1","Cloak And Dagger+1","Outmaneuver"],"picked":"SKIP","floor":44},{"not_picked":["Calculated Gamble","Blade Dance+1"],"picked":"Wraith Form v2","floor":45},{"not_picked":["Acrobatics","Slice"],"picked":"Deflect+1","floor":46},{"not_picked":["Dagger Throw","Finisher","Endless Agony+1"],"picked":"SKIP","floor":47},{"not_picked":["Flying Knee","Blade Dance","Slice"],"picked":"SKIP","floor":48},{"not_picked":["Footwork","Escape Plan"],"picked":"Wraith Form v2","floor":55}],"player_experience":1273610,"relics_obtained":[{"floor":7,"key":"Darkstone Periapt"},{"floor":9,"key":"Shovel"},{"floor":10,"key":"Snake Skull"},{"floor":13,"key":"Turnip"},{"floor":25,"key":"Dream Catcher"},{"floor":26,"key":"Whetstone"},{"floor":32,"key":"Meat on the Bone"},{"floor":38,"key":"Calipers"},{"floor":41,"key":"Shuriken"},{"floor":43,"key":"Potion Belt"},{"floor":45,"key":"Strawberry"},{"floor":53,"key":"Pear"},{"floor":55,"key":"Lantern"}],"event_choices":[{"damage_healed":0,"gold_gain":0,"player_choice":"Ignored","damage_taken":0,"max_hp_gain":0,"max_hp_loss":0,"event_name":"Liars Game","floor":2,"gold_loss":0},{"damage_healed":0,"gold_gain":0,"player_choice":"Simplicity","damage_taken":0,"max_hp_gain":0,"max_hp_loss":0,"event_name":"Back to Basics","floor":19,"gold_loss":0,"cards_upgraded":["Strike_G","Strike_G","Strike_G","Strike_G","Defend_G","Defend_G","Defend_G","Defend_G","Defend_G"]},{"damage_healed":0,"gold_gain":0,"player_choice":"Bet on Owner","damage_taken":0,"max_hp_gain":0,"max_hp_loss":0,"event_name":"The Joust","floor":20,"gold_loss":50},{"damage_healed":0,"gold_gain":0,"player_choice":"Fight","damage_taken":0,"max_hp_gain":0,"max_hp_loss":0,"event_name":"MindBloom","floor":38,"gold_loss":0},{"damage_healed":0,"gold_gain":0,"player_choice":"Copied","damage_taken":0,"max_hp_gain":0,"max_hp_loss":0,"event_name":"Duplicator","floor":39,"gold_loss":0,"cards_obtained":["Footwork"]}],"is_beta":false,"boss_relics":[{"not_picked":["Velvet Choker","Cursed Key"],"picked":"Runic Pyramid"},{"not_picked":["Eternal Feather","HoveringKite"],"picked":"Empty Cage"}],"items_purged_floors":[11,37],"is_endless":false,"potions_floor_spawned":[1,4,5,13,18,21,29,36,45,46,48,55],"ascension_level":20}