{"gold_per_floor":[114,130,130,148,168,168,199,255,255,216,216,44,74,74],"floor_reached":14,"playtime":457,"items_purged":["Strike_B"],"score":196,"play_id":"8daaaa81-4cc7-4187-8f6a-e360d3e605d0","local_time":"20190614233945","is_ascension_mode":true,"campfire_choices":[{"data":"Zap","floor":6,"key":"SMITH"},{"floor":11,"key":"REST"}],"neow_cost":"NONE","seed_source_timestamp":32784907259500,"circlet_count":0,"master_deck":["AscendersBane","Strike_B","Strike_B","Defend_B","Defend_B","Defend_B","Defend_B","Zap+1","Dualcast","Tempest","Coolheaded","Rebound","Ball Lightning","Ball Lightning","Seek","Cold Snap","Capacitor","Loop","Barrage"],"relics":["Cracked Core","NeowsBlessing","Nunchaku","Unceasing Top","Emotion Chip","Blood Vial"],"potions_floor_usage":[7,14],"damage_taken":[{"damage":0,"enemies":"Cultist","floor":1,"turns":1},{"damage":0,"enemies":"Jaw Worm","floor":2,"turns":1},{"damage":0,"enemies":"2 Louse","floor":4,"turns":1},{"damage":5,"enemies":"2 Fungi Beasts","floor":5,"turns":3},{"damage":9,"enemies":"Gremlin Nob","floor":7,"turns":3},{"damage":38,"enemies":"Lagavulin Event","floor":8,"turns":4},{"damage":30,"enemies":"3 Sentries","floor":13,"turns":5},{"damage":6,"enemies":"3 Louse","floor":14,"turns":1}],"seed_played":"-7845931396953877829","potions_obtained":[{"floor":2,"key":"SteroidPotion"},{"floor":5,"key":"Dexterity Potion"}],"is_trial":false,"path_per_floor":["M","M","?","M","M","R","E","?","T","$","R","$","E","M"],"character_chosen":"DEFECT","items_purchased":["Capacitor","Loop","SteroidPotion"],"campfire_rested":1,"item_purchase_floors":[10,12,12],"current_hp_per_floor":[64,64,64,64,59,59,50,12,12,12,33,33,3,0],"gold":74,"neow_bonus":"THREE_ENEMY_KILL","is_prod":false,"is_daily":false,"chose_seed":false,"campfire_upgraded":1,"win_rate":0,"timestamp":1560523185,"path_taken":["M","?","?","M","M","R","E","?","T","?","R","$","E","?"],"build_version":"2019-01-23","purchased_purges":1,"victory":false,"max_hp_per_floor":[71,71,71,71,71,71,71,71,71,71,71,71,71,71],"card_choices":[{"not_picked":["Beam Cell","Double Energy"],"picked":"Tempest","floor":1},{"not_picked":["Go for the Eyes","Stack"],"picked":"Coolheaded","floor":2},{"not_picked":["Scrape","Melter"],"picked":"Ball Lightning","floor":4},{"not_picked":["Stack","Gash"],"picked":"Ball Lightning","floor":5},{"not_picked":["Heatsinks","Leap"],"picked":"Seek","floor":7},{"not_picked":["Compile Driver","Reprogram"],"picked":"Cold Snap","floor":8},{"not_picked":["Cold Snap","Multi-Cast"],"picked":"Barrage","floor":13}],"player_experience":659532,"relics_obtained":[{"floor":7,"key":"Nunchaku"},{"floor":8,"key":"Unceasing Top"},{"floor":9,"key":"Emotion Chip"},{"floor":13,"key":"Blood Vial"}],"event_choices":[{"damage_healed":0,"gold_gain":0,"cards_transformed":["Strike_B"],"player_choice":"Change","damage_taken":0,"max_hp_gain":0,"max_hp_loss":0,"event_name":"Living Wall","floor":3,"gold_loss":0,"cards_obtained":["Rebound"]},{"damage_healed":0,"gold_gain":0,"player_choice":"Searched \u00271\u0027 times","damage_taken":0,"max_hp_gain":0,"max_hp_loss":0,"event_name":"Dead Adventurer","floor":8,"gold_loss":0}],"is_beta":false,"boss_relics":[],"items_purged_floors":[12],"is_endless":false,"potions_floor_spawned":[2,5],"killed_by":"3 Louse","ascension_level":20}