{"gold_per_floor":[110,110,120,195,150,180,180,180,180,192,192,203,203,215,215,318,318,333,319,418,124,124,124,124,143,143,162,162,162],"floor_reached":29,"playtime":1569,"items_purged":[],"score":385,"play_id":"9f9819e9-b0c5-49b4-b2f3-a3f1e9f57ff8","local_time":"20190618193834","is_ascension_mode":true,"campfire_choices":[{"floor":15,"key":"REST"},{"floor":23,"key":"REST"},{"floor":28,"key":"REST"}],"neow_cost":"NONE","seed_source_timestamp":434072197079470,"circlet_count":0,"master_deck":["Defend_G","Defend_G","Defend_G","Defend_G","Defend_G","Strike_G","Strike_G","Strike_G","Strike_G","Strike_G","Survivor","Neutralize","Underhanded Strike","Prepared+1","Underhanded Strike","Well Laid Plans","Underhanded Strike","Predator","Heel Hook","Adrenaline","Prepared+1","Malaise","Underhanded Strike","Endless Agony","Prepared","Acrobatics","Concentrate+1","Concentrate+1"],"relics":["Ring of the Snake","NeowsBlessing","Ornamental Fan","Dream Catcher","Question Card","Bottled Flame","HoveringKite","Centennial Puzzle","MutagenicStrength","Molten Egg 2","Art of War"],"potions_floor_usage":[16,18],"damage_taken":[{"damage":0,"enemies":"Small Slimes","floor":1,"turns":1},{"damage":0,"enemies":"Jaw Worm","floor":3,"turns":1},{"damage":0,"enemies":"Gremlin Nob","floor":6,"turns":1},{"damage":0,"enemies":"2 Louse","floor":10,"turns":3},{"damage":1,"enemies":"Looter","floor":12,"turns":3},{"damage":0,"enemies":"Large Slime","floor":14,"turns":4},{"damage":64,"enemies":"The Guardian","floor":16,"turns":18},{"damage":3,"enemies":"3 Byrds","floor":18,"turns":3},{"damage":18,"enemies":"2 Thieves","floor":19,"turns":4},{"damage":10,"enemies":"Centurion and Healer","floor":25,"turns":7},{"damage":12,"enemies":"Snecko","floor":27,"turns":4},{"damage":53,"enemies":"Book of Stabbing","floor":29,"turns":8}],"seed_played":"5315019220879127041","potions_obtained":[{"floor":6,"key":"Poison Potion"},{"floor":12,"key":"LiquidBronze"},{"floor":27,"key":"Explosive Potion"}],"is_trial":false,"path_per_floor":["M","$","M","?","$","E","?","$","T","M","?","M","T","M","R","B",null,"M","M","?","$","?","R","T","M","T","M","R","E"],"character_chosen":"THE_SILENT","items_purchased":["Underhanded Strike","Underhanded Strike","Endless Agony","Prepared","Centennial Puzzle"],"campfire_rested":3,"item_purchase_floors":[5,21,21,21,21],"current_hp_per_floor":[63,63,63,52,52,52,45,45,45,45,45,44,44,44,65,1,53,50,32,32,32,32,53,53,43,43,31,52,0],"gold":162,"neow_bonus":"THREE_ENEMY_KILL","is_prod":false,"is_daily":false,"chose_seed":false,"campfire_upgraded":0,"win_rate":0,"timestamp":1560875914,"path_taken":["M","$","M","?","$","E","?","$","T","M","?","M","?","M","R","BOSS","M","M","?","$","?","R","?","M","T","M","R","E"],"build_version":"2019-01-23","purchased_purges":0,"victory":false,"max_hp_per_floor":[70,70,70,70,70,70,70,70,70,70,70,70,70,70,70,70,70,70,70,70,70,70,70,70,70,70,70,70,70],"card_choices":[{"not_picked":["Dagger Throw","Poisoned Stab"],"picked":"Underhanded Strike","floor":1},{"not_picked":["Quick Slash","Terror"],"picked":"Prepared","floor":3},{"not_picked":["Blade Dance","Setup"],"picked":"Well Laid Plans","floor":6},{"not_picked":["Choke","Deadly Poison","Sucker Punch"],"picked":"Underhanded Strike","floor":10},{"not_picked":["Cloak And Dagger","Heel Hook","Outmaneuver"],"picked":"Predator","floor":12},{"not_picked":["Bullet Time","Terror","Backflip","Dagger Spray"],"picked":"SKIP","floor":14},{"not_picked":["Distraction","Blur","Finisher"],"picked":"Heel Hook","floor":15},{"not_picked":["After Image","Malaise","A Thousand Cuts"],"picked":"Adrenaline","floor":16},{"not_picked":["Dodge and Roll+1","Catalyst","Quick Slash"],"picked":"Prepared+1","floor":18},{"not_picked":["Cloak And Dagger","Dodge and Roll","Blade Dance"],"picked":"Malaise","floor":19},{"not_picked":["Eviscerate","Deflect","Blade Dance+1"],"picked":"Acrobatics","floor":23},{"not_picked":["Dagger Spray+1","Distraction","Prepared+1"],"picked":"Concentrate+1","floor":25},{"not_picked":["Distraction","Cloak And Dagger","PiercingWail","Sucker Punch+1"],"picked":"SKIP","floor":27},{"not_picked":["Well Laid Plans","Eviscerate+1","Acrobatics"],"picked":"Concentrate+1","floor":28}],"player_experience":1544111,"relics_obtained":[{"floor":6,"key":"Ornamental Fan"},{"floor":9,"key":"Question Card"},{"floor":13,"key":"Bottled Flame"},{"floor":24,"key":"Molten Egg 2"},{"floor":26,"key":"Art of War"}],"event_choices":[{"damage_healed":0,"gold_gain":75,"player_choice":"Gather Gold","damage_taken":11,"max_hp_gain":0,"max_hp_loss":0,"event_name":"World of Goop","floor":4,"gold_loss":0},{"damage_healed":0,"gold_gain":0,"player_choice":"Success","damage_taken":7,"relics_obtained":["Dream Catcher"],"max_hp_gain":0,"max_hp_loss":0,"event_name":"Scrap Ooze","floor":7,"gold_loss":0},{"damage_healed":0,"gold_gain":0,"player_choice":"Grow","damage_taken":0,"max_hp_gain":0,"max_hp_loss":0,"event_name":"Living Wall","floor":11,"gold_loss":0,"cards_upgraded":["Prepared"]},{"damage_healed":0,"gold_gain":99,"player_choice":"Stole From Cult","damage_taken":0,"max_hp_gain":0,"max_hp_loss":0,"event_name":"Nest","floor":20,"gold_loss":0},{"damage_healed":0,"gold_gain":0,"player_choice":"Inject Mutagens","damage_taken":0,"relics_obtained":["MutagenicStrength"],"max_hp_gain":0,"max_hp_loss":0,"event_name":"Drug Dealer","floor":22,"gold_loss":0}],"is_beta":false,"boss_relics":[{"not_picked":["Sozu","Cursed Key"],"picked":"HoveringKite"}],"items_purged_floors":[],"is_endless":false,"potions_floor_spawned":[6,12,27],"killed_by":"Book of Stabbing","ascension_level":9}