{"gold_per_floor":[109,259,273,283,46,46,58,93,120,146,146,146,180,196,196,267,267,282,301,226,276,276,276,304,304,328,338,31,31,48,63,63,140,140,150,150,150,150,50,79,96,124,172,189,189,207,207,230,230,230,230,230,230,65,91,91],"floor_reached":57,"playtime":2786,"items_purged":["Doubt","Strike_B"],"score":2896,"play_id":"432491db-68dd-4e33-921e-56014af0f5d6","local_time":"20190622201431","is_ascension_mode":true,"campfire_choices":[{"data":"Capacitor","floor":6.0,"key":"SMITH"},{"floor":11.0,"key":"REST"},{"data":"Coolheaded","floor":15.0,"key":"SMITH"},{"data":"Fission","floor":23.0,"key":"SMITH"},{"floor":29.0,"key":"REST"},{"floor":32.0,"key":"REST"},{"floor":45,"key":"REST"},{"floor":47,"key":"REST"},{"floor":49,"key":"RECALL"},{"data":"Coolheaded","floor":53,"key":"SMITH"}],"neow_cost":"NONE","seed_source_timestamp":21329504346000,"circlet_count":0,"master_deck":["AscendersBane","Strike_B","Defend_B","Defend_B","Defend_B","Defend_B","Zap","Dualcast+1","Turbo","Coolheaded+1","Ball Lightning","Capacitor+1","Cold Snap","Consume+1","White Noise","Fission+1","Glacier","Coolheaded","Blizzard+1","Glacier","Bandage Up","Fission+1","Coolheaded+1","Echo Form","Secret Technique","Dark Shackles","Deep Breath","Double Energy+1","Coolheaded","Self Repair","Creative AI"],"special_seed":0,"relics":["Cracked Core","NeowsBlessing","Art of War","DataDisk","War Paint","Strawberry","Sozu","Pear","Matryoshka","Darkstone Periapt","DollysMirror","Inserter","Lantern","Pen Nib","Orichalcum","Boot","Bag of Preparation","Thread and Needle"],"potions_floor_usage":[],"damage_taken":[{"damage":0.0,"enemies":"Jaw Worm","floor":1.0,"turns":1.0},{"damage":0.0,"enemies":"2 Louse","floor":3.0,"turns":1.0},{"damage":0.0,"enemies":"Small Slimes","floor":4.0,"turns":1.0},{"damage":7.0,"enemies":"Blue Slaver","floor":7.0,"turns":4.0},{"damage":3.0,"enemies":"3 Sentries","floor":8.0,"turns":4.0},{"damage":18.0,"enemies":"Lagavulin","floor":10.0,"turns":6.0},{"damage":17.0,"enemies":"3 Sentries","floor":13.0,"turns":6.0},{"damage":0.0,"enemies":"Exordium Wildlife","floor":14.0,"turns":2.0},{"damage":0.0,"enemies":"The Guardian","floor":16.0,"turns":8.0},{"damage":14.0,"enemies":"Shell Parasite","floor":18.0,"turns":5.0},{"damage":1.0,"enemies":"Chosen","floor":19.0,"turns":6.0},{"damage":50.0,"enemies":"Gremlin Leader","floor":24.0,"turns":9.0},{"damage":7.0,"enemies":"Snake Plant","floor":27.0,"turns":4.0},{"damage":17.0,"enemies":"Shelled Parasite and Fungi","floor":30.0,"turns":6.0},{"damage":5.0,"enemies":"3 Cultists","floor":31.0,"turns":4.0},{"damage":0.0,"enemies":"Champ","floor":33.0,"turns":23.0},{"damage":15.0,"enemies":"3 Darklings","floor":35.0,"turns":5.0},{"damage":34.0,"enemies":"Reptomancer","floor":40.0,"turns":10.0},{"damage":0.0,"enemies":"Orb Walker","floor":41.0,"turns":3.0},{"damage":4.0,"enemies":"Nemesis","floor":42.0,"turns":11.0},{"damage":36,"enemies":"4 Shapes","floor":44,"turns":9},{"damage":0,"enemies":"Writhing Mass","floor":46,"turns":7},{"damage":29,"enemies":"Donu and Deca","floor":50,"turns":10},{"damage":21,"enemies":"Time Eater","floor":51,"turns":16},{"damage":2,"enemies":"Shield and Spear","floor":55,"turns":10},{"damage":77,"enemies":"The Heart","floor":56,"turns":14}],"seed_played":"-1120745521406665200","potions_obtained":[{"floor":3.0,"key":"FearPotion"},{"floor":14.0,"key":"Block Potion"}],"is_trial":false,"path_per_floor":["M","?","M","M","$","R","M","E","T","E","R","?","E","M","R","B",null,"M","M","?","?","T","R","E","$","T","M","$","R","M","M","R","B",null,"M","?","$","?","$","E","M","E","T","M","R","M","R","T","R","B","B",null,"R","$","E","B",null],"character_chosen":"DEFECT","items_purchased":["Ball Lightning","Capacitor","AttackPotion","Bandage Up","DollysMirror","Bag of Preparation"],"campfire_rested":5,"item_purchase_floors":[5,5,5,28,28,54],"current_hp_per_floor":[64,64,64,64,64,64,57,54,54,36,57,50,40,40,40,40,69,55,54,54,54,64,64,14,14,14,7,7,33,20,19,45,49,78,67,57,57,57,57,27,31,35,35,3,29,40,66,66,66,52,53,79,79,79,88,19],"gold":91,"neow_bonus":"THREE_ENEMY_KILL","is_prod":false,"is_daily":false,"chose_seed":false,"campfire_upgraded":4,"win_rate":0,"timestamp":1561202071,"path_taken":["M","?","M","M","$","R","M","E","T","E","R","?","E","M","R","BOSS","M","M","?","?","?","R","E","$","T","M","$","R","?","M","R","BOSS","M","?","$","?","$","E","M","E","T","M","R","M","R","?","R","BOSS","BOSS","R","$","E","BOSS"],"build_version":"2019-01-23","purchased_purges":2,"victory":true,"max_hp_per_floor":[71,71,71,71,71,71,71,71,71,71,71,71,78,78,78,78,78,78,78,78,78,88,88,88,88,88,88,88,88,88,88,88,88,88,88,88,88,88,88,88,88,88,88,88,88,88,88,88,88,88,88,88,88,88,88,88],"card_choices":[{"not_picked":["Beam Cell","Aggregate"],"picked":"Turbo","floor":1.0},{"not_picked":["Hologram","Leap"],"picked":"Coolheaded","floor":3.0},{"not_picked":["Gash","Hologram","Go for the Eyes"],"picked":"SKIP","floor":4.0},{"not_picked":["Turbo","Doom and Gloom"],"picked":"Cold Snap","floor":7.0},{"not_picked":["Compile Driver","Steam","Hologram"],"picked":"SKIP","floor":8.0},{"not_picked":["Hyperbeam","Conserve Battery"],"picked":"Consume","floor":10.0},{"not_picked":["Scrape","Doom and Gloom","Gash"],"picked":"SKIP","floor":13.0},{"not_picked":["Rebound","Undo"],"picked":"White Noise","floor":14.0},{"not_picked":["Thunder Strike","All For One"],"picked":"Fission","floor":16.0},{"not_picked":["Skim+1","Consume+1"],"picked":"Glacier","floor":18.0},{"not_picked":["Compile Driver","Streamline"],"picked":"Coolheaded","floor":19.0},{"not_picked":["Sweeping Beam","Hologram"],"picked":"Blizzard+1","floor":24.0},{"not_picked":["Cold Snap","Leap+1"],"picked":"Glacier","floor":27.0},{"not_picked":["Go for the Eyes","Steam Power+1","Leap+1"],"picked":"SKIP","floor":30.0},{"not_picked":["Doom and Gloom+1","Hologram"],"picked":"Coolheaded","floor":31.0},{"not_picked":["Creative AI","Biased Cognition"],"picked":"Echo Form","floor":33.0},{"not_picked":["Rebound","BootSequence+1","Scrape"],"picked":"SKIP","floor":35.0},{"not_picked":["Purity","Dark Shackles"],"picked":"Secret Technique","floor":36.0},{"not_picked":["Forethought","Dramatic Entrance"],"picked":"Dark Shackles","floor":36.0},{"not_picked":["Jack Of All Trades","Dramatic Entrance"],"picked":"Deep Breath","floor":36.0},{"not_picked":["Redo","Blizzard"],"picked":"Double Energy+1","floor":40.0},{"not_picked":["Gash+1","Go for the Eyes"],"picked":"Coolheaded","floor":41.0},{"not_picked":["Barrage","Stack","Turbo"],"picked":"SKIP","floor":42.0},{"not_picked":["Heatsinks+1","Beam Cell+1"],"picked":"Self Repair","floor":44},{"not_picked":["Sweeping Beam","Double Energy","Streamline"],"picked":"SKIP","floor":46},{"not_picked":["Rebound","Steam Power"],"picked":"Creative AI","floor":55}],"player_experience":755356,"relics_obtained":[{"floor":8.0,"key":"Art of War"},{"floor":9.0,"key":"DataDisk"},{"floor":10.0,"key":"War Paint"},{"floor":13.0,"key":"Strawberry"},{"floor":22.0,"key":"Pear"},{"floor":24.0,"key":"Matryoshka"},{"floor":26.0,"key":"Darkstone Periapt"},{"floor":40.0,"key":"Lantern"},{"floor":42.0,"key":"Pen Nib"},{"floor":43.0,"key":"Orichalcum"},{"floor":48,"key":"Boot"},{"floor":55,"key":"Thread and Needle"}],"event_choices":[{"damage_healed":0.0,"max_hp_gain":0.0,"max_hp_loss":0.0,"gold_gain":150.0,"event_name":"Liars Game","player_choice":"AGREE","floor":2.0,"gold_loss":0.0,"damage_taken":0.0,"cards_obtained":["Doubt"]},{"cards_removed":["Strike_B"],"damage_healed":0.0,"max_hp_gain":0.0,"max_hp_loss":0.0,"gold_gain":0.0,"event_name":"Golden Wing","player_choice":"Card Removal","floor":12.0,"gold_loss":0.0,"damage_taken":7.0},{"cards_removed":["Strike_B"],"damage_healed":0.0,"max_hp_gain":0.0,"max_hp_loss":0.0,"gold_gain":0.0,"event_name":"Beggar","player_choice":"Gave Gold","floor":20.0,"gold_loss":75.0,"damage_taken":0.0},{"damage_healed":0.0,"max_hp_gain":0.0,"max_hp_loss":0.0,"gold_gain":50.0,"event_name":"Nest","player_choice":"Stole From Cult","floor":21.0,"gold_loss":0.0,"damage_taken":0.0},{"damage_healed":0.0,"max_hp_gain":0.0,"max_hp_loss":0.0,"gold_gain":0.0,"event_name":"SensoryStone","player_choice":"Memory 3","floor":36.0,"gold_loss":0.0,"damage_taken":10.0},{"damage_healed":0.0,"max_hp_gain":0.0,"max_hp_loss":0.0,"gold_gain":0.0,"event_name":"Tomb of Lord Red Mask","player_choice":"Ignored","floor":38.0,"gold_loss":0.0,"damage_taken":0.0}],"is_beta":false,"boss_relics":[{"not_picked":["Empty Cage","Orrery"],"picked":"Sozu"},{"not_picked":["Cursed Key","Velvet Choker"],"picked":"Inserter"}],"items_purged_floors":[5,39],"is_endless":false,"potions_floor_spawned":[3,7,14,18,27,35,41],"ascension_level":20}