{"gold_per_floor":[119,129,129,94,94,94,38,63,111,125,151,151,151,169,169,169],"floor_reached":16,"playtime":1621,"items_purged":[],"score":259,"play_id":"31bf75e2-27b3-4052-aa9f-817e440977a5","local_time":"20190519193339","is_ascension_mode":true,"campfire_choices":[{"data":"Dash","floor":6,"key":"SMITH"},{"data":"Sucker Punch","floor":12,"key":"SMITH"},{"floor":15,"key":"REST"}],"neow_cost":"NONE","seed_source_timestamp":21017741300651,"circlet_count":0,"master_deck":["AscendersBane","Defend_G","Defend_G","Defend_G","Defend_G","Defend_G","Strike_G","Strike_G+1","Strike_G+1","Strike_G","Strike_G","Survivor","Neutralize+1","Calculated Gamble","Dash+1","Dagger Throw","Sucker Punch+1","PiercingWail","Quick Slash"],"relics":["Ring of the Snake","NeowsBlessing","Darkstone Periapt","Juzu Bracelet","Whetstone","Blood Vial"],"potions_floor_usage":[16,16],"damage_taken":[{"damage":0,"enemies":"Jaw Worm","floor":1,"turns":1},{"damage":0,"enemies":"2 Louse","floor":2,"turns":1},{"damage":0,"enemies":"Lagavulin","floor":8,"turns":1},{"damage":2,"enemies":"Small Slimes","floor":10,"turns":3},{"damage":37,"enemies":"Gremlin Nob","floor":11,"turns":5},{"damage":0,"enemies":"2 Fungi Beasts","floor":14,"turns":3},{"damage":28,"enemies":"Hexaghost","floor":16,"turns":12}],"seed_played":"7415179156861988961","potions_obtained":[{"floor":1,"key":"PowerPotion"}],"is_trial":false,"path_per_floor":["M","M","?","?","?","R","$","E","T","M","E","R","?","M","R","B"],"character_chosen":"THE_SILENT","items_purchased":["PowerPotion"],"campfire_rested":1,"item_purchase_floors":[7],"current_hp_per_floor":[59,59,33,49,49,49,49,49,49,47,10,10,10,12,31,5],"gold":169,"neow_bonus":"THREE_ENEMY_KILL","is_prod":false,"is_daily":false,"chose_seed":false,"campfire_upgraded":2,"win_rate":0,"timestamp":1558287219,"path_taken":["M","M","?","?","?","R","$","E","T","M","E","R","?","M","R","BOSS"],"build_version":"2019-01-23","purchased_purges":0,"victory":false,"max_hp_per_floor":[66,66,66,66,66,66,66,66,66,66,66,66,66,66,66,66],"card_choices":[{"not_picked":["Skewer","Concentrate"],"picked":"Calculated Gamble","floor":1},{"not_picked":["Masterful Stab","Heel Hook"],"picked":"Dash","floor":2},{"not_picked":["Bouncing Flask","Slice"],"picked":"Dagger Throw","floor":8},{"not_picked":["Prepared","Masterful Stab"],"picked":"Sucker Punch","floor":10},{"not_picked":["Noxious Fumes","Quick Slash"],"picked":"PiercingWail","floor":11},{"not_picked":["Bane","Choke"],"picked":"Quick Slash","floor":14}],"player_experience":924877,"relics_obtained":[{"floor":8,"key":"Juzu Bracelet"},{"floor":9,"key":"Whetstone"},{"floor":11,"key":"Blood Vial"}],"event_choices":[{"damage_healed":0,"gold_gain":0,"player_choice":"Success","damage_taken":26,"relics_obtained":["Darkstone Periapt"],"max_hp_gain":0,"max_hp_loss":0,"event_name":"Scrap Ooze","floor":3,"gold_loss":0},{"damage_healed":16,"gold_gain":0,"player_choice":"Healed","damage_taken":0,"max_hp_gain":0,"max_hp_loss":0,"event_name":"The Cleric","floor":4,"gold_loss":35},{"damage_healed":0,"gold_gain":0,"player_choice":"Grow","damage_taken":0,"max_hp_gain":0,"max_hp_loss":0,"event_name":"Living Wall","floor":5,"gold_loss":0,"cards_upgraded":["Neutralize"]},{"damage_healed":0,"gold_gain":0,"player_choice":"Ignored","damage_taken":0,"max_hp_gain":0,"max_hp_loss":0,"event_name":"Shining Light","floor":13,"gold_loss":0}],"is_beta":false,"boss_relics":[],"items_purged_floors":[],"is_endless":false,"potions_floor_spawned":[1,8,11],"killed_by":"Hexaghost","ascension_level":19}