{"gold_per_floor":[111,127,127,141,151,151,164,164,214,243,262,293,309,11,11,88,88,98,98,98,98,4,39,39,65,91,106,31,64,82,82,82,154,154,174,174,190,206,33,62,92,104,116,128,140,185,97,97,97,97,97],"floor_reached":51,"playtime":1788,"items_purged":["Strike_R","Doubt"],"score":1521,"play_id":"66d5e0c5-ce16-44c2-a270-6814f63c09d9","local_time":"20190615213614","is_ascension_mode":true,"campfire_choices":[{"data":"Bludgeon","floor":6.0,"key":"SMITH"},{"data":"Armaments","floor":8.0,"key":"SMITH"},{"data":"Inflame","floor":15.0,"key":"SMITH"},{"floor":24.0,"key":"REST"},{"data":"Demon Form","floor":32.0,"key":"SMITH"},{"floor":42.0,"key":"RECALL"},{"floor":49.0,"key":"REST"}],"neow_cost":"NONE","seed_source_timestamp":110330907946100,"circlet_count":0,"master_deck":["AscendersBane","Strike_R","Strike_R","Strike_R","Strike_R","Defend_R","Defend_R","Defend_R+1","Defend_R+1","Bash","Armaments+1","Bludgeon+1","Pommel Strike","Inflame+1","Pummel","Shockwave","Shrug It Off","Reaper","Necronomicurse","Feel No Pain","Battle Trance","Feel No Pain","Disarm","Demon Form+1","Offering","Dual Wield+1","Feel No Pain","Limit Break","Panacea","Chrysalis"],"special_seed":0,"relics":["Burning Blood","NeowsBlessing","Blood Vial","Ornamental Fan","Orichalcum","Medical Kit","Cursed Key","Necronomicon","War Paint","Singing Bowl","PreservedInsect","Oddly Smooth Stone","Fusion Hammer","MawBank","Dodecahedron"],"potions_floor_usage":[51],"damage_taken":[{"damage":0.0,"enemies":"Cultist","floor":1.0,"turns":1.0},{"damage":0.0,"enemies":"Jaw Worm","floor":2.0,"turns":1.0},{"damage":0.0,"enemies":"Small Slimes","floor":4.0,"turns":1.0},{"damage":11.0,"enemies":"Looter","floor":5.0,"turns":4.0},{"damage":13.0,"enemies":"Blue Slaver","floor":7.0,"turns":3.0},{"damage":25.0,"enemies":"3 Sentries","floor":10.0,"turns":5.0},{"damage":10.0,"enemies":"3 Louse","floor":11.0,"turns":4.0},{"damage":28.0,"enemies":"Gremlin Nob","floor":12.0,"turns":4.0},{"damage":10.0,"enemies":"2 Fungi Beasts","floor":13.0,"turns":3.0},{"damage":13.0,"enemies":"Hexaghost","floor":16.0,"turns":8.0},{"damage":8.0,"enemies":"3 Byrds","floor":18.0,"turns":6.0},{"damage":30.0,"enemies":"Book of Stabbing","floor":23.0,"turns":4.0},{"damage":9.0,"enemies":"Gremlin Leader","floor":25.0,"turns":6.0},{"damage":15.0,"enemies":"Chosen","floor":27.0,"turns":4.0},{"damage":36.0,"enemies":"Book of Stabbing","floor":29.0,"turns":3.0},{"damage":0.0,"enemies":"Snake Plant","floor":30.0,"turns":1.0},{"damage":64.0,"enemies":"Automaton","floor":33.0,"turns":7.0},{"damage":50.0,"enemies":"3 Shapes","floor":35.0,"turns":5.0},{"damage":42.0,"enemies":"3 Darklings","floor":37.0,"turns":7.0},{"damage":25.0,"enemies":"Transient","floor":38.0,"turns":6.0},{"damage":72.0,"enemies":"Reptomancer","floor":40.0,"turns":8.0},{"damage":67.0,"enemies":"4 Shapes","floor":41.0,"turns":7.0},{"damage":21.0,"enemies":"Nemesis","floor":46.0,"turns":5.0},{"damage":82.0,"enemies":"Donu and Deca","floor":50.0,"turns":9.0},{"damage":87,"enemies":"Awakened One","floor":51,"turns":6}],"seed_played":"-6745787048552292774","potions_obtained":[{"floor":2.0,"key":"SpeedPotion"},{"floor":3.0,"key":"GamblersBrew"},{"floor":3.0,"key":"Energy Potion"},{"floor":4.0,"key":"Poison Potion"},{"floor":11.0,"key":"SteroidPotion"},{"floor":27.0,"key":"Ancient Potion"},{"floor":29.0,"key":"FearPotion"},{"floor":40.0,"key":"Energy Potion"}],"is_trial":false,"path_per_floor":["M","M","?","M","M","R","M","R","T","E","M","E","M","$","R","B",null,"M","?","?","?","$","E","R","E","T","M","?","E","M","?","R","B",null,"M","?","M","M","$","E","M","R","T","?","?","E","$","?","R","B","B"],"character_chosen":"IRONCLAD","items_purchased":["Medical Kit","Feel No Pain","Fire Potion","Limit Break"],"campfire_rested":2,"item_purchase_floors":[14,22,22,39],"current_hp_per_floor":[74,75,75,75,70,70,63,63,63,46,44,24,22,22,22,17,61,68,68,47,26,26,10,34,77,77,71,71,47,55,55,55,45,73,82,82,84,84,84,86,88,88,88,80,80,87,87,87,87,82,0],"gold":97,"neow_bonus":"THREE_ENEMY_KILL","is_prod":false,"is_daily":false,"chose_seed":false,"campfire_upgraded":4,"win_rate":0,"timestamp":1560602174,"path_taken":["M","?","?","M","M","R","M","R","T","E","M","E","?","?","R","BOSS","M","?","?","?","?","E","R","E","T","M","?","E","M","?","R","BOSS","M","?","?","M","$","E","M","R","T","?","?","E","$","?","R","BOSS","BOSS"],"build_version":"2019-01-23","purchased_purges":2,"victory":false,"max_hp_per_floor":[75,75,75,75,75,75,75,75,75,75,75,75,75,75,75,75,75,75,75,80,80,80,80,80,80,80,80,80,82,82,82,82,82,82,82,82,84,84,84,86,88,88,88,90,85,87,87,87,87,87,87],"card_choices":[{"not_picked":["Cleave","Heavy Blade"],"picked":"Armaments","floor":1.0},{"not_picked":["Sentinel","Body Slam"],"picked":"Twin Strike","floor":2.0},{"not_picked":["Rampage","Twin Strike"],"picked":"Bludgeon","floor":4.0},{"not_picked":["Clash","Cleave"],"picked":"Pommel Strike","floor":5.0},{"not_picked":["Searing Blow","Bloodletting"],"picked":"Inflame","floor":7.0},{"not_picked":["Havoc","Twin Strike"],"picked":"Pummel","floor":10.0},{"not_picked":["Reckless Charge","Sever Soul","Iron Wave"],"picked":"SKIP","floor":11.0},{"not_picked":["Cleave","Body Slam"],"picked":"Shockwave","floor":12.0},{"not_picked":["Flex","True Grit"],"picked":"Shrug It Off","floor":13.0},{"not_picked":["Limit Break","Barricade"],"picked":"Reaper","floor":16.0},{"not_picked":["Warcry","Dropkick","Clothesline"],"picked":"SKIP","floor":18.0},{"not_picked":["Iron Wave","Thunderclap","Flex"],"picked":"SKIP","floor":23.0},{"not_picked":["Inflame","Double Tap"],"picked":"Battle Trance","floor":25.0},{"not_picked":["Iron Wave+1","Cleave"],"picked":"Feel No Pain","floor":27.0},{"not_picked":["Iron Wave","Bloodletting","Cleave"],"picked":"Singing Bowl","floor":29.0},{"not_picked":["Pommel Strike","Intimidate"],"picked":"Disarm","floor":30.0},{"not_picked":["Demon Form","Double Tap"],"picked":"Offering","floor":33.0},{"not_picked":["Carnage+1","Clash"],"picked":"Dual Wield","floor":35.0},{"not_picked":["Clothesline","Pommel Strike","Cleave+1"],"picked":"Singing Bowl","floor":37.0},{"not_picked":["Pummel","Pommel Strike"],"picked":"Feel No Pain","floor":38.0},{"not_picked":["Anger","Combust+1","Wild Strike"],"picked":"Singing Bowl","floor":40.0},{"not_picked":["Warcry","True Grit","Twin Strike"],"picked":"Singing Bowl","floor":41.0},{"not_picked":["Impatience","Dramatic Entrance"],"picked":"Panacea","floor":44.0},{"not_picked":["Swift Strike","Secret Weapon"],"picked":"Chrysalis","floor":44.0},{"not_picked":["Bandage Up","Forethought","Enlightenment"],"picked":"Singing Bowl","floor":44.0},{"not_picked":["Inflame","Havoc","Wild Strike"],"picked":"Singing Bowl","floor":46.0}],"player_experience":674866,"relics_obtained":[{"floor":9.0,"key":"Blood Vial"},{"floor":10.0,"key":"Ornamental Fan"},{"floor":12.0,"key":"Orichalcum"},{"floor":21.0,"key":"Necronomicon"},{"floor":23.0,"key":"War Paint"},{"floor":25.0,"key":"Singing Bowl"},{"floor":26.0,"key":"PreservedInsect"},{"floor":29.0,"key":"Oddly Smooth Stone"},{"floor":40.0,"key":"MawBank"},{"floor":46.0,"key":"Dodecahedron"}],"event_choices":[{"damage_healed":0.0,"max_hp_gain":0.0,"max_hp_loss":0.0,"gold_gain":0.0,"event_name":"Lab","player_choice":"Got Potions","floor":3.0,"gold_loss":0.0,"damage_taken":0.0},{"damage_healed":0.0,"max_hp_gain":0.0,"max_hp_loss":0.0,"gold_gain":0.0,"event_name":"Ghosts","player_choice":"Ignored","floor":19.0,"gold_loss":0.0,"damage_taken":0.0},{"damage_healed":0.0,"max_hp_gain":5.0,"max_hp_loss":0.0,"gold_gain":0.0,"event_name":"Forgotten Altar","player_choice":"Shed Blood","floor":20.0,"gold_loss":0.0,"damage_taken":26.0},{"damage_healed":0.0,"max_hp_gain":0.0,"max_hp_loss":0.0,"gold_gain":0.0,"event_name":"Cursed Tome","player_choice":"Obtained Book","floor":21.0,"gold_loss":0.0,"damage_taken":21.0},{"cards_removed":["Shame"],"damage_healed":0.0,"max_hp_gain":0.0,"max_hp_loss":0.0,"gold_gain":0.0,"event_name":"Beggar","player_choice":"Gave Gold","floor":28.0,"gold_loss":75.0,"damage_taken":0.0},{"damage_healed":0.0,"max_hp_gain":0.0,"max_hp_loss":0.0,"gold_gain":0.0,"event_name":"The Library","player_choice":"Read","floor":31.0,"gold_loss":0.0,"damage_taken":0.0,"cards_obtained":["Demon Form"]},{"damage_healed":0.0,"max_hp_gain":0.0,"max_hp_loss":0.0,"gold_gain":0.0,"event_name":"Upgrade Shrine","player_choice":"Upgraded","floor":36.0,"gold_loss":0.0,"damage_taken":0.0,"cards_upgraded":["Dual Wield"]},{"damage_healed":0.0,"max_hp_gain":0.0,"max_hp_loss":0.0,"gold_gain":0.0,"event_name":"SensoryStone","player_choice":"Memory 3","floor":44.0,"gold_loss":0.0,"damage_taken":10.0},{"damage_healed":0.0,"max_hp_gain":0.0,"max_hp_loss":5.0,"gold_gain":0.0,"event_name":"Winding Halls","player_choice":"Max HP","floor":45.0,"gold_loss":0.0,"damage_taken":0.0},{"cards_removed":["Twin Strike"],"damage_healed":0.0,"max_hp_gain":0.0,"max_hp_loss":0.0,"gold_gain":0.0,"event_name":"Falling","player_choice":"Removed Attack","floor":48.0,"gold_loss":0.0,"damage_taken":0.0}],"is_beta":false,"boss_relics":[{"not_picked":["Runic Cube","Calling Bell"],"picked":"Cursed Key"},{"not_picked":["Tiny House","Mark of Pain"],"picked":"Fusion Hammer"}],"items_purged_floors":[14,47],"is_endless":false,"potions_floor_spawned":[2,4,5,11,12,27,29,30,37,40],"killed_by":"Awakened One","ascension_level":20}