{"gold_per_floor":[112,122,197,197,217,217,250,250,250,260,260],"floor_reached":11,"playtime":177,"items_purged":[],"score":146,"play_id":"62838236-b348-485f-8f67-661414a2a359","local_time":"20190627171620","is_ascension_mode":true,"campfire_choices":[{"data":"Streamline","floor":6,"key":"SMITH"},{"floor":8,"key":"REST"}],"neow_cost":"NONE","seed_source_timestamp":55185269039100,"circlet_count":0,"master_deck":["AscendersBane","Strike_B+1","Strike_B","Strike_B","Strike_B","Defend_B","Defend_B","Defend_B","Defend_B+1","Zap","Dualcast","Melter","Streamline+1","Undo","Fission","Chill"],"relics":["Cracked Core","NeowsBlessing","Oddly Smooth Stone"],"potions_floor_usage":[11],"damage_taken":[{"damage":0,"enemies":"2 Louse","floor":1,"turns":1},{"damage":0,"enemies":"Small Slimes","floor":2,"turns":1},{"damage":0,"enemies":"Cultist","floor":5,"turns":1},{"damage":31,"enemies":"Lagavulin","floor":7,"turns":7},{"damage":0,"enemies":"Exordium Thugs","floor":10,"turns":4},{"damage":52,"enemies":"Gremlin Nob","floor":11,"turns":3}],"seed_played":"7948195961802942856","potions_obtained":[{"floor":5,"key":"Dexterity Potion"},{"floor":7,"key":"Explosive Potion"}],"is_trial":false,"path_per_floor":["M","M","?","?","M","R","E","R","T","M","E"],"character_chosen":"DEFECT","items_purchased":[],"campfire_rested":1,"item_purchase_floors":[],"current_hp_per_floor":[64,64,53,32,32,32,1,22,22,22,0],"gold":260,"neow_bonus":"THREE_ENEMY_KILL","is_prod":false,"is_daily":false,"chose_seed":false,"campfire_upgraded":1,"win_rate":0,"timestamp":1561623380,"path_taken":["M","M","?","?","M","R","E","R","T","M","E"],"build_version":"2019-01-23","purchased_purges":0,"victory":false,"max_hp_per_floor":[71,71,71,71,71,71,71,71,71,71,71],"card_choices":[{"not_picked":["Sweeping Beam","Gash"],"picked":"Melter","floor":1},{"not_picked":["Stack","Beam Cell"],"picked":"Streamline","floor":2},{"not_picked":["Sweeping Beam","Leap"],"picked":"Undo","floor":5},{"not_picked":["Rebound","Conserve Battery"],"picked":"Fission","floor":7},{"not_picked":["Auto Shields","BootSequence"],"picked":"Chill","floor":10}],"player_experience":829008,"relics_obtained":[{"floor":7,"key":"Oddly Smooth Stone"}],"event_choices":[{"damage_healed":0,"gold_gain":75,"player_choice":"Gather Gold","damage_taken":11,"max_hp_gain":0,"max_hp_loss":0,"event_name":"World of Goop","floor":3,"gold_loss":0},{"damage_healed":0,"gold_gain":0,"player_choice":"Entered Light","damage_taken":21,"max_hp_gain":0,"max_hp_loss":0,"event_name":"Shining Light","floor":4,"gold_loss":0,"cards_upgraded":["Defend_B","Strike_B"]}],"is_beta":false,"boss_relics":[],"items_purged_floors":[],"is_endless":false,"potions_floor_spawned":[5,7,10],"killed_by":"Gremlin Nob","ascension_level":20}