{"gold_per_floor":[110,126,126,126,126,126,154,154,154,154,254,266,276,304,304,381,381,401,401,401,401,411,411,425,425,451,469,488,55,88,100,100,179,179,191,27,27,39,59,59,59,59,59,76,76],"floor_reached":45,"playtime":1980,"items_purged":[],"score":1086,"play_id":"31bf258e-0dd0-4ffe-908b-878d85e21dd9","local_time":"20190612202157","is_ascension_mode":true,"campfire_choices":[{"floor":6,"key":"REST"},{"data":"Bash","floor":8,"key":"SMITH"},{"data":"Pommel Strike","floor":10,"key":"SMITH"},{"data":"Second Wind","floor":15,"key":"SMITH"},{"floor":23,"key":"REST"},{"floor":25,"key":"REST"},{"floor":32,"key":"REST"},{"floor":40,"key":"REST"},{"data":"Armaments","floor":42,"key":"SMITH"}],"neow_cost":"NONE","seed_source_timestamp":367561194824400,"circlet_count":0,"master_deck":["AscendersBane","Defend_R+1","Defend_R","Defend_R+1","Exhume+1","Battle Trance+1","Pommel Strike+1","Second Wind+1","Spot Weakness","Evolve","Limit Break","Seeing Red","Evolve","Armaments+1","Flame Barrier","Power Through","Feed","Feel No Pain","Disarm","Hemokinesis","Body Slam"],"relics":["Astrolabe","Question Card","Matryoshka","Regal Pillow","Juzu Bracelet","Mark of Pain","Oddly Smooth Stone","Boot","Mummified Hand","Blood Vial","Peace Pipe","Orrery","Potion Belt","Happy Flower","Lantern"],"potions_floor_usage":[7,33,33,45,45,45],"damage_taken":[{"damage":0,"enemies":"Cultist","floor":1,"turns":3},{"damage":5,"enemies":"Small Slimes","floor":2,"turns":3},{"damage":0,"enemies":"Gremlin Nob","floor":7,"turns":3},{"damage":0,"enemies":"2 Louse","floor":12,"turns":2},{"damage":0,"enemies":"Large Slime","floor":13,"turns":3},{"damage":5,"enemies":"Lagavulin","floor":14,"turns":5},{"damage":36,"enemies":"The Guardian","floor":16,"turns":13},{"damage":0,"enemies":"Shell Parasite","floor":18,"turns":4},{"damage":21,"enemies":"2 Thieves","floor":22,"turns":4},{"damage":6,"enemies":"Centurion and Healer","floor":24,"turns":4},{"damage":18,"enemies":"Snecko","floor":27,"turns":6},{"damage":3,"enemies":"Sentry and Sphere","floor":28,"turns":5},{"damage":17,"enemies":"Book of Stabbing","floor":30,"turns":5},{"damage":19,"enemies":"Shelled Parasite and Fungi","floor":31,"turns":6},{"damage":0,"enemies":"Automaton","floor":33,"turns":10},{"damage":65,"enemies":"3 Darklings","floor":35,"turns":9},{"damage":5,"enemies":"3 Shapes","floor":38,"turns":9},{"damage":11,"enemies":"Sphere and 2 Shapes","floor":39,"turns":8},{"damage":15,"enemies":"Spire Growth","floor":44,"turns":7},{"damage":74,"enemies":"Reptomancer","floor":45,"turns":2}],"seed_played":"4171622570883556102","potions_obtained":[{"floor":1,"key":"Block Potion"},{"floor":12,"key":"Strength Potion"},{"floor":14,"key":"Dexterity Potion"},{"floor":24,"key":"PowerPotion"},{"floor":28,"key":"PowerPotion"},{"floor":33,"key":"Regen Potion"},{"floor":35,"key":"Explosive Potion"},{"floor":38,"key":"LiquidBronze"}],"is_trial":false,"path_per_floor":["M","M","?","?","?","R","E","R","T","R","?","M","M","E","R","B",null,"M","?","?","?","M","R","M","R","T","M","M","$","E","M","R","B",null,"M","$","?","M","M","R","?","R","T","M","E"],"character_chosen":"IRONCLAD","items_purchased":["Mummified Hand","Blood Vial","Potion Belt"],"campfire_rested":5,"item_purchase_floors":[29,29,36],"current_hp_per_floor":[68,63,52,45,22,44,44,44,44,44,44,44,44,39,39,3,57,57,57,36,36,15,54,48,80,80,62,59,59,44,27,66,68,77,17,17,17,17,12,54,54,54,54,41,0],"gold":76,"neow_bonus":"BOSS_RELIC","is_prod":false,"is_daily":false,"chose_seed":false,"campfire_upgraded":4,"win_rate":0,"timestamp":1560338517,"path_taken":["M","?","?","?","?","R","E","R","T","R","?","M","?","E","R","BOSS","M","?","?","?","M","R","M","R","T","M","M","$","E","M","R","BOSS","M","$","?","M","M","R","?","R","T","M","E"],"build_version":"2019-01-23","purchased_purges":0,"victory":false,"max_hp_per_floor":[75,75,75,75,75,75,75,75,75,75,75,75,75,75,75,75,75,75,75,80,80,80,80,80,80,80,80,80,80,80,80,80,80,80,83,83,83,86,90,90,90,90,90,90,90],"card_choices":[{"not_picked":["Ghostly Armor","Iron Wave","Clash"],"picked":"SKIP","floor":1},{"not_picked":["Armaments","Pummel","Wild Strike"],"picked":"SKIP","floor":2},{"not_picked":["Havoc","Thunderclap","Searing Blow"],"picked":"Pommel Strike","floor":7},{"not_picked":["Havoc","Berserk","Sever Soul"],"picked":"Second Wind","floor":12},{"not_picked":["Searing Blow","Anger","Ghostly Armor"],"picked":"Spot Weakness","floor":13},{"not_picked":["Flex","Second Wind","Twin Strike"],"picked":"Evolve","floor":14},{"not_picked":["Demon Form","Dark Embrace","Brutality"],"picked":"Limit Break","floor":16},{"not_picked":["Iron Wave","Flex","Clothesline"],"picked":"Seeing Red","floor":18},{"not_picked":["Iron Wave","Sever Soul","True Grit"],"picked":"Evolve","floor":22},{"not_picked":["Pummel","Anger","Iron Wave"],"picked":"Armaments","floor":24},{"not_picked":["Headbutt","Burning Pact","Cleave+1","Pummel"],"picked":"SKIP","floor":27},{"not_picked":["Headbutt","Burning Pact","Cleave+1","Pummel"],"picked":"SKIP","floor":27},{"not_picked":["Thunderclap","Flex","True Grit"],"picked":"Flame Barrier","floor":28},{"not_picked":["Dropkick","Sentinel","True Grit"],"picked":"Power Through","floor":30},{"not_picked":["Hemokinesis","Iron Wave","Blood for Blood","Havoc"],"picked":"SKIP","floor":31},{"not_picked":["Bludgeon","Fiend Fire","Exhume"],"picked":"Feed","floor":33},{"not_picked":["Armaments","Cleave","Headbutt"],"picked":"Feel No Pain","floor":34},{"not_picked":["Headbutt+1","Infernal Blade","Shrug It Off"],"picked":"Disarm","floor":34},{"not_picked":["Clothesline","Wild Strike","Warcry+1","Rage"],"picked":"SKIP","floor":35},{"not_picked":["Evolve+1","Shrug It Off","Warcry"],"picked":"Body Slam","floor":38},{"not_picked":["Warcry","Perfected Strike","Dropkick+1","Pommel Strike+1"],"picked":"SKIP","floor":39},{"not_picked":["Headbutt+1","Havoc+1","Iron Wave","Shockwave"],"picked":"SKIP","floor":44}],"player_experience":615363,"relics_obtained":[{"floor":7,"key":"Matryoshka"},{"floor":9,"key":"Regal Pillow"},{"floor":14,"key":"Juzu Bracelet"},{"floor":26,"key":"Oddly Smooth Stone"},{"floor":26,"key":"Boot"},{"floor":30,"key":"Peace Pipe"},{"floor":43,"key":"Lantern"}],"event_choices":[{"damage_healed":0,"gold_gain":0,"player_choice":"Success","damage_taken":11,"relics_obtained":["Question Card"],"max_hp_gain":0,"max_hp_loss":0,"event_name":"Scrap Ooze","floor":3,"gold_loss":0},{"cards_removed":["Strike_R"],"damage_healed":0,"gold_gain":0,"player_choice":"Card Removal","damage_taken":7,"max_hp_gain":0,"max_hp_loss":0,"event_name":"Golden Wing","floor":4,"gold_loss":0},{"damage_healed":0,"gold_gain":0,"player_choice":"Entered Light","damage_taken":23,"max_hp_gain":0,"max_hp_loss":0,"event_name":"Shining Light","floor":5,"gold_loss":0,"cards_upgraded":["Defend_R","Defend_R"]},{"damage_healed":0,"gold_gain":100,"player_choice":"Gold","damage_taken":0,"max_hp_gain":0,"max_hp_loss":0,"event_name":"Wheel of Change","floor":11,"gold_loss":0},{"cards_removed":["Strike_R"],"damage_healed":0,"gold_gain":0,"player_choice":"Offered Basic","damage_taken":0,"max_hp_gain":0,"max_hp_loss":0,"event_name":"Bonfire Elementals","floor":19,"gold_loss":0},{"damage_healed":0,"gold_gain":0,"player_choice":"Shed Blood","damage_taken":26,"max_hp_gain":5,"max_hp_loss":0,"event_name":"Forgotten Altar","floor":20,"gold_loss":0},{"cards_removed":["Defend_R"],"damage_healed":0,"gold_gain":0,"player_choice":"Elegance","damage_taken":0,"max_hp_gain":0,"max_hp_loss":0,"event_name":"Back to Basics","floor":21,"gold_loss":0},{"damage_healed":0,"gold_gain":0,"cards_transformed":["Bash"],"player_choice":"Transformed","damage_taken":0,"max_hp_gain":0,"max_hp_loss":0,"event_name":"Transmorgrifier","floor":37,"gold_loss":0,"cards_obtained":["Hemokinesis"]},{"cards_removed":["Wild Strike"],"damage_healed":0,"gold_gain":0,"player_choice":"Gave Card","damage_taken":0,"relics_obtained":["Happy Flower"],"max_hp_gain":0,"max_hp_loss":0,"event_name":"WeMeetAgain","floor":41,"gold_loss":0}],"is_beta":false,"boss_relics":[{"not_picked":["Black Star","Eternal Feather"],"picked":"Mark of Pain"},{"not_picked":["Snecko Eye","Empty Cage"],"picked":"Orrery"}],"items_purged_floors":[],"is_endless":false,"potions_floor_spawned":[1,12,14,18,24,28,31,33,35,38],"killed_by":"Reptomancer","ascension_level":20}