{"gold_per_floor":[116,116,137,160,184,184,228,228,254,254,324,387,430,20,20,111,111,125,175,225,243,59,59,72,115,115,136,136],"floor_reached":28,"playtime":1734,"items_purged":[],"score":549,"play_id":"f04e5280-0869-4b62-9f23-78f4dff5dae4","local_time":"20190723234155","is_ascension_mode":true,"campfire_choices":[{"data":"Predator","floor":6,"key":"SMITH"},{"floor":8,"key":"REST"},{"data":"A Thousand Cuts","floor":15,"key":"SMITH"},{"data":"Well Laid Plans","floor":23,"key":"SMITH"}],"neow_cost":"NONE","seed_source_timestamp":1116149418225073,"circlet_count":0,"master_deck":["AscendersBane","Strike_G","Strike_G","Strike_G","Strike_G","Strike_G","Defend_G","Defend_G","Defend_G","Defend_G","Defend_G","Survivor","Neutralize","Dagger Spray","Well Laid Plans+1","Predator+1","Deadly Poison","A Thousand Cuts+1","Concentrate","Dash","Deflect","Leg Sweep","Heel Hook","Dagger Throw","Night Terror","Deadly Poison+1","Escape Plan+1","Footwork","Deflect","Bouncing Flask","Flying Knee","Decay","Caltrops+1"],"special_seed":0,"relics":["Ring of the Snake","Golden Idol","Bag of Marbles","Snake Skull","SsserpentHead","Bronze Scales","OrangePellets","Cursed Key","Mummified Hand","Spirit Poop","WingedGreaves","Pantograph"],"potions_floor_usage":[7,13,16,18,27,28],"damage_taken":[{"damage":14.0,"enemies":"Small Slimes","floor":1.0,"turns":5.0},{"damage":0.0,"enemies":"2 Louse","floor":3.0,"turns":3.0},{"damage":0,"enemies":"Cultist","floor":4,"turns":3},{"damage":4,"enemies":"Lots of Slimes","floor":5,"turns":3},{"damage":40,"enemies":"Lagavulin","floor":7,"turns":8},{"damage":0,"enemies":"2 Fungi Beasts","floor":11,"turns":2},{"damage":4,"enemies":"Blue Slaver","floor":12,"turns":4},{"damage":0,"enemies":"Gremlin Nob","floor":13,"turns":3},{"damage":10,"enemies":"Hexaghost","floor":16,"turns":9},{"damage":3,"enemies":"3 Byrds","floor":18,"turns":2},{"damage":4,"enemies":"Chosen","floor":21,"turns":4},{"damage":4,"enemies":"Shelled Parasite and Fungi","floor":24,"turns":5},{"damage":1,"enemies":"Gremlin Leader","floor":25,"turns":6},{"damage":8,"enemies":"3 Cultists","floor":27,"turns":4},{"damage":36,"enemies":"Book of Stabbing","floor":28,"turns":4}],"seed_played":"-833014539081701465","potions_obtained":[{"floor":3.0,"key":"Regen Potion"},{"floor":11,"key":"Fire Potion"},{"floor":12,"key":"Block Potion"},{"floor":16,"key":"Energy Potion"},{"floor":25,"key":"Swift Potion"},{"floor":27,"key":"Dexterity Potion"}],"is_trial":false,"path_per_floor":["M","?","M","M","M","R","E","R","T","?","M","M","E","$","R","B",null,"M","?","?","M","$","R","M","E","T","M","E"],"character_chosen":"THE_SILENT","items_purchased":["Leg Sweep","OrangePellets","Heel Hook","Dagger Throw","Footwork","Deflect","Bouncing Flask"],"campfire_rested":1,"item_purchase_floors":[14,14,14,14,22,22,22],"current_hp_per_floor":[51,51,51,51,47,47,22,41,41,41,41,37,37,37,37,27,56,53,53,53,49,49,49,45,44,44,36,0],"gold":136,"neow_bonus":"TEN_PERCENT_HP_BONUS","is_prod":false,"is_daily":false,"chose_seed":false,"campfire_upgraded":3,"win_rate":0,"timestamp":1563918115,"path_taken":["M","?","M","M","M","R","E","R","T","?","?","?","E","$","R","BOSS","M","?","?","M","$","R","M","E","T","M","E"],"build_version":"2019-07-17","purchased_purges":0,"victory":false,"max_hp_per_floor":[72,65,65,65,65,65,65,65,65,65,65,65,65,65,65,65,65,65,65,65,65,65,65,65,65,65,65,65],"card_choices":[{"not_picked":["Dagger Throw","Backflip"],"picked":"Dagger Spray","floor":1.0},{"not_picked":["Backflip","All Out Attack"],"picked":"Well Laid Plans","floor":3.0},{"not_picked":["Footwork","Sucker Punch"],"picked":"Predator","floor":4},{"not_picked":["Dodge and Roll","Prepared"],"picked":"Deadly Poison","floor":5},{"not_picked":["Storm of Steel","Distraction"],"picked":"A Thousand Cuts","floor":7},{"not_picked":["Backflip","Outmaneuver"],"picked":"Concentrate","floor":11},{"not_picked":["Terror","Dagger Throw"],"picked":"Dash","floor":12},{"not_picked":["Flying Knee","Setup"],"picked":"Deflect","floor":13},{"not_picked":["Grand Finale","Malaise"],"picked":"Night Terror","floor":16},{"not_picked":["Prepared","Outmaneuver"],"picked":"Deadly Poison+1","floor":18},{"not_picked":["Blur","Poisoned Stab"],"picked":"Escape Plan+1","floor":21},{"not_picked":["Underhanded Strike","Tactician"],"picked":"Flying Knee","floor":25},{"not_picked":["Underhanded Strike","Sucker Punch"],"picked":"Caltrops+1","floor":27}],"player_experience":1323457,"relics_obtained":[{"floor":7,"key":"Bag of Marbles"},{"floor":9,"key":"Snake Skull"},{"floor":13,"key":"Bronze Scales"},{"floor":25,"key":"WingedGreaves"},{"floor":26,"key":"Pantograph"}],"event_choices":[{"damage_healed":0.0,"max_hp_gain":0.0,"max_hp_loss":7.0,"gold_gain":0.0,"event_name":"Golden Idol","player_choice":"Lose Max HP","floor":2.0,"gold_loss":0.0,"damage_taken":0.0,"relics_obtained":["Golden Idol"]},{"damage_healed":0,"gold_gain":0,"player_choice":"Trade","damage_taken":0,"relics_obtained":["SsserpentHead"],"max_hp_gain":0,"max_hp_loss":0,"event_name":"FaceTrader","floor":10,"gold_loss":0},{"damage_healed":0,"gold_gain":0,"player_choice":"Opened","damage_taken":0,"relics_obtained":["Mummified Hand"],"max_hp_gain":0,"max_hp_loss":0,"event_name":"The Mausoleum","floor":19,"gold_loss":0,"cards_obtained":["Writhe"]},{"cards_removed":["Writhe"],"damage_healed":0,"gold_gain":0,"player_choice":"Offered Curse","damage_taken":0,"relics_obtained":["Spirit Poop"],"max_hp_gain":0,"max_hp_loss":0,"event_name":"Bonfire Elementals","floor":20,"gold_loss":0}],"is_beta":false,"boss_relics":[{"not_picked":["Ring of the Serpent","Fusion Hammer"],"picked":"Cursed Key"}],"items_purged_floors":[],"is_endless":false,"potions_floor_spawned":[3,11,12,16,25,27],"killed_by":"Book of Stabbing","ascension_level":20}