{"gold_per_floor":[364,97,110,121,86,86,114,114,186,186],"floor_reached":10,"playtime":341,"items_purged":["Strike_B"],"score":132,"play_id":"fc6ced3d-fb3e-487f-9c68-f5765cf498d0","local_time":"20190614213826","is_ascension_mode":true,"campfire_choices":[{"data":"Defragment","floor":6,"key":"SMITH"}],"neow_cost":"TEN_PERCENT_HP_LOSS","seed_source_timestamp":25583255973900,"circlet_count":0,"master_deck":["AscendersBane","Strike_B","Strike_B","Strike_B","Defend_B","Defend_B","Defend_B","Defend_B","Zap","Dualcast","Cold Snap","Defragment+1","Coolheaded","Consume","Ball Lightning","Buffer"],"special_seed":0,"relics":["Cracked Core","Potion Belt","Bottled Tornado"],"potions_floor_usage":[],"damage_taken":[{"damage":7.0,"enemies":"Jaw Worm","floor":1.0,"turns":3.0},{"damage":14,"enemies":"2 Louse","floor":3,"turns":2},{"damage":6,"enemies":"Small Slimes","floor":4,"turns":3},{"damage":34,"enemies":"3 Sentries","floor":7,"turns":8},{"damage":16,"enemies":"Gremlin Gang","floor":10,"turns":3}],"seed_played":"-1637934689315252219","potions_obtained":[{"floor":4,"key":"Energy Potion"}],"is_trial":false,"path_per_floor":["M","$","M","M","?","R","E","?","T","M"],"character_chosen":"DEFECT","items_purchased":["Defragment","Coolheaded","Consume"],"campfire_rested":0,"item_purchase_floors":[2,2,2],"current_hp_per_floor":[57,57,43,37,53,53,19,40,40,24],"gold":186,"neow_bonus":"TWO_FIFTY_GOLD","is_prod":false,"is_daily":false,"chose_seed":false,"campfire_upgraded":1,"win_rate":0,"timestamp":1560515906,"path_taken":["M","$","M","M","?","R","E","?","T","M"],"build_version":"2019-01-23","purchased_purges":1,"victory":false,"max_hp_per_floor":[64,64,64,64,64,64,64,64,64,64],"card_choices":[{"not_picked":["Compile Driver","Leap"],"picked":"Cold Snap","floor":1.0},{"not_picked":["Gash","Barrage"],"picked":"Ball Lightning","floor":3},{"not_picked":["Storm","Tempest"],"picked":"Buffer","floor":4},{"not_picked":["Reprogram","BootSequence","Amplify"],"picked":"SKIP","floor":7}],"player_experience":659191,"relics_obtained":[{"floor":7,"key":"Potion Belt"},{"floor":9,"key":"Bottled Tornado"}],"event_choices":[{"damage_healed":16,"gold_gain":0,"player_choice":"Healed","damage_taken":0,"max_hp_gain":0,"max_hp_loss":0,"event_name":"The Cleric","floor":5,"gold_loss":35},{"damage_healed":21,"gold_gain":0,"player_choice":"Banana","damage_taken":0,"max_hp_gain":0,"max_hp_loss":0,"event_name":"Big Fish","floor":8,"gold_loss":0}],"is_beta":false,"boss_relics":[],"items_purged_floors":[2],"is_endless":false,"potions_floor_spawned":[4],"killed_by":"Gremlin Gang","ascension_level":20}