{"gold_per_floor":[119,119,119,119,143,176,176,201,201,186,227,227,227],"floor_reached":13,"playtime":295,"items_purged":[],"score":236,"play_id":"5334409c-5ae2-4912-bf0e-6cfd171a02c7","local_time":"20190726194023","is_ascension_mode":true,"campfire_choices":[{"data":"Deadly Poison","floor":7,"key":"SMITH"},{"floor":12,"key":"REST"}],"neow_cost":"NONE","seed_source_timestamp":620194115205000,"circlet_count":0,"master_deck":["AscendersBane","Strike_G","Strike_G","Strike_G","Defend_G+1","Defend_G","Defend_G","Defend_G","Defend_G","Survivor","Neutralize","Deadly Poison+1","Outmaneuver+1","Caltrops","Endless Agony","Slice","Well Laid Plans","Blade Dance"],"relics":["Ring of the Snake","NeowsBlessing","Golden Idol","War Paint","Shuriken"],"potions_floor_usage":[11],"damage_taken":[{"damage":0,"enemies":"2 Louse","floor":1,"turns":1},{"damage":0,"enemies":"Jaw Worm","floor":5,"turns":1},{"damage":0,"enemies":"Gremlin Nob","floor":6,"turns":1},{"damage":1,"enemies":"Cultist","floor":8,"turns":4},{"damage":1,"enemies":"Exordium Thugs","floor":10,"turns":4},{"damage":10,"enemies":"Lagavulin","floor":11,"turns":8},{"damage":34,"enemies":"3 Sentries","floor":13,"turns":7}],"seed_played":"1109018269956960299","potions_obtained":[{"floor":8,"key":"Weak Potion"},{"floor":10,"key":"Ancient Potion"},{"floor":11,"key":"Ancient Potion"}],"is_trial":false,"path_per_floor":["M","?","?","?","M","E","R","M","T","M","E","R","E"],"character_chosen":"THE_SILENT","items_purchased":[],"campfire_rested":1,"item_purchase_floors":[],"current_hp_per_floor":[59,52,52,29,29,29,29,28,28,27,17,36,2],"gold":227,"neow_bonus":"THREE_ENEMY_KILL","is_prod":false,"is_daily":false,"chose_seed":false,"campfire_upgraded":1,"win_rate":0,"timestamp":1564137623,"path_taken":["M","?","?","?","M","E","R","M","T","M","E","R","E"],"build_version":"2019-07-17","purchased_purges":0,"victory":false,"max_hp_per_floor":[66,66,66,66,66,66,66,66,66,66,66,66,66],"card_choices":[{"not_picked":["Backflip","Dagger Throw"],"picked":"Deadly Poison","floor":1},{"not_picked":["PiercingWail","Poisoned Stab"],"picked":"Caltrops","floor":5},{"not_picked":["PiercingWail","Terror"],"picked":"Endless Agony","floor":6},{"not_picked":["Eviscerate","Sucker Punch"],"picked":"Slice","floor":8},{"not_picked":["Terror","Distraction"],"picked":"Well Laid Plans","floor":10},{"not_picked":["Backstab","Escape Plan"],"picked":"Blade Dance","floor":11}],"player_experience":1230254,"relics_obtained":[{"floor":9,"key":"War Paint"},{"floor":11,"key":"Shuriken"}],"event_choices":[{"cards_removed":["Strike_G"],"damage_healed":0,"gold_gain":0,"player_choice":"Card Removal","damage_taken":7,"max_hp_gain":0,"max_hp_loss":0,"event_name":"Golden Wing","floor":2,"gold_loss":0},{"damage_healed":0,"gold_gain":0,"cards_transformed":["Strike_G"],"player_choice":"Change","damage_taken":0,"max_hp_gain":0,"max_hp_loss":0,"event_name":"Living Wall","floor":3,"gold_loss":0,"cards_obtained":["Outmaneuver"]},{"damage_healed":0,"gold_gain":0,"player_choice":"Take Damage","damage_taken":23,"relics_obtained":["Golden Idol"],"max_hp_gain":0,"max_hp_loss":0,"event_name":"Golden Idol","floor":4,"gold_loss":0}],"is_beta":false,"boss_relics":[],"items_purged_floors":[],"is_endless":false,"potions_floor_spawned":[8,10,11],"killed_by":"3 Sentries","ascension_level":20}