{"gold_per_floor":[111,111,127,147,72,72,101,101,101,119,133,82,82,107,107,181,181,200,213,163,181,200,200,234,246,246,579,579],"floor_reached":28,"playtime":918,"items_purged":["Strike_B"],"score":540,"play_id":"8626fb36-d099-4150-96f3-658970669254","local_time":"20190615000914","is_ascension_mode":true,"campfire_choices":[{"data":"Streamline","floor":6,"key":"SMITH"},{"data":"Consume","floor":8,"key":"SMITH"},{"data":"Loop","floor":15,"key":"SMITH"},{"floor":23,"key":"REST"}],"neow_cost":"NONE","seed_source_timestamp":34093185755000,"circlet_count":0,"master_deck":["AscendersBane","Strike_B","Strike_B","Defend_B","Defend_B+1","Defend_B","Defend_B","Zap","Dualcast","Self Repair+1","Streamline+1","Consume+1","Go for the Eyes","Cold Snap","Coolheaded","Loop+1","Electrodynamics","Cold Snap+1","Ball Lightning","Creative AI","Glacier+1","Shame","Leap+1"],"relics":["Cracked Core","NeowsBlessing","Sundial","Potion Belt","Bottled Tornado","Cursed Key","Bronze Scales","Old Coin"],"potions_floor_usage":[7,16,24,24,27,28],"damage_taken":[{"damage":0,"enemies":"Small Slimes","floor":1,"turns":1},{"damage":0,"enemies":"Cultist","floor":3,"turns":1},{"damage":0,"enemies":"2 Louse","floor":4,"turns":1},{"damage":38,"enemies":"Gremlin Nob","floor":7,"turns":4},{"damage":5,"enemies":"Red Slaver","floor":10,"turns":3},{"damage":3,"enemies":"Large Slime","floor":11,"turns":5},{"damage":20,"enemies":"3 Sentries","floor":14,"turns":13},{"damage":13,"enemies":"Hexaghost","floor":16,"turns":9},{"damage":16,"enemies":"Chosen","floor":18,"turns":5},{"damage":18,"enemies":"Shell Parasite","floor":19,"turns":4},{"damage":29,"enemies":"Centurion and Healer","floor":21,"turns":5},{"damage":18,"enemies":"3 Cultists","floor":22,"turns":4},{"damage":21,"enemies":"Gremlin Leader","floor":24,"turns":4},{"damage":11,"enemies":"Shelled Parasite and Fungi","floor":25,"turns":6},{"damage":9,"enemies":"Book of Stabbing","floor":27,"turns":4},{"damage":16,"enemies":"Centurion and Healer","floor":28,"turns":3}],"seed_played":"-8321990782960161873","potions_obtained":[{"floor":1,"key":"Fire Potion"},{"floor":3,"key":"PowerPotion"},{"floor":11,"key":"FairyPotion"},{"floor":16,"key":"Dexterity Potion"},{"floor":21,"key":"FocusPotion"},{"floor":25,"key":"AttackPotion"},{"floor":27,"key":"AttackPotion"}],"is_trial":false,"path_per_floor":["M","?","M","M","$","R","E","R","T","M","M","$","?","E","R","B",null,"M","M","?","M","M","R","E","M","T","E","M"],"character_chosen":"DEFECT","items_purchased":["Coolheaded"],"campfire_rested":1,"item_purchase_floors":[12],"current_hp_per_floor":[64,64,64,71,71,71,40,40,40,42,46,46,46,33,33,27,60,51,40,40,21,13,34,23,22,22,13,4],"gold":579,"neow_bonus":"THREE_ENEMY_KILL","is_prod":false,"is_daily":false,"chose_seed":false,"campfire_upgraded":3,"win_rate":0,"timestamp":1560524954,"path_taken":["M","?","?","M","$","R","E","R","T","M","M","?","?","E","R","BOSS","M","M","?","?","M","R","E","M","T","E","M"],"build_version":"2019-01-23","purchased_purges":1,"victory":false,"max_hp_per_floor":[71,71,71,71,71,71,71,71,71,71,71,71,71,71,71,71,71,71,71,71,71,71,71,71,71,71,71,71],"card_choices":[{"not_picked":["Hologram","Reprogram"],"picked":"Self Repair","floor":1},{"not_picked":["Go for the Eyes","Steam"],"picked":"Streamline","floor":3},{"not_picked":["Sweeping Beam","Gash"],"picked":"Consume","floor":4},{"not_picked":["Aggregate","All For One","Go for the Eyes"],"picked":"SKIP","floor":7},{"not_picked":["Aggregate","All For One"],"picked":"Go for the Eyes","floor":7},{"not_picked":["Streamline","Go for the Eyes"],"picked":"Cold Snap","floor":10},{"not_picked":["Conserve Battery","Reprogram","Leap"],"picked":"SKIP","floor":11},{"not_picked":["Auto Shields","Heatsinks"],"picked":"Loop","floor":14},{"not_picked":["Seek","Thunder Strike"],"picked":"Electrodynamics","floor":16},{"not_picked":["Tempest","Redo"],"picked":"Cold Snap+1","floor":18},{"not_picked":["Steam","Scrape+1"],"picked":"Ball Lightning","floor":19},{"not_picked":["Storm","Compile Driver","Redo"],"picked":"SKIP","floor":21},{"not_picked":["Sunder","Beam Cell"],"picked":"Creative AI","floor":22},{"not_picked":["Aggregate","Streamline"],"picked":"Glacier+1","floor":24},{"not_picked":["Storm","Conserve Battery","Barrage"],"picked":"SKIP","floor":25},{"not_picked":["Multi-Cast","Rebound+1"],"picked":"Leap+1","floor":27}],"player_experience":660804,"relics_obtained":[{"floor":7,"key":"Sundial"},{"floor":9,"key":"Potion Belt"},{"floor":14,"key":"Bottled Tornado"},{"floor":24,"key":"Bronze Scales"},{"floor":27,"key":"Old Coin"}],"event_choices":[{"cards_removed":["Strike_B"],"damage_healed":0,"gold_gain":0,"player_choice":"Offered Basic","damage_taken":0,"max_hp_gain":0,"max_hp_loss":0,"event_name":"Bonfire Elementals","floor":2,"gold_loss":0},{"damage_healed":0,"gold_gain":0,"player_choice":"Ignored","damage_taken":0,"max_hp_gain":0,"max_hp_loss":0,"event_name":"Liars Game","floor":13,"gold_loss":0},{"damage_healed":0,"gold_gain":0,"player_choice":"Upgraded Two","damage_taken":0,"max_hp_gain":0,"max_hp_loss":0,"event_name":"Designer","floor":20,"gold_loss":50,"cards_upgraded":["Self Repair","Defend_B"]}],"is_beta":false,"boss_relics":[{"not_picked":["Orrery","Fusion Hammer"],"picked":"Cursed Key"}],"items_purged_floors":[5],"is_endless":false,"potions_floor_spawned":[1,3,11,16,21,25,27],"killed_by":"Centurion and Healer","ascension_level":20}