{"gold_per_floor":[117,117,267,192,12,44,61,61,61,61,81,106,168,168,168,242,242,257,270,116,116,116,116,151,151,151,165,165,196,216,235,235,312,312,326,341,341,359,329,329,357,357,405,432,445,445,455,475,475,475,475,475,475,17,43,43],"floor_reached":56,"playtime":2927,"items_purged":["Strike_B","Bite+1"],"score":2281,"play_id":"6995505b-5494-41af-ad4c-b38302baf19b","local_time":"20190623164136","is_ascension_mode":true,"campfire_choices":[{"data":"Apotheosis","floor":8.0,"key":"SMITH"},{"data":"Coolheaded","floor":10.0,"key":"SMITH"},{"data":"Defragment","floor":15.0,"key":"SMITH"},{"data":"Defragment","floor":23.0,"key":"SMITH"},{"floor":25.0,"key":"REST"},{"data":"Coolheaded","floor":28.0,"key":"SMITH"},{"data":"Loop","floor":32.0,"key":"SMITH"},{"data":"Fission","floor":40.0,"key":"SMITH"},{"data":"Chill","floor":42.0,"key":"SMITH"},{"floor":46.0,"key":"RECALL"},{"floor":49.0,"key":"REST"},{"data":"Consume","floor":53.0,"key":"SMITH"}],"neow_cost":"NONE","seed_source_timestamp":94709073370700,"circlet_count":0,"master_deck":["AscendersBane","Defend_B","Defend_B","Defend_B","Defend_B","Zap+1","Dualcast","Coolheaded+1","Apotheosis+1","Go for the Eyes","Cold Snap","Defragment+1","Cold Snap","Ball Lightning+1","All For One+1","Electrodynamics","Recycle+1","Defragment+1","Echo Form","Bite+1","Bite+1","Bite+1","Bite+1","Coolheaded+1","Loop+1","Coolheaded+1","Turbo","Coolheaded+1","Fission+1","Cold Snap+1","Chill+1","Glacier+1","Consume+1","Darkness+1","Consume+1","Defragment+1","Heatsinks+1","Blizzard+1"],"special_seed":0,"relics":["Cracked Core","NeowsBlessing","Kunai","Matryoshka","DataDisk","Molten Egg 2","Black Star","Bag of Marbles","Pantograph","Dream Catcher","Question Card","Prayer Wheel","Art of War","Inserter","Dodecahedron","Ornamental Fan","Regal Pillow","Frozen Egg 2","Torii","Boot","Happy Flower","Cables"],"potions_floor_usage":[],"damage_taken":[{"damage":0.0,"enemies":"Jaw Worm","floor":1.0,"turns":1.0},{"damage":0.0,"enemies":"3 Sentries","floor":6.0,"turns":1.0},{"damage":0.0,"enemies":"2 Louse","floor":7.0,"turns":1.0},{"damage":7.0,"enemies":"Small Slimes","floor":11.0,"turns":2.0},{"damage":0.0,"enemies":"Lagavulin","floor":12.0,"turns":8.0},{"damage":11.0,"enemies":"Lagavulin Event","floor":13.0,"turns":7.0},{"damage":5.0,"enemies":"Hexaghost","floor":16.0,"turns":9.0},{"damage":17.0,"enemies":"Shell Parasite","floor":18.0,"turns":4.0},{"damage":3.0,"enemies":"3 Byrds","floor":19.0,"turns":3.0},{"damage":34.0,"enemies":"Slavers","floor":24.0,"turns":4.0},{"damage":23.0,"enemies":"Centurion and Healer","floor":27.0,"turns":12.0},{"damage":33.0,"enemies":"Book of Stabbing","floor":29.0,"turns":5.0},{"damage":18.0,"enemies":"Snecko","floor":30.0,"turns":9.0},{"damage":3.0,"enemies":"Cultist and Chosen","floor":31.0,"turns":6.0},{"damage":0.0,"enemies":"Champ","floor":33.0,"turns":14.0},{"damage":40.0,"enemies":"Orb Walker","floor":35.0,"turns":4.0},{"damage":6.0,"enemies":"3 Shapes","floor":36.0,"turns":3.0},{"damage":27.0,"enemies":"Spire Growth","floor":38.0,"turns":10.0},{"damage":40.0,"enemies":"Nemesis","floor":41.0,"turns":11.0},{"damage":3.0,"enemies":"Giant Head","floor":44.0,"turns":9.0},{"damage":1.0,"enemies":"4 Shapes","floor":45.0,"turns":5.0},{"damage":19.0,"enemies":"Writhing Mass","floor":47.0,"turns":7.0},{"damage":14.0,"enemies":"Transient","floor":48.0,"turns":6.0},{"damage":19.0,"enemies":"Donu and Deca","floor":50.0,"turns":15.0},{"damage":0.0,"enemies":"Awakened One","floor":51.0,"turns":13.0},{"damage":21.0,"enemies":"Shield and Spear","floor":55.0,"turns":14.0},{"damage":66,"enemies":"The Heart","floor":56,"turns":5}],"seed_played":"-9137636873011888712","potions_obtained":[{"floor":6.0,"key":"FairyPotion"},{"floor":22.0,"key":"AttackPotion"},{"floor":24.0,"key":"Poison Potion"},{"floor":35.0,"key":"Fire Potion"},{"floor":45.0,"key":"GamblersBrew"},{"floor":47.0,"key":"Swift Potion"}],"is_trial":false,"path_per_floor":["M","?","?","?","$","E","M","R","T","R","M","E","?","?","R","B",null,"M","M","$","?","?","R","E","R","T","M","R","E","M","M","R","B",null,"M","M","?","M","?","R","E","R","T","E","M","R","M","M","R","B","B",null,"R","$","E","B"],"character_chosen":"DEFECT","items_purchased":["Apotheosis","Echo Form","Ancient Potion","Heatsinks+1","GamblersBrew","Boot"],"campfire_rested":2,"item_purchase_floors":[5,20,54,54,54,54],"current_hp_per_floor":[64,43,43,43,43,43,43,43,43,43,36,36,25,25,25,20,58,41,38,38,38,38,38,13,27,27,49,49,22,31,43,43,49,49,21,15,40,40,40,40,39,39,39,40,40,40,33,29,40,40,40,40,40,40,34,0],"gold":43,"neow_bonus":"THREE_ENEMY_KILL","is_prod":false,"is_daily":false,"chose_seed":false,"campfire_upgraded":9,"win_rate":0,"timestamp":1561275696,"path_taken":["M","?","?","?","$","E","?","R","T","R","M","E","?","?","R","BOSS","M","?","$","?","?","R","E","R","T","M","R","E","M","?","R","BOSS","M","M","?","M","?","R","E","R","T","E","?","R","M","M","R","BOSS","BOSS","R","$","E","BOSS"],"build_version":"2019-01-23","purchased_purges":2,"victory":false,"max_hp_per_floor":[71,71,71,71,71,71,71,71,71,71,71,71,71,71,71,71,71,71,71,71,49,49,49,49,49,49,49,49,49,49,49,49,49,49,49,49,40,40,40,40,40,40,40,40,40,40,40,40,40,40,40,40,40,40,40,40],"card_choices":[{"not_picked":["Compile Driver","Turbo"],"picked":"Coolheaded","floor":1.0},{"not_picked":["Hyperbeam","Undo"],"picked":"Go for the Eyes","floor":6.0},{"not_picked":["Go for the Eyes","Lockon"],"picked":"Cold Snap","floor":7.0},{"not_picked":["Steam Power","Barrage"],"picked":"Defragment","floor":11.0},{"not_picked":["Compile Driver","Stack"],"picked":"Cold Snap","floor":12.0},{"not_picked":["Conserve Battery","Sweeping Beam+1"],"picked":"Ball Lightning+1","floor":13.0},{"not_picked":["Fission","Multi-Cast"],"picked":"Electrodynamics","floor":16.0},{"not_picked":["Blizzard+1","Aggregate"],"picked":"Recycle+1","floor":18.0},{"not_picked":["Turbo","Coolheaded"],"picked":"Defragment","floor":19.0},{"not_picked":["Steam","Barrage+1","Go for the Eyes+1"],"picked":"SKIP","floor":24.0},{"not_picked":["Redo+1","Streamline+1","Sweeping Beam+1"],"picked":"Coolheaded","floor":27.0},{"not_picked":["Thunder Strike+1","Redo+1","Gash+1"],"picked":"Loop","floor":29.0},{"not_picked":["Compile Driver+1","Go for the Eyes+1","Stack"],"picked":"Coolheaded+1","floor":30.0},{"not_picked":["Self Repair","Thunder Strike+1","Force Field"],"picked":"Turbo","floor":30.0},{"not_picked":["Go for the Eyes+1","Ball Lightning+1","Turbo"],"picked":"Coolheaded+1","floor":31.0},{"not_picked":["Go for the Eyes+1","Gash+1","Conserve Battery","Sweeping Beam+1"],"picked":"SKIP","floor":31.0},{"not_picked":["Hyperbeam+1","Multi-Cast","Electrodynamics"],"picked":"Fission","floor":33.0},{"not_picked":["Genetic Algorithm","Auto Shields","Redo"],"picked":"Cold Snap+1","floor":35.0},{"not_picked":["Undo","Rebound+1","Conserve Battery","Stack+1"],"picked":"SKIP","floor":35.0},{"not_picked":["Undo","Rebound+1","Conserve Battery","Stack+1"],"picked":"SKIP","floor":35.0},{"not_picked":["Leap","Scrape+1","Barrage+1"],"picked":"Chill","floor":36.0},{"not_picked":["Hologram","Streamline+1","Go for the Eyes+1","Cold Snap+1"],"picked":"SKIP","floor":36.0},{"not_picked":["Turbo","Gash+1","Thunder Strike+1"],"picked":"Glacier+1","floor":38.0},{"not_picked":["Hologram+1","Rip and Tear+1","Compile Driver+1"],"picked":"Consume","floor":38.0},{"not_picked":["Compile Driver+1","Go for the Eyes+1","Cold Snap+1"],"picked":"Darkness+1","floor":41.0},{"not_picked":["Heatsinks","Beam Cell+1","Sweeping Beam+1","Cold Snap+1"],"picked":"SKIP","floor":44.0},{"not_picked":["Beam Cell+1","Storm+1","Hologram"],"picked":"Consume+1","floor":45.0},{"not_picked":["Aggregate","Turbo","Scrape+1","Cold Snap+1"],"picked":"SKIP","floor":45.0},{"not_picked":["FTL+1","Coolheaded","Rip and Tear+1"],"picked":"Defragment+1","floor":47.0},{"not_picked":["Beam Cell+1","All For One+1","Storm+1","Conserve Battery"],"picked":"SKIP","floor":47.0},{"not_picked":["Compile Driver+1","Redo","Coolheaded","Gash+1"],"picked":"SKIP","floor":48.0},{"not_picked":["Go for the Eyes+1","Sweeping Beam+1","Reinforced Body","Steam"],"picked":"SKIP","floor":48.0},{"not_picked":["BootSequence","Redo+1","Leap+1"],"picked":"Blizzard+1","floor":55.0}],"player_experience":763426,"relics_obtained":[{"floor":6.0,"key":"Kunai"},{"floor":9.0,"key":"Matryoshka"},{"floor":12.0,"key":"DataDisk"},{"floor":24.0,"key":"Bag of Marbles"},{"floor":24.0,"key":"Pantograph"},{"floor":26.0,"key":"Dream Catcher"},{"floor":26.0,"key":"Question Card"},{"floor":29.0,"key":"Prayer Wheel"},{"floor":29.0,"key":"Art of War"},{"floor":41.0,"key":"Dodecahedron"},{"floor":41.0,"key":"Ornamental Fan"},{"floor":43.0,"key":"Regal Pillow"},{"floor":44.0,"key":"Frozen Egg 2"},{"floor":44.0,"key":"Torii"},{"floor":55.0,"key":"Happy Flower"},{"floor":55.0,"key":"Cables"}],"event_choices":[{"damage_healed":0.0,"max_hp_gain":0.0,"max_hp_loss":0.0,"gold_gain":0.0,"event_name":"Shining Light","player_choice":"Entered Light","floor":2.0,"gold_loss":0.0,"damage_taken":21.0,"cards_upgraded":["Strike_B","Zap"]},{"damage_healed":0.0,"max_hp_gain":0.0,"max_hp_loss":0.0,"gold_gain":150.0,"event_name":"Liars Game","player_choice":"AGREE","floor":3.0,"gold_loss":0.0,"damage_taken":0.0,"cards_obtained":["Doubt"]},{"cards_removed":["Doubt"],"damage_healed":0.0,"max_hp_gain":0.0,"max_hp_loss":0.0,"gold_gain":0.0,"event_name":"The Cleric","player_choice":"Card Removal","floor":4.0,"gold_loss":75.0,"damage_taken":0.0},{"damage_healed":0.0,"max_hp_gain":0.0,"max_hp_loss":0.0,"gold_gain":0.0,"event_name":"Dead Adventurer","player_choice":"Searched \u00273\u0027 times","floor":13.0,"gold_loss":0.0,"damage_taken":0.0,"relics_obtained":["Molten Egg 2"]},{"damage_healed":0.0,"max_hp_gain":0.0,"max_hp_loss":0.0,"gold_gain":0.0,"event_name":"Match and Keep!","player_choice":"1 cards matched","floor":14.0,"gold_loss":0.0,"damage_taken":0.0,"cards_obtained":["All For One"]},{"damage_healed":0.0,"max_hp_gain":0.0,"max_hp_loss":22.0,"gold_gain":0.0,"event_name":"Vampires","player_choice":"Became a vampire","floor":21.0,"gold_loss":0.0,"damage_taken":0.0,"cards_obtained":["Bite","Bite","Bite","Bite","Bite"]},{"damage_healed":0.0,"max_hp_gain":0.0,"max_hp_loss":0.0,"gold_gain":0.0,"event_name":"Lab","player_choice":"Got Potions","floor":22.0,"gold_loss":0.0,"damage_taken":0.0},{"damage_healed":40.0,"max_hp_gain":0.0,"max_hp_loss":9.0,"gold_gain":0.0,"event_name":"The Moai Head","player_choice":"Heal","floor":37.0,"gold_loss":0.0,"damage_taken":0.0},{"damage_healed":0.0,"max_hp_gain":0.0,"max_hp_loss":0.0,"gold_gain":0.0,"event_name":"The Woman in Blue","player_choice":"Bought 2 Potions","floor":39.0,"gold_loss":0.0,"damage_taken":0.0}],"is_beta":false,"boss_relics":[{"not_picked":["Busted Crown","Runic Pyramid"],"picked":"Black Star"},{"not_picked":["Astrolabe","FrozenCore"],"picked":"Inserter"}],"items_purged_floors":[20,54],"is_endless":false,"potions_floor_spawned":[6,24,27,29,35,38,45,47],"killed_by":"The Heart","ascension_level":20}