{"gold_per_floor":[116,116,141,141,166,205,205,205],"floor_reached":8,"playtime":190,"items_purged":[],"score":112,"play_id":"1758ee8f-6c82-4508-b6df-0e8dcd0f9257","local_time":"20190722173029","is_ascension_mode":true,"campfire_choices":[{"data":"Consume","floor":7,"key":"SMITH"}],"neow_cost":"TEN_PERCENT_HP_LOSS","seed_source_timestamp":266901697636400,"circlet_count":0,"master_deck":["AscendersBane","Strike_B","Strike_B","Strike_B","Defend_B","Defend_B","Defend_B","Defend_B","Zap","Dualcast","Consume+1","Double Energy","Sweeping Beam","Biased Cognition","Lockon"],"relics":["Cracked Core","Prayer Wheel","Golden Idol","Bronze Scales"],"potions_floor_usage":[],"damage_taken":[{"damage":12,"enemies":"Small Slimes","floor":1,"turns":3},{"damage":6,"enemies":"Cultist","floor":3,"turns":3},{"damage":2,"enemies":"2 Louse","floor":5,"turns":2},{"damage":20,"enemies":"Lagavulin","floor":6,"turns":5},{"damage":5,"enemies":"3 Sentries","floor":8,"turns":2}],"seed_played":"2427927377795184181","potions_obtained":[{"floor":5,"key":"FearPotion"}],"is_trial":false,"path_per_floor":["M","?","M","?","M","E","R","E"],"character_chosen":"DEFECT","items_purchased":[],"campfire_rested":0,"item_purchase_floors":[],"current_hp_per_floor":[52,52,46,46,44,24,24,19],"gold":205,"neow_bonus":"ONE_RARE_RELIC","is_prod":false,"is_daily":false,"chose_seed":false,"campfire_upgraded":1,"win_rate":0,"timestamp":1563784229,"path_taken":["M","?","M","?","M","E","R","E"],"build_version":"2019-07-17","purchased_purges":0,"victory":false,"max_hp_per_floor":[64,58,58,58,58,58,58,58],"card_choices":[{"not_picked":["Rebound","Hologram"],"picked":"Consume","floor":1},{"not_picked":["Gash","Leap","Streamline"],"picked":"SKIP","floor":1},{"not_picked":["Hello World","Barrage"],"picked":"Double Energy","floor":3},{"not_picked":["Leap","Rebound"],"picked":"Sweeping Beam","floor":3},{"not_picked":["Recycle","Leap"],"picked":"Biased Cognition","floor":5},{"not_picked":["Turbo","Streamline"],"picked":"Lockon","floor":5},{"not_picked":["Stack","Doom and Gloom","Steam Power"],"picked":"SKIP","floor":6}],"player_experience":1131351,"relics_obtained":[{"floor":6,"key":"Bronze Scales"}],"event_choices":[{"damage_healed":0,"gold_gain":0,"player_choice":"Lose Max HP","damage_taken":0,"relics_obtained":["Golden Idol"],"max_hp_gain":0,"max_hp_loss":6,"event_name":"Golden Idol","floor":2,"gold_loss":0},{"cards_removed":["Strike_B"],"damage_healed":0,"gold_gain":0,"player_choice":"Offered Basic","damage_taken":0,"max_hp_gain":0,"max_hp_loss":0,"event_name":"Bonfire Elementals","floor":4,"gold_loss":0}],"is_beta":false,"boss_relics":[],"items_purged_floors":[],"is_endless":false,"potions_floor_spawned":[5],"killed_by":"3 Sentries","ascension_level":20}