{"gold_per_floor":[117,117,128,53,53,83,26,26,26,45,59,92,92,118,118,192,192,117,38,38,38,38,38,38,38,38,38,38,38,38,38,38,38,38,38,38,38,38,38,38,38],"floor_reached":41,"playtime":5189,"items_purged":["Regret"],"score":995,"play_id":"926bfd24-2142-4cd2-bcff-1d2c1e8428c1","local_time":"20190516183854","is_ascension_mode":true,"campfire_choices":[{"data":"Neutralize","floor":8,"key":"SMITH"},{"data":"Dash","floor":13,"key":"SMITH"},{"data":"Dagger Throw","floor":15,"key":"SMITH"},{"data":"Skewer","floor":28,"key":"SMITH"},{"data":"Dodge and Roll","floor":30,"key":"SMITH"},{"floor":32,"key":"REST"},{"data":"Wraith Form v2","floor":40,"key":"SMITH"}],"neow_cost":"NONE","seed_source_timestamp":369081554517256,"circlet_count":0,"master_deck":["AscendersBane","Defend_G+1","Defend_G","Defend_G","Defend_G","Defend_G","Strike_G","Strike_G+1","Strike_G","Strike_G","Strike_G","Survivor","Neutralize+1","PiercingWail","Dagger Throw+1","Dodge and Roll+1","Dash+1","Malaise+1","Outmaneuver+1","Burst+1","Crippling Poison+1","Blade Dance+1","Storm of Steel+1","Skewer+1","Wraith Form v2+1","Backflip+1","Calculated Gamble+1"],"relics":["Ring of the Snake","NeowsBlessing","Mango","PreservedInsect","Kunai","Ice Cream","Toxic Egg 2","Ectoplasm","Snake Skull","Centennial Puzzle","Art of War","Pear","Smiling Mask","Philosopher\u0027s Stone","Omamori"],"potions_floor_usage":[12,12,22,25,25,33,38],"damage_taken":[{"damage":0,"enemies":"Jaw Worm","floor":1,"turns":1},{"damage":0,"enemies":"Small Slimes","floor":3,"turns":1},{"damage":0,"enemies":"Lagavulin","floor":6,"turns":1},{"damage":0,"enemies":"2 Louse","floor":10,"turns":2},{"damage":1,"enemies":"Blue Slaver","floor":11,"turns":6},{"damage":7,"enemies":"Gremlin Nob","floor":12,"turns":3},{"damage":6,"enemies":"3 Sentries","floor":14,"turns":8},{"damage":21,"enemies":"The Guardian","floor":16,"turns":16},{"damage":10,"enemies":"2 Thieves","floor":18,"turns":5},{"damage":0,"enemies":"Chosen","floor":21,"turns":7},{"damage":9,"enemies":"Centurion and Healer","floor":22,"turns":6},{"damage":0,"enemies":"Book of Stabbing","floor":23,"turns":7},{"damage":5,"enemies":"Slavers","floor":25,"turns":5},{"damage":3,"enemies":"Book of Stabbing","floor":27,"turns":4},{"damage":14,"enemies":"Slavers","floor":29,"turns":4},{"damage":4,"enemies":"3 Cultists","floor":31,"turns":5},{"damage":19,"enemies":"Champ","floor":33,"turns":13},{"damage":30,"enemies":"3 Darklings","floor":35,"turns":5},{"damage":3,"enemies":"3 Shapes","floor":36,"turns":6},{"damage":4,"enemies":"3 Darklings","floor":37,"turns":4},{"damage":3,"enemies":"Jaw Worm Horde","floor":38,"turns":3},{"damage":31,"enemies":"Giant Head","floor":41,"turns":9}],"seed_played":"-4431547322953863905","potions_obtained":[{"floor":1,"key":"Ancient Potion"},{"floor":6,"key":"Poison Potion"},{"floor":11,"key":"SkillPotion"},{"floor":14,"key":"Explosive Potion"},{"floor":18,"key":"SteroidPotion"},{"floor":22,"key":"Explosive Potion"},{"floor":24,"key":"LiquidBronze"},{"floor":24,"key":"GamblersBrew"},{"floor":31,"key":"PowerPotion"},{"floor":33,"key":"Ancient Potion"},{"floor":35,"key":"SpeedPotion"},{"floor":37,"key":"GamblersBrew"}],"is_trial":false,"path_per_floor":["M","?","M","$","?","E","$","R","T","M","M","E","R","E","R","B",null,"M","$","?","M","M","E","?","E","T","E","R","E","R","M","R","B",null,"M","M","M","M","?","R","E"],"character_chosen":"THE_SILENT","items_purchased":["Dagger Throw","Burst+1"],"campfire_rested":1,"item_purchase_floors":[7,19],"current_hp_per_floor":[59,73,73,73,49,49,49,49,49,49,48,41,41,35,35,14,64,54,54,54,54,45,45,45,40,40,47,47,33,33,29,56,37,77,47,44,40,37,37,37,6],"gold":38,"neow_bonus":"THREE_ENEMY_KILL","is_prod":false,"is_daily":false,"chose_seed":false,"campfire_upgraded":6,"win_rate":0,"timestamp":1558024734,"path_taken":["M","?","M","$","?","E","?","R","T","M","M","E","R","E","R","BOSS","M","$","?","M","M","E","?","E","T","E","R","E","R","M","R","BOSS","M","M","M","M","?","R","E"],"build_version":"2019-01-23","purchased_purges":1,"victory":false,"max_hp_per_floor":[66,80,80,80,80,80,80,80,80,80,80,80,80,80,80,80,80,80,80,80,80,80,80,80,80,80,90,90,90,90,90,90,90,90,90,90,90,90,90,90,90],"card_choices":[{"not_picked":["Venomology","Calculated Gamble"],"picked":"PiercingWail","floor":6},{"not_picked":["Poisoned Stab","Blade Dance"],"picked":"Dodge and Roll","floor":10},{"not_picked":["Dodge and Roll","Blade Dance"],"picked":"Dash","floor":11},{"not_picked":["Slice","All Out Attack"],"picked":"Flying Knee","floor":12},{"not_picked":["Unload","Die Die Die"],"picked":"Malaise+1","floor":16},{"not_picked":["Flying Knee","Flechettes"],"picked":"Outmaneuver+1","floor":18},{"not_picked":["Endless Agony","Dagger Throw"],"picked":"Crippling Poison+1","floor":21},{"not_picked":["Dodge and Roll+1","Outmaneuver+1"],"picked":"Blade Dance+1","floor":22},{"not_picked":["Concentrate+1","Dagger Spray"],"picked":"Storm of Steel+1","floor":23},{"not_picked":["Bane","Reflex+1"],"picked":"Skewer","floor":25},{"not_picked":["Slice","Skewer+1","Dagger Spray+1"],"picked":"SKIP","floor":31},{"not_picked":["Grand Finale","A Thousand Cuts"],"picked":"Wraith Form v2","floor":33},{"not_picked":["Slice+1","Dagger Throw","Tactician+1"],"picked":"SKIP","floor":35},{"not_picked":["Noxious Fumes","Dagger Throw+1"],"picked":"Backflip+1","floor":36},{"not_picked":["Flechettes","Heel Hook"],"picked":"Calculated Gamble+1","floor":37}],"player_experience":896259,"relics_obtained":[{"floor":6,"key":"PreservedInsect"},{"floor":9,"key":"Kunai"},{"floor":12,"key":"Ice Cream"},{"floor":14,"key":"Toxic Egg 2"},{"floor":23,"key":"Snake Skull"},{"floor":25,"key":"Centennial Puzzle"},{"floor":26,"key":"Art of War"},{"floor":27,"key":"Pear"},{"floor":29,"key":"Smiling Mask"}],"event_choices":[{"damage_healed":0,"gold_gain":0,"player_choice":"Box","damage_taken":0,"relics_obtained":["Mango"],"max_hp_gain":0,"max_hp_loss":0,"event_name":"Big Fish","floor":2,"gold_loss":0,"cards_obtained":["Regret"]},{"damage_healed":0,"gold_gain":0,"player_choice":"Entered Light","damage_taken":24,"max_hp_gain":0,"max_hp_loss":0,"event_name":"Shining Light","floor":5,"gold_loss":0,"cards_upgraded":["Defend_G","Strike_G"]},{"damage_healed":0,"gold_gain":50,"player_choice":"Stole From Cult","damage_taken":0,"max_hp_gain":0,"max_hp_loss":0,"event_name":"Nest","floor":20,"gold_loss":0},{"damage_healed":0,"gold_gain":0,"player_choice":"Got Potions","damage_taken":0,"max_hp_gain":0,"max_hp_loss":0,"event_name":"Lab","floor":24,"gold_loss":0},{"cards_removed":["Flying Knee"],"damage_healed":0,"gold_gain":0,"player_choice":"Gave Card","damage_taken":0,"relics_obtained":["Omamori"],"max_hp_gain":0,"max_hp_loss":0,"event_name":"WeMeetAgain","floor":39,"gold_loss":0}],"is_beta":false,"boss_relics":[{"not_picked":["Pandora\u0027s Box","White Beast Statue"],"picked":"Ectoplasm"},{"not_picked":["Empty Cage","Orrery"],"picked":"Philosopher\u0027s Stone"}],"items_purged_floors":[4],"is_endless":false,"potions_floor_spawned":[1,6,11,14,18,22,31,33,35,37],"killed_by":"Giant Head","ascension_level":16}