{"gold_per_floor":[114,114,114,5,5,71,92,132,178,98,98,122,153,55,55,150,150,175,209,134,184,184,184,184],"floor_reached":24,"playtime":555,"items_purged":["Strike_R"],"score":562,"play_id":"dacf4b8b-1cec-436e-864e-d3c1239352e0","local_time":"20190702180614","is_ascension_mode":true,"campfire_choices":[{"data":"Armaments","floor":15,"key":"SMITH"},{"floor":23,"key":"REST"}],"neow_cost":"NONE","seed_source_timestamp":293792883981400,"circlet_count":0,"master_deck":["AscendersBane","Strike_R","Strike_R","Strike_R","Defend_R","Defend_R+1","Defend_R","Defend_R","Bash","Anger","Spot Weakness","Evolve+1","Armaments+1","Shrug It Off","Second Wind","Immolate","Feel No Pain","Juggernaut"],"relics":["Burning Blood","NeowsBlessing","Golden Idol","Tiny Chest","Juzu Bracelet","NlothsMask","Oddly Smooth Stone","Fusion Hammer","Red Mask","Art of War"],"potions_floor_usage":[13,16,16,24],"damage_taken":[{"damage":0,"enemies":"Jaw Worm","floor":1,"turns":1},{"damage":0,"enemies":"Gremlin Nob","floor":6,"turns":1},{"damage":0,"enemies":"2 Louse","floor":7,"turns":1},{"damage":22,"enemies":"Lagavulin","floor":8,"turns":7},{"damage":14,"enemies":"3 Sentries","floor":13,"turns":6},{"damage":0,"enemies":"Slime Boss","floor":16,"turns":8},{"damage":44,"enemies":"3 Byrds","floor":18,"turns":5},{"damage":16,"enemies":"Masked Bandits","floor":19,"turns":3},{"damage":37,"enemies":"Gremlin Leader","floor":24,"turns":5}],"seed_played":"-4061623624208443835","potions_obtained":[{"floor":7,"key":"PowerPotion"},{"floor":8,"key":"PowerPotion"},{"floor":16,"key":"SpeedPotion"},{"floor":19,"key":"Block Potion"}],"is_trial":false,"path_per_floor":["M","?","?","$","?","E","M","E","T","$","?","T","E","$","R","B",null,"M","?","$","?","?","R","E"],"character_chosen":"IRONCLAD","items_purchased":["Evolve","Armaments","Second Wind","Feel No Pain","SkillPotion"],"campfire_rested":1,"item_purchase_floors":[4,4,10,14,14],"current_hp_per_floor":[74,74,48,48,25,31,37,21,21,21,21,21,13,13,13,19,61,23,13,13,13,13,35,0],"gold":184,"neow_bonus":"THREE_ENEMY_KILL","is_prod":false,"is_daily":false,"chose_seed":false,"campfire_upgraded":1,"win_rate":0,"timestamp":1562058374,"path_taken":["M","?","?","$","?","E","M","E","T","?","?","?","E","$","R","BOSS","M","?","$","?","?","R","E"],"build_version":"2019-07-01","purchased_purges":1,"victory":false,"max_hp_per_floor":[75,75,75,75,75,75,75,75,75,75,75,75,75,75,75,75,75,75,75,75,75,75,75,75],"card_choices":[{"not_picked":["Perfected Strike","Body Slam"],"picked":"Anger","floor":1},{"not_picked":["Metallicize","Iron Wave"],"picked":"Shrug It Off","floor":6},{"not_picked":["Headbutt","Armaments","Heavy Blade"],"picked":"SKIP","floor":7},{"not_picked":["Metallicize","Havoc","Dropkick"],"picked":"SKIP","floor":8},{"not_picked":["Twin Strike","Entrench"],"picked":"Immolate","floor":13},{"not_picked":["Fiend Fire","Feed"],"picked":"Juggernaut","floor":16},{"not_picked":["Perfected Strike","Wild Strike","Combust"],"picked":"SKIP","floor":18}],"player_experience":907290,"relics_obtained":[{"floor":6,"key":"Tiny Chest"},{"floor":8,"key":"Juzu Bracelet"},{"floor":13,"key":"Oddly Smooth Stone"},{"floor":19,"key":"Red Mask"}],"event_choices":[{"damage_healed":0,"gold_gain":0,"cards_transformed":["Strike_R"],"player_choice":"Change","damage_taken":0,"max_hp_gain":0,"max_hp_loss":0,"event_name":"Living Wall","floor":2,"gold_loss":0,"cards_obtained":["Spot Weakness"]},{"damage_healed":0,"gold_gain":0,"player_choice":"Take Damage","damage_taken":26,"relics_obtained":["Golden Idol"],"max_hp_gain":0,"max_hp_loss":0,"event_name":"Golden Idol","floor":3,"gold_loss":0},{"damage_healed":0,"gold_gain":0,"player_choice":"Entered Light","damage_taken":23,"max_hp_gain":0,"max_hp_loss":0,"event_name":"Shining Light","floor":5,"gold_loss":0,"cards_upgraded":["Defend_R","Evolve"]},{"damage_healed":0,"gold_gain":0,"player_choice":"Trade","damage_taken":0,"relics_obtained":["NlothsMask"],"max_hp_gain":0,"max_hp_loss":0,"event_name":"FaceTrader","floor":11,"gold_loss":0},{"damage_healed":0,"gold_gain":0,"player_choice":"Fought Bandits","damage_taken":0,"max_hp_gain":0,"max_hp_loss":0,"event_name":"Masked Bandits","floor":19,"gold_loss":0},{"damage_healed":0,"gold_gain":50,"player_choice":"Pray","damage_taken":0,"max_hp_gain":0,"max_hp_loss":0,"event_name":"Golden Shrine","floor":21,"gold_loss":0},{"damage_healed":0,"gold_gain":0,"player_choice":"Gave Potion","damage_taken":0,"relics_obtained":["Art of War"],"max_hp_gain":0,"max_hp_loss":0,"event_name":"WeMeetAgain","floor":22,"gold_loss":0}],"is_beta":false,"boss_relics":[{"not_picked":["Busted Crown","Runic Pyramid"],"picked":"Fusion Hammer"}],"items_purged_floors":[20],"is_endless":false,"potions_floor_spawned":[7,8,16,19],"killed_by":"Gremlin Leader","ascension_level":20}