{"gold_per_floor":[115,131,206,206,49,49,84,84,111,130,155,174,209,236,236,315,315,325,240,76,90,110,144,144,144,167,167],"floor_reached":27,"playtime":856,"items_purged":["Pain"],"score":548,"play_id":"d01170bb-167b-45d2-992c-15ffeb7f8695","local_time":"20190613172739","is_ascension_mode":true,"campfire_choices":[{"data":"Zap","floor":6,"key":"SMITH"},{"data":"Tempest","floor":8,"key":"SMITH"},{"data":"Defragment","floor":15,"key":"SMITH"},{"data":"Defragment","floor":24,"key":"SMITH"}],"neow_cost":"NONE","seed_source_timestamp":8611360357000,"circlet_count":0,"master_deck":["AscendersBane","Defend_B","Defend_B","Defend_B+1","Defend_B","Zap+1","Dualcast","FTL","Reboot","Tempest+1","Defragment+1","Leap+1","Hologram","Creative AI","Ball Lightning+1","Glacier+1","Lockon+1","Defragment+1","Coolheaded"],"relics":["Cracked Core","NeowsBlessing","WarpedTongs","DataDisk","Meat on the Bone","Anchor","Girya","War Paint","Odd Mushroom","Astrolabe","Gremlin Horn","Letter Opener"],"potions_floor_usage":[12,16,16,23,23],"damage_taken":[{"damage":0,"enemies":"Cultist","floor":1,"turns":1},{"damage":0,"enemies":"Small Slimes","floor":2,"turns":1},{"damage":1,"enemies":"3 Sentries","floor":7,"turns":2},{"damage":2,"enemies":"2 Louse","floor":10,"turns":3},{"damage":22,"enemies":"Lagavulin","floor":11,"turns":5},{"damage":5,"enemies":"Gremlin Gang","floor":12,"turns":3},{"damage":14,"enemies":"Gremlin Nob","floor":13,"turns":3},{"damage":21,"enemies":"The Mushroom Lair","floor":14,"turns":3},{"damage":21,"enemies":"The Guardian","floor":16,"turns":8},{"damage":3,"enemies":"Shell Parasite","floor":18,"turns":6},{"damage":0,"enemies":"3 Byrds","floor":21,"turns":3},{"damage":9,"enemies":"Snake Plant","floor":22,"turns":4},{"damage":3,"enemies":"Slavers","floor":23,"turns":3},{"damage":57,"enemies":"Gremlin Leader","floor":27,"turns":3}],"seed_played":"1934668203754008739","potions_obtained":[{"floor":10,"key":"SteroidPotion"},{"floor":12,"key":"PowerPotion"},{"floor":13,"key":"Strength Potion"},{"floor":16,"key":"Fire Potion"},{"floor":18,"key":"LiquidBronze"},{"floor":22,"key":"Fire Potion"}],"is_trial":false,"path_per_floor":["M","M","?","?","$","R","E","R","T","M","E","M","E","?","R","B",null,"M","?","$","M","M","E","R","?","T","E"],"character_chosen":"DEFECT","items_purchased":["DataDisk","Defragment"],"campfire_rested":0,"item_purchase_floors":[5,20],"current_hp_per_floor":[64,64,53,53,53,53,52,52,52,50,40,47,45,36,36,27,60,57,57,57,57,48,45,45,45,45,0],"gold":167,"neow_bonus":"THREE_ENEMY_KILL","is_prod":false,"is_daily":false,"chose_seed":false,"campfire_upgraded":4,"win_rate":0,"timestamp":1560414459,"path_taken":["M","?","?","?","$","R","E","R","T","?","E","M","E","?","R","BOSS","M","?","$","M","M","E","R","?","T","E"],"build_version":"2019-01-23","purchased_purges":1,"victory":false,"max_hp_per_floor":[71,71,71,71,71,71,71,71,71,71,71,71,71,71,71,71,71,71,71,71,71,71,71,71,71,71,71],"card_choices":[{"not_picked":["Steam","Hologram"],"picked":"FTL","floor":1},{"not_picked":["Compile Driver","Barrage"],"picked":"Reboot","floor":2},{"not_picked":["Hologram","Redo"],"picked":"Tempest","floor":7},{"not_picked":["Compile Driver","Gash","Steam"],"picked":"SKIP","floor":10},{"not_picked":["Doom and Gloom","Melter"],"picked":"Defragment","floor":11},{"not_picked":["Skim","Darkness"],"picked":"Leap","floor":12},{"not_picked":["Doom and Gloom","Seek"],"picked":"Hologram","floor":13},{"not_picked":["Thunder Strike","Rainbow"],"picked":"Creative AI","floor":16},{"not_picked":["Hologram","Sweeping Beam","Scrape+1"],"picked":"SKIP","floor":18},{"not_picked":["Go for the Eyes","Sweeping Beam","Steam Power"],"picked":"SKIP","floor":21},{"not_picked":["Conserve Battery","Rainbow"],"picked":"Coolheaded","floor":22},{"not_picked":["Undo","Stack","Fusion"],"picked":"SKIP","floor":23}],"player_experience":633596,"relics_obtained":[{"floor":7,"key":"Meat on the Bone"},{"floor":9,"key":"Anchor"},{"floor":11,"key":"Girya"},{"floor":13,"key":"War Paint"},{"floor":14,"key":"Odd Mushroom"},{"floor":23,"key":"Letter Opener"}],"event_choices":[{"damage_healed":0,"gold_gain":75,"player_choice":"Gather Gold","damage_taken":11,"max_hp_gain":0,"max_hp_loss":0,"event_name":"World of Goop","floor":3,"gold_loss":0},{"damage_healed":0,"gold_gain":0,"player_choice":"Rummage","damage_taken":0,"relics_obtained":["WarpedTongs"],"max_hp_gain":0,"max_hp_loss":0,"event_name":"Accursed Blacksmith","floor":4,"gold_loss":0,"cards_obtained":["Pain"]},{"damage_healed":0,"gold_gain":0,"player_choice":"Fought Mushrooms","damage_taken":0,"max_hp_gain":0,"max_hp_loss":0,"event_name":"Mushrooms","floor":14,"gold_loss":0},{"damage_healed":0,"gold_gain":0,"player_choice":"Obtained Relic","damage_taken":0,"relics_obtained":["Gremlin Horn"],"max_hp_gain":0,"max_hp_loss":0,"event_name":"Addict","floor":19,"gold_loss":85},{"cards_removed":["Strike_B"],"damage_healed":0,"gold_gain":0,"player_choice":"Elegance","damage_taken":0,"max_hp_gain":0,"max_hp_loss":0,"event_name":"Back to Basics","floor":25,"gold_loss":0}],"is_beta":false,"boss_relics":[{"not_picked":["Lizard Tail","Calling Bell"],"picked":"Astrolabe"}],"items_purged_floors":[20],"is_endless":false,"potions_floor_spawned":[10,12,13,16,18,22],"killed_by":"Gremlin Leader","ascension_level":20}