{"gold_per_floor":[18,38,49,59,78,78,108,108,108,33,33,58,70,98,98,175,175,186,186,198,198,218,247,247,272,299,399,416,431,447,474,474,551,551,563,563,563,577,330,330,361,361,361,390,408,408,436,456,456,456,456,456,456,32,59,59],"floor_reached":57,"playtime":2787,"items_purged":["Writhe","Strike_B+1"],"score":3019,"play_id":"4b93ef63-c89f-4419-bf21-01541bb06bdd","local_time":"20190706203228","is_ascension_mode":true,"campfire_choices":[{"data":"Defragment","floor":6.0,"key":"SMITH"},{"data":"Self Repair","floor":8.0,"key":"SMITH"},{"data":"Biased Cognition","floor":15,"key":"SMITH"},{"data":"Creative AI","floor":24,"key":"SMITH"},{"data":"Seek","floor":32,"key":"SMITH"},{"data":"Loop","floor":40,"key":"SMITH"},{"floor":42,"key":"RECALL"},{"data":"Capacitor","floor":49,"key":"SMITH"},{"data":"Amplify","floor":53,"key":"SMITH"}],"neow_cost":"NO_GOLD","seed_source_timestamp":645916784253000,"circlet_count":0,"master_deck":["AscendersBane","Strike_B+1","Strike_B+1","Defend_B+1","Defend_B+1","Defend_B+1","Defend_B+1","Zap","Dualcast","Biased Cognition+1","Self Repair+1","Defragment+1","Cold Snap","Ball Lightning","Genetic Algorithm","Tempest","Seek+1","Meteor Strike","Turbo","Glacier","Creative AI+1","Self Repair+1","Glacier","Glacier","Electrodynamics","Echo Form","Loop+1","Amplify+1","Meteor Strike","Capacitor+1"],"special_seed":0,"relics":["Cracked Core","Matryoshka","Anchor","PreservedInsect","Strawberry","Nunchaku","Sozu","FossilizedHelix","Art of War","Blood Vial","Bag of Marbles","Du-Vu Doll","Darkstone Periapt","Mercury Hourglass","Snecko Eye","Happy Flower","Pen Nib","Juzu Bracelet","Gremlin Horn","Blue Candle","Bag of Preparation","Bronze Scales","Mummified Hand"],"potions_floor_usage":[12,56,56],"damage_taken":[{"damage":0.0,"enemies":"Small Slimes","floor":1.0,"turns":2.0},{"damage":7.0,"enemies":"Jaw Worm","floor":2.0,"turns":4.0},{"damage":4.0,"enemies":"2 Louse","floor":3.0,"turns":3.0},{"damage":1.0,"enemies":"2 Fungi Beasts","floor":4.0,"turns":3.0},{"damage":51.0,"enemies":"Exordium Thugs","floor":5.0,"turns":5.0},{"damage":14.0,"enemies":"Lagavulin","floor":7.0,"turns":7.0},{"damage":20,"enemies":"Gremlin Nob","floor":12,"turns":4},{"damage":8,"enemies":"Blue Slaver","floor":13,"turns":3},{"damage":7,"enemies":"Lagavulin","floor":14,"turns":6},{"damage":23,"enemies":"Slime Boss","floor":16,"turns":8},{"damage":20,"enemies":"2 Thieves","floor":18,"turns":4},{"damage":11,"enemies":"Shell Parasite","floor":20,"turns":4},{"damage":0,"enemies":"Snecko","floor":22,"turns":4},{"damage":0,"enemies":"Gremlin Leader","floor":23,"turns":7},{"damage":19,"enemies":"Slavers","floor":25,"turns":5},{"damage":0,"enemies":"Colosseum Slavers","floor":27,"turns":4},{"damage":0,"enemies":"Colosseum Nobs","floor":27,"turns":3},{"damage":0,"enemies":"Centurion and Healer","floor":28,"turns":7},{"damage":0,"enemies":"Cultist and Chosen","floor":29,"turns":4},{"damage":0,"enemies":"Shelled Parasite and Fungi","floor":30,"turns":8},{"damage":48,"enemies":"Gremlin Leader","floor":31,"turns":6},{"damage":13,"enemies":"Collector","floor":33,"turns":10},{"damage":0,"enemies":"Orb Walker","floor":35,"turns":3},{"damage":0,"enemies":"3 Darklings","floor":38,"turns":4},{"damage":0,"enemies":"Giant Head","floor":41,"turns":6},{"damage":5,"enemies":"Reptomancer","floor":44,"turns":5},{"damage":0,"enemies":"4 Shapes","floor":45,"turns":3},{"damage":0,"enemies":"Nemesis","floor":47,"turns":3},{"damage":0,"enemies":"Jaw Worm Horde","floor":48,"turns":4},{"damage":0,"enemies":"Donu and Deca","floor":50,"turns":5},{"damage":30,"enemies":"Time Eater","floor":51,"turns":13},{"damage":65,"enemies":"Shield and Spear","floor":55,"turns":8},{"damage":18,"enemies":"The Heart","floor":56,"turns":8}],"seed_played":"-8289773454071774114","potions_obtained":[{"floor":3.0,"key":"Regen Potion"},{"floor":5.0,"key":"FocusPotion"},{"floor":7.0,"key":"SkillPotion"},{"floor":13,"key":"LiquidBronze"}],"is_trial":false,"path_per_floor":["M","M","M","M","M","R","E","R","T","?","T","E","M","E","R","B",null,"M","?","M","?","M","E","R","E","T","?","M","M","M","E","R","B",null,"M","?","?","M","$","R","E","R","T","E","M","?","E","M","R","B","B",null,"R","$","E","B",null],"character_chosen":"DEFECT","items_purchased":["Happy Flower","Bag of Preparation","Bronze Scales"],"campfire_rested":0,"item_purchase_floors":[39,54,54],"current_hp_per_floor":[64,64,67,71,27,27,34,34,34,34,34,31,33,36,36,23,64,54,54,53,53,63,73,73,64,64,78,78,78,78,50,50,69,76,78,84,79,84,84,84,84,84,84,84,84,84,84,84,84,84,84,84,84,84,59,63],"gold":59,"neow_bonus":"THREE_RARE_CARDS","is_prod":false,"is_daily":false,"chose_seed":false,"campfire_upgraded":8,"win_rate":0,"timestamp":1562412748,"path_taken":["M","M","M","M","M","R","E","R","T","?","?","E","M","E","R","BOSS","M","?","M","?","?","E","R","E","T","?","M","M","M","E","R","BOSS","M","?","?","M","$","R","E","R","T","E","M","?","E","M","R","BOSS","BOSS","R","$","E","BOSS"],"build_version":"2019-07-05","purchased_purges":2,"victory":true,"max_hp_per_floor":[71,71,71,71,71,71,71,71,71,71,71,78,78,78,78,78,78,78,78,78,78,78,78,78,78,78,78,78,78,78,78,78,78,78,78,84,84,84,84,84,84,84,84,84,84,84,84,84,84,84,84,84,84,84,84,84],"card_choices":[{"not_picked":["Echo Form","Seek"],"picked":"Biased Cognition","floor":0.0},{"not_picked":["Steam","White Noise"],"picked":"Self Repair","floor":1.0},{"not_picked":["Compile Driver","Blizzard","Gash"],"picked":"SKIP","floor":2.0},{"not_picked":["Static Discharge","Barrage"],"picked":"Defragment","floor":3.0},{"not_picked":["Turbo","Compile Driver"],"picked":"Cold Snap","floor":4.0},{"not_picked":["Beam Cell","Turbo"],"picked":"Ball Lightning","floor":5.0},{"not_picked":["Force Field","Blizzard"],"picked":"Genetic Algorithm","floor":7.0},{"not_picked":["Blizzard","Hyperbeam"],"picked":"Tempest","floor":12},{"not_picked":["Redo","Ball Lightning"],"picked":"Cold Snap","floor":13},{"not_picked":["Conserve Battery","Barrage"],"picked":"Seek","floor":14},{"not_picked":["Biased Cognition","All For One"],"picked":"Meteor Strike","floor":16},{"not_picked":["Steam","Redo"],"picked":"Turbo","floor":18},{"not_picked":["Stack+1","Creative AI"],"picked":"Glacier","floor":20},{"not_picked":["Stack","Barrage+1","Aggregate"],"picked":"SKIP","floor":22},{"not_picked":["Rip and Tear","Genetic Algorithm"],"picked":"Creative AI","floor":23},{"not_picked":["Steam Power","Tempest","Redo"],"picked":"SKIP","floor":25},{"not_picked":["Turbo","Darkness+1"],"picked":"Self Repair+1","floor":27},{"not_picked":["Static Discharge","Hologram"],"picked":"Glacier","floor":28},{"not_picked":["Cold Snap","Coolheaded"],"picked":"Glacier","floor":29},{"not_picked":["Leap","Machine Learning","Gash"],"picked":"SKIP","floor":30},{"not_picked":["Streamline","Redo"],"picked":"Electrodynamics","floor":31},{"not_picked":["Multi-Cast","Amplify"],"picked":"Echo Form","floor":33},{"not_picked":["Redo","Rebound","Leap"],"picked":"SKIP","floor":35},{"not_picked":["Sunder","Cold Snap+1"],"picked":"Loop","floor":38},{"not_picked":["Double Energy","Coolheaded"],"picked":"Amplify","floor":41},{"not_picked":["Biased Cognition","Steam","Stack"],"picked":"SKIP","floor":44},{"not_picked":["Cold Snap","Rebound+1","Stack"],"picked":"SKIP","floor":45},{"not_picked":["Beam Cell","Ball Lightning"],"picked":"Meteor Strike","floor":47},{"not_picked":["Hologram","Recycle"],"picked":"Capacitor","floor":48},{"not_picked":["Skim","Sweeping Beam","Melter"],"picked":"SKIP","floor":55}],"player_experience":939551,"relics_obtained":[{"floor":7.0,"key":"Matryoshka"},{"floor":9.0,"key":"Anchor"},{"floor":11,"key":"PreservedInsect"},{"floor":12,"key":"Strawberry"},{"floor":14,"key":"Nunchaku"},{"floor":23,"key":"Art of War"},{"floor":25,"key":"Blood Vial"},{"floor":26,"key":"Bag of Marbles"},{"floor":27,"key":"Du-Vu Doll"},{"floor":27,"key":"Darkstone Periapt"},{"floor":31,"key":"Mercury Hourglass"},{"floor":41,"key":"Pen Nib"},{"floor":43,"key":"Juzu Bracelet"},{"floor":44,"key":"Gremlin Horn"},{"floor":47,"key":"Blue Candle"},{"floor":55,"key":"Mummified Hand"}],"event_choices":[{"cards_removed":["Strike_B"],"damage_healed":0.0,"max_hp_gain":0.0,"max_hp_loss":0.0,"gold_gain":0.0,"event_name":"The Cleric","player_choice":"Card Removal","floor":10.0,"gold_loss":75.0,"damage_taken":0.0},{"damage_healed":0,"gold_gain":0,"player_choice":"Simplicity","damage_taken":0,"max_hp_gain":0,"max_hp_loss":0,"event_name":"Back to Basics","floor":19,"gold_loss":0,"cards_upgraded":["Strike_B","Strike_B","Strike_B","Defend_B","Defend_B","Defend_B","Defend_B"]},{"cards_removed":["Cold Snap"],"damage_healed":0,"gold_gain":0,"player_choice":"Gave Card","damage_taken":0,"relics_obtained":["FossilizedHelix"],"max_hp_gain":0,"max_hp_loss":0,"event_name":"WeMeetAgain","floor":21,"gold_loss":0},{"damage_healed":0,"gold_gain":0,"player_choice":"Fight","damage_taken":0,"max_hp_gain":0,"max_hp_loss":0,"event_name":"Colosseum","floor":27,"gold_loss":0},{"damage_healed":0,"gold_gain":0,"player_choice":"Fought Nobs","damage_taken":0,"max_hp_gain":0,"max_hp_loss":0,"event_name":"Colosseum","floor":27,"gold_loss":0},{"damage_healed":16,"gold_gain":0,"player_choice":"Writhe","damage_taken":0,"max_hp_gain":0,"max_hp_loss":0,"event_name":"Winding Halls","floor":36,"gold_loss":0,"cards_obtained":["Writhe"]},{"damage_healed":0,"gold_gain":0,"player_choice":"Bought 0 Potions","damage_taken":0,"max_hp_gain":0,"max_hp_loss":0,"event_name":"The Woman in Blue","floor":37,"gold_loss":0},{"damage_healed":0,"gold_gain":0,"player_choice":"Ignored","damage_taken":0,"max_hp_gain":0,"max_hp_loss":0,"event_name":"Tomb of Lord Red Mask","floor":46,"gold_loss":0}],"is_beta":false,"boss_relics":[{"not_picked":["Lizard Tail","Calling Bell"],"picked":"Sozu"},{"not_picked":["Tiny House","Busted Crown"],"picked":"Snecko Eye"}],"items_purged_floors":[39,54],"is_endless":false,"potions_floor_spawned":[3,5,7,13,16,18,20,25,29,30,31,38,41,47],"ascension_level":20}