{"gold_per_floor":[119,130,130,142,63,89,89,108,133,143,171,186,203,36,36,110,110,110,110,33,33,33,33],"floor_reached":23,"playtime":3640,"items_purged":[],"score":414,"play_id":"d975553f-387f-4ed9-8c31-e03a2135f3a8","local_time":"20190712181754","is_ascension_mode":true,"campfire_choices":[{"floor":7,"key":"REST"},{"data":"Neutralize","floor":15,"key":"SMITH"}],"neow_cost":"NONE","seed_source_timestamp":144281210330922,"circlet_count":0,"master_deck":["AscendersBane","Strike_G","Strike_G","Strike_G","Strike_G","Strike_G","Defend_G","Defend_G","Defend_G","Defend_G","Defend_G","Survivor","Neutralize+1","Leg Sweep","Terror","Dash","Die Die Die","PiercingWail","Dagger Throw","Underhanded Strike","Adrenaline","Backflip","Blur","Caltrops","Deflect"],"special_seed":0,"relics":["Ring of the Snake","Ancient Tea Set","Dream Catcher","Orichalcum","Anchor","Bag of Marbles","Oddly Smooth Stone","Ectoplasm"],"potions_floor_usage":[16,23,23],"damage_taken":[{"damage":1.0,"enemies":"Small Slimes","floor":1.0,"turns":4.0},{"damage":6,"enemies":"Cultist","floor":2,"turns":6},{"damage":0,"enemies":"Jaw Worm","floor":4,"turns":7},{"damage":45,"enemies":"Gremlin Nob","floor":6,"turns":6},{"damage":2,"enemies":"Large Slime","floor":8,"turns":8},{"damage":0,"enemies":"2 Fungi Beasts","floor":10,"turns":3},{"damage":6,"enemies":"Lagavulin","floor":11,"turns":6},{"damage":0,"enemies":"Red Slaver","floor":12,"turns":3},{"damage":0,"enemies":"Blue Slaver","floor":13,"turns":4},{"damage":8,"enemies":"The Guardian","floor":16,"turns":14},{"damage":2,"enemies":"3 Byrds","floor":18,"turns":9},{"damage":6,"enemies":"Chosen","floor":19,"turns":4},{"damage":4,"enemies":"Shelled Parasite and Fungi","floor":21,"turns":9},{"damage":0,"enemies":"Snecko","floor":22,"turns":7},{"damage":48,"enemies":"Gremlin Leader","floor":23,"turns":7}],"seed_played":"-7797614981013361040","potions_obtained":[{"floor":6,"key":"Energy Potion"},{"floor":8,"key":"Block Potion"},{"floor":10,"key":"Swift Potion"},{"floor":16,"key":"Fire Potion"}],"is_trial":false,"path_per_floor":["M","M","?","M","?","E","R","M","T","M","E","M","M","$","R","B",null,"M","M","$","M","M","E"],"character_chosen":"THE_SILENT","items_purchased":["Oddly Smooth Stone","Caltrops"],"campfire_rested":1,"item_purchase_floors":[14,20],"current_hp_per_floor":[58,52,57,57,57,12,33,31,31,31,25,25,25,25,25,17,58,56,50,50,46,46,0],"gold":33,"neow_bonus":"RANDOM_COMMON_RELIC","is_prod":false,"is_daily":false,"chose_seed":false,"campfire_upgraded":1,"win_rate":0,"timestamp":1562948274,"path_taken":["M","M","?","M","?","E","R","?","T","M","E","M","M","$","R","BOSS","M","M","$","M","M","E"],"build_version":"2019-07-05","purchased_purges":0,"victory":false,"max_hp_per_floor":[66,66,71,71,71,71,71,71,71,71,71,71,71,71,71,71,71,71,71,71,71,71,71],"card_choices":[{"not_picked":["Prepared","Underhanded Strike"],"picked":"Leg Sweep","floor":1.0},{"not_picked":["Reflex","Riddle With Holes"],"picked":"Terror","floor":2},{"not_picked":["Quick Slash","Dodge and Roll"],"picked":"Dash","floor":4},{"not_picked":["Phantasmal Killer","Flechettes"],"picked":"Die Die Die","floor":6},{"not_picked":["Poisoned Stab","Dagger Spray"],"picked":"PiercingWail","floor":7},{"not_picked":["Acrobatics","Prepared"],"picked":"Dagger Throw","floor":8},{"not_picked":["Flechettes","Slice"],"picked":"Underhanded Strike","floor":10},{"not_picked":["Bullet Time","Tools of the Trade"],"picked":"Adrenaline","floor":16},{"not_picked":["Reflex","Riddle With Holes"],"picked":"Backflip","floor":18},{"not_picked":["Catalyst+1","Endless Agony"],"picked":"Blur","floor":19},{"not_picked":["Outmaneuver","Deadly Poison"],"picked":"Deflect","floor":22}],"player_experience":1228636,"relics_obtained":[{"floor":6,"key":"Orichalcum"},{"floor":9,"key":"Anchor"},{"floor":11,"key":"Bag of Marbles"}],"event_choices":[{"damage_healed":0,"gold_gain":0,"player_choice":"Donut","damage_taken":0,"max_hp_gain":5,"max_hp_loss":0,"event_name":"Big Fish","floor":3,"gold_loss":0},{"damage_healed":0,"gold_gain":0,"player_choice":"Paid Gold","damage_taken":0,"relics_obtained":["Dream Catcher"],"max_hp_gain":0,"max_hp_loss":0,"event_name":"WeMeetAgain","floor":5,"gold_loss":79}],"is_beta":false,"boss_relics":[{"not_picked":["Lizard Tail","Tiny House"],"picked":"Ectoplasm"}],"items_purged_floors":[],"is_endless":false,"potions_floor_spawned":[6,8,10,11,16],"killed_by":"Gremlin Leader","ascension_level":20}