{"gold_per_floor":[109,109,119,119,119,154,154,170,220,241,265,265],"floor_reached":12,"playtime":323,"items_purged":[],"score":210,"play_id":"1157c7e5-465f-4c2b-86b0-69d84c3e70a9","local_time":"20190614160912","is_ascension_mode":true,"campfire_choices":[{"data":"Zap","floor":7,"key":"SMITH"}],"neow_cost":"NONE","seed_source_timestamp":5888467362400,"circlet_count":0,"master_deck":["AscendersBane","Strike_B","Strike_B","Strike_B","Strike_B","Defend_B","Defend_B","Defend_B","Defend_B","Zap+1","Dualcast","Coolheaded","Tempest","Undo","Streamline","Recycle","Hologram"],"relics":["Cracked Core","NeowsBlessing","Ancient Tea Set","Golden Idol","Centennial Puzzle","Juzu Bracelet"],"potions_floor_usage":[12,12],"damage_taken":[{"damage":0,"enemies":"Cultist","floor":1,"turns":1},{"damage":0,"enemies":"Jaw Worm","floor":3,"turns":1},{"damage":0,"enemies":"Lagavulin","floor":6,"turns":1},{"damage":0,"enemies":"2 Louse","floor":8,"turns":2},{"damage":0,"enemies":"Looter","floor":10,"turns":3},{"damage":13,"enemies":"Large Slime","floor":11,"turns":4},{"damage":11,"enemies":"Gremlin Nob","floor":12,"turns":3}],"seed_played":"-4841275736045461368","potions_obtained":[{"floor":10,"key":"Swift Potion"},{"floor":11,"key":"Swift Potion"}],"is_trial":false,"path_per_floor":["M","?","M","?","?","E","R","M","T","M","M","E"],"character_chosen":"DEFECT","items_purchased":[],"campfire_rested":0,"item_purchase_floors":[],"current_hp_per_floor":[64,46,46,46,46,46,46,46,46,46,33,22],"gold":265,"neow_bonus":"THREE_ENEMY_KILL","is_prod":false,"is_daily":false,"chose_seed":false,"campfire_upgraded":1,"win_rate":0,"timestamp":1560496152,"path_taken":["M","?","M","?","?","E","R","?","T","M","M","E"],"build_version":"2019-01-23","purchased_purges":0,"victory":false,"max_hp_per_floor":[71,71,71,71,64,64,64,64,64,64,64,64],"card_choices":[{"not_picked":["Redo","Beam Cell"],"picked":"Coolheaded","floor":1},{"not_picked":["Gash","Hologram"],"picked":"Tempest","floor":3},{"not_picked":["Beam Cell","Rebound"],"picked":"Undo","floor":6},{"not_picked":["Rebound","Undo"],"picked":"Streamline","floor":8},{"not_picked":["Recycle","Redo","Reinforced Body"],"picked":"SKIP","floor":10},{"not_picked":["Redo","Reinforced Body"],"picked":"Recycle","floor":10},{"not_picked":["Beam Cell","Hello World"],"picked":"Hologram","floor":11}],"player_experience":650700,"relics_obtained":[{"floor":6,"key":"Centennial Puzzle"},{"floor":9,"key":"Juzu Bracelet"}],"event_choices":[{"damage_healed":0,"gold_gain":0,"player_choice":"Success","damage_taken":18,"relics_obtained":["Ancient Tea Set"],"max_hp_gain":0,"max_hp_loss":0,"event_name":"Scrap Ooze","floor":2,"gold_loss":0},{"damage_healed":0,"gold_gain":0,"player_choice":"Ignored","damage_taken":0,"max_hp_gain":0,"max_hp_loss":0,"event_name":"Liars Game","floor":4,"gold_loss":0},{"damage_healed":0,"gold_gain":0,"player_choice":"Lose Max HP","damage_taken":0,"relics_obtained":["Golden Idol"],"max_hp_gain":0,"max_hp_loss":7,"event_name":"Golden Idol","floor":5,"gold_loss":0}],"is_beta":false,"boss_relics":[],"items_purged_floors":[],"is_endless":false,"potions_floor_spawned":[10,11],"killed_by":"Gremlin Nob","ascension_level":20}