{"gold_per_floor":[110,110,126,201,201,230,230,230,230,230,87,102,116,126,126,221,221,209,6,6,6,105,105,133,152,152,176,21,37,62,80,80,176,176,187,187,187,20,20,20,40,40,65,65],"floor_reached":44,"playtime":1950,"items_purged":[],"score":738,"play_id":"c118f46c-5451-4531-9f0a-d752db532fb2","local_time":"20190616131210","is_ascension_mode":true,"campfire_choices":[{"floor":7,"key":"REST"},{"data":"Neutralize","floor":10,"key":"SMITH"},{"data":"Accuracy","floor":15,"key":"SMITH"},{"floor":23,"key":"REST"},{"floor":32,"key":"REST"},{"floor":40,"key":"REST"},{"floor":42,"key":"REST"}],"neow_cost":"NONE","seed_source_timestamp":237710933550917,"circlet_count":0,"master_deck":["Defend_G","Defend_G","Defend_G","Defend_G","Defend_G","Strike_G","Strike_G+1","Strike_G","Strike_G","Strike_G","Survivor","Neutralize+1","Blade Dance+1","Endless Agony+1","Accuracy+1","Poisoned Stab","Riddle With Holes","Die Die Die","Accuracy+1","Infinite Blades","Dramatic Entrance","Dagger Spray","Deadly Poison","Blur+1","Deadly Poison","Dagger Spray","Finisher","Flying Knee+1","Adrenaline","Infinite Blades+1","Backstab","Noxious Fumes","Madness","Madness","Blade Dance+1"],"relics":["Ring of the Snake","NeowsBlessing","Snake Skull","Pantograph","Fusion Hammer","Nilry\u0027s Codex","Paper Crane","Question Card","Potion Belt","Centennial Puzzle","Whetstone"],"potions_floor_usage":[16,16,16,24,30,33,33,33,41],"damage_taken":[{"damage":0,"enemies":"Cultist","floor":1,"turns":1},{"damage":0,"enemies":"Jaw Worm","floor":3,"turns":1},{"damage":0,"enemies":"Lagavulin","floor":6,"turns":1},{"damage":3,"enemies":"2 Louse","floor":12,"turns":2},{"damage":5,"enemies":"Exordium Thugs","floor":13,"turns":4},{"damage":4,"enemies":"Blue Slaver","floor":14,"turns":4},{"damage":1,"enemies":"Slime Boss","floor":16,"turns":8},{"damage":23,"enemies":"2 Thieves","floor":18,"turns":4},{"damage":29,"enemies":"Book of Stabbing","floor":24,"turns":7},{"damage":0,"enemies":"3 Byrds","floor":25,"turns":2},{"damage":8,"enemies":"Centurion and Healer","floor":29,"turns":6},{"damage":0,"enemies":"Gremlin Leader","floor":30,"turns":6},{"damage":7,"enemies":"Chosen and Byrds","floor":31,"turns":5},{"damage":50,"enemies":"Champ","floor":33,"turns":10},{"damage":23,"enemies":"Orb Walker","floor":35,"turns":4},{"damage":5,"enemies":"3 Shapes","floor":41,"turns":4},{"damage":86,"enemies":"Nemesis","floor":44,"turns":5}],"seed_played":"-4484168872146161847","potions_obtained":[{"floor":3,"key":"GhostInAJar"},{"floor":13,"key":"PowerPotion"},{"floor":18,"key":"Regen Potion"},{"floor":24,"key":"AttackPotion"},{"floor":31,"key":"GhostInAJar"},{"floor":33,"key":"Dexterity Potion"}],"is_trial":false,"path_per_floor":["M","?","M","?","$","E","R","?","T","R","$","M","M","M","R","B",null,"M","$","?","?","?","R","E","M","T","T","$","M","E","M","R","B",null,"M","?","?","$","?","R","M","R","T","E"],"character_chosen":"THE_SILENT","items_purchased":["Accuracy","PowerPotion","Poisoned Stab","Infinite Blades","Dramatic Entrance","Dagger Spray","Deadly Poison","PowerPotion","SkillPotion","Backstab","Noxious Fumes","Block Potion"],"campfire_rested":5,"item_purchase_floors":[11,11,11,19,19,19,28,28,28,38,38,38],"current_hp_per_floor":[63,63,63,52,52,52,70,70,70,70,70,67,62,58,58,69,70,47,47,31,54,54,70,56,56,56,56,56,48,48,41,62,20,58,35,61,61,61,53,61,56,61,61,0],"gold":65,"neow_bonus":"THREE_ENEMY_KILL","is_prod":false,"is_daily":false,"chose_seed":false,"campfire_upgraded":2,"win_rate":0,"timestamp":1560679930,"path_taken":["M","?","M","?","$","E","R","?","T","R","$","M","M","?","R","BOSS","M","$","?","?","?","R","E","M","T","?","?","?","E","M","R","BOSS","M","?","?","$","?","R","M","R","T","E"],"build_version":"2019-01-23","purchased_purges":0,"victory":false,"max_hp_per_floor":[70,70,70,70,70,70,70,70,70,70,70,70,70,70,70,70,70,70,70,70,70,70,70,70,70,70,70,70,70,70,70,70,70,70,70,61,61,61,61,61,61,61,61,61],"card_choices":[{"not_picked":["Sucker Punch","Flying Knee"],"picked":"Blade Dance","floor":1},{"not_picked":["Deadly Poison","Heel Hook"],"picked":"Endless Agony","floor":3},{"not_picked":["All Out Attack","Underhanded Strike","Reflex"],"picked":"SKIP","floor":6},{"not_picked":["Slice","Predator"],"picked":"Riddle With Holes","floor":12},{"not_picked":["Underhanded Strike","Skewer","Dodge and Roll"],"picked":"SKIP","floor":13},{"not_picked":["Acrobatics","Unload","Sucker Punch"],"picked":"SKIP","floor":14},{"not_picked":["Phantasmal Killer","Venomology"],"picked":"Die Die Die","floor":16},{"not_picked":["Dagger Spray","Blade Dance"],"picked":"Accuracy+1","floor":18},{"not_picked":["Eviscerate","Crippling Poison"],"picked":"Deadly Poison","floor":24},{"not_picked":["Caltrops","Acrobatics"],"picked":"Blur+1","floor":25},{"not_picked":["Blade Dance","PiercingWail","Prepared"],"picked":"Dagger Spray","floor":29},{"not_picked":["Sucker Punch","Blur","Deflect"],"picked":"Finisher","floor":30},{"not_picked":["Deflect","Backflip","Underhanded Strike"],"picked":"Flying Knee","floor":31},{"not_picked":["After Image","Grand Finale","Burst"],"picked":"Adrenaline","floor":33},{"not_picked":["Catalyst+1","Acrobatics+1","Backstab+1"],"picked":"Infinite Blades+1","floor":35},{"not_picked":["Dagger Spray+1","Poisoned Stab","Sucker Punch"],"picked":"Blade Dance+1","floor":41}],"player_experience":1537565,"relics_obtained":[{"floor":6,"key":"Snake Skull"},{"floor":9,"key":"Pantograph"},{"floor":20,"key":"Nilry\u0027s Codex"},{"floor":24,"key":"Paper Crane"},{"floor":26,"key":"Question Card"},{"floor":27,"key":"Potion Belt"},{"floor":30,"key":"Centennial Puzzle"},{"floor":43,"key":"Whetstone"}],"event_choices":[{"damage_healed":0,"gold_gain":0,"player_choice":"Grow","damage_taken":0,"max_hp_gain":0,"max_hp_loss":0,"event_name":"Living Wall","floor":2,"gold_loss":0,"cards_upgraded":["Blade Dance"]},{"damage_healed":0,"gold_gain":75,"player_choice":"Gather Gold","damage_taken":11,"max_hp_gain":0,"max_hp_loss":0,"event_name":"World of Goop","floor":4,"gold_loss":0},{"damage_healed":0,"gold_gain":0,"player_choice":"Upgraded","damage_taken":0,"max_hp_gain":0,"max_hp_loss":0,"event_name":"Upgrade Shrine","floor":8,"gold_loss":0,"cards_upgraded":["Endless Agony"]},{"damage_healed":0,"gold_gain":0,"player_choice":"Obtained Book","damage_taken":16,"max_hp_gain":0,"max_hp_loss":0,"event_name":"Cursed Tome","floor":20,"gold_loss":0},{"damage_healed":23,"gold_gain":0,"player_choice":"Heal","damage_taken":0,"max_hp_gain":0,"max_hp_loss":0,"event_name":"The Library","floor":21,"gold_loss":0},{"damage_healed":0,"gold_gain":99,"player_choice":"Stole From Cult","damage_taken":0,"max_hp_gain":0,"max_hp_loss":0,"event_name":"Nest","floor":22,"gold_loss":0},{"damage_healed":61,"gold_gain":0,"player_choice":"Heal","damage_taken":0,"max_hp_gain":0,"max_hp_loss":9,"event_name":"The Moai Head","floor":36,"gold_loss":0},{"damage_healed":0,"gold_gain":0,"player_choice":"Ignored","damage_taken":0,"max_hp_gain":0,"max_hp_loss":0,"event_name":"Tomb of Lord Red Mask","floor":37,"gold_loss":0},{"damage_healed":0,"gold_gain":0,"player_choice":"Embrace Madness","damage_taken":8,"max_hp_gain":0,"max_hp_loss":0,"event_name":"Winding Halls","floor":39,"gold_loss":0,"cards_obtained":["Madness","Madness"]}],"is_beta":false,"boss_relics":[{"not_picked":["Ring of the Serpent","Calling Bell"],"picked":"Fusion Hammer"},{"not_picked":["Runic Dome","Coffee Dripper","Velvet Choker"]}],"items_purged_floors":[],"is_endless":false,"potions_floor_spawned":[3,13,18,24,31,33],"killed_by":"Nemesis","ascension_level":9}