{"gold_per_floor":[117,2,2,20,20,50,50,75,75,75,95,95,12,47,47,47],"floor_reached":16,"playtime":392,"items_purged":["Strike_B"],"score":282,"play_id":"5fef5b1e-5ea7-43f3-aecb-2784adca5ee3","local_time":"20190725111055","is_ascension_mode":true,"campfire_choices":[{"data":"Loop","floor":7,"key":"SMITH"},{"data":"Strike_B","floor":10,"key":"PURGE"},{"data":"Defend_B","floor":12,"key":"PURGE"},{"data":"Strike_B","floor":15,"key":"PURGE"}],"neow_cost":"NONE","seed_source_timestamp":503126383463000,"circlet_count":0,"master_deck":["AscendersBane","Defend_B","Defend_B","Defend_B","Zap","Dualcast","Cold Snap","Loop+1","Lockon","Leap","Darkness","Recycle","Electrodynamics"],"relics":["Cracked Core","NeowsBlessing","Peace Pipe","Bronze Scales","Regal Pillow","WingedGreaves","Blood Vial"],"potions_floor_usage":[16],"damage_taken":[{"damage":0,"enemies":"Jaw Worm","floor":1,"turns":1},{"damage":0,"enemies":"Cultist","floor":4,"turns":1},{"damage":0,"enemies":"3 Sentries","floor":6,"turns":1},{"damage":12,"enemies":"Lagavulin","floor":8,"turns":7},{"damage":2,"enemies":"2 Louse","floor":11,"turns":2},{"damage":12,"enemies":"3 Sentries","floor":14,"turns":8},{"damage":38,"enemies":"Slime Boss","floor":16,"turns":6}],"seed_played":"-419907285937555084","potions_obtained":[{"floor":11,"key":"GamblersBrew"}],"is_trial":false,"path_per_floor":["M","$","?","M","?","E","R","E","T","R","M","R","$","E","R","B"],"character_chosen":"DEFECT","items_purchased":["Loop","Recycle"],"campfire_rested":0,"item_purchase_floors":[2,13],"current_hp_per_floor":[64,64,64,64,64,64,64,52,52,52,50,50,50,38,38,2],"gold":47,"neow_bonus":"THREE_ENEMY_KILL","is_prod":false,"is_daily":false,"chose_seed":false,"campfire_upgraded":1,"win_rate":0,"timestamp":1564020655,"path_taken":["M","$","?","?","?","E","R","E","T","R","M","R","?","E","R","BOSS"],"build_version":"2019-07-17","purchased_purges":1,"victory":false,"max_hp_per_floor":[71,71,71,71,71,71,71,71,71,71,71,71,71,71,71,71],"card_choices":[{"not_picked":["Conserve Battery","Compile Driver"],"picked":"Cold Snap","floor":1},{"not_picked":["Leap","Conserve Battery"],"picked":"Lockon","floor":4},{"not_picked":["Ball Lightning","Core Surge"],"picked":"Darkness","floor":6},{"not_picked":["Sweeping Beam","Ball Lightning","Compile Driver"],"picked":"SKIP","floor":8},{"not_picked":["Conserve Battery","Barrage","Gash"],"picked":"SKIP","floor":11},{"not_picked":["Auto Shields","Cold Snap"],"picked":"Electrodynamics","floor":14}],"player_experience":1199442,"relics_obtained":[{"floor":3,"key":"Peace Pipe"},{"floor":6,"key":"Bronze Scales"},{"floor":8,"key":"Regal Pillow"},{"floor":9,"key":"WingedGreaves"},{"floor":14,"key":"Blood Vial"}],"event_choices":[{"damage_healed":0,"gold_gain":0,"player_choice":"Relic","damage_taken":0,"max_hp_gain":0,"max_hp_loss":0,"event_name":"Wheel of Change","floor":3,"gold_loss":0},{"damage_healed":0,"gold_gain":0,"cards_transformed":["Strike_B"],"player_choice":"Change","damage_taken":0,"max_hp_gain":0,"max_hp_loss":0,"event_name":"Living Wall","floor":5,"gold_loss":0,"cards_obtained":["Leap"]}],"is_beta":false,"boss_relics":[],"items_purged_floors":[2],"is_endless":false,"potions_floor_spawned":[11],"killed_by":"Slime Boss","ascension_level":20}