{"gold_per_floor":[112,187,187,187,187,218,238,238,284,294,309,336,336,365,365,365],"floor_reached":16,"playtime":270,"items_purged":[],"score":311,"play_id":"5336a775-791f-4d4d-b27f-2c681ea1aa32","local_time":"20190612223250","is_ascension_mode":true,"campfire_choices":[{"data":"Bash","floor":8,"key":"SMITH"},{"data":"Immolate","floor":13,"key":"SMITH"},{"data":"Anger","floor":15,"key":"SMITH"}],"neow_cost":"NONE","seed_source_timestamp":377125695191500,"circlet_count":0,"master_deck":["AscendersBane","Strike_R","Strike_R","Strike_R","Strike_R","Strike_R","Defend_R","Defend_R","Defend_R","Defend_R","Bash+1","Anger+1","Seeing Red","Rampage","Shrug It Off","Immolate+1"],"relics":["Burning Blood","NeowsBlessing","Pear","Singing Bowl","Bronze Scales","Art of War","Dodecahedron","Mango"],"potions_floor_usage":[16],"damage_taken":[{"damage":0,"enemies":"Jaw Worm","floor":1,"turns":1},{"damage":0,"enemies":"3 Sentries","floor":6,"turns":1},{"damage":0,"enemies":"2 Louse","floor":7,"turns":1},{"damage":7,"enemies":"Small Slimes","floor":10,"turns":3},{"damage":11,"enemies":"Looter","floor":11,"turns":2},{"damage":17,"enemies":"Lagavulin","floor":12,"turns":7},{"damage":52,"enemies":"Gremlin Nob","floor":14,"turns":5},{"damage":42,"enemies":"Slime Boss","floor":16,"turns":8}],"seed_played":"-373405135628726531","potions_obtained":[{"floor":7,"key":"Dexterity Potion"},{"floor":11,"key":"Energy Potion"}],"is_trial":false,"path_per_floor":["M","?","?","?","T","E","M","R","T","M","M","E","R","E","R","B"],"character_chosen":"IRONCLAD","items_purchased":[],"campfire_rested":0,"item_purchase_floors":[],"current_hp_per_floor":[74,63,73,73,73,79,85,85,85,86,81,70,70,40,40,0],"gold":365,"neow_bonus":"THREE_ENEMY_KILL","is_prod":false,"is_daily":false,"chose_seed":false,"campfire_upgraded":3,"win_rate":0,"timestamp":1560346370,"path_taken":["M","?","?","?","?","E","M","R","T","?","M","E","R","E","R","BOSS"],"build_version":"2019-01-23","purchased_purges":0,"victory":false,"max_hp_per_floor":[75,75,85,85,85,85,85,85,85,87,87,87,87,103,103,103],"card_choices":[{"not_picked":["Armaments","Iron Wave"],"picked":"Anger","floor":1},{"not_picked":["Warcry","Iron Wave"],"picked":"Seeing Red","floor":6},{"not_picked":["Thunderclap","Searing Blow"],"picked":"Rampage","floor":7},{"not_picked":["Armaments","Reckless Charge","Dual Wield"],"picked":"Singing Bowl","floor":10},{"not_picked":["Thunderclap","Wild Strike"],"picked":"Shrug It Off","floor":11},{"not_picked":["Searing Blow","Flex"],"picked":"Immolate","floor":12},{"not_picked":["Clash","Rampage","Cleave"],"picked":"Singing Bowl","floor":14}],"player_experience":624706,"relics_obtained":[{"floor":5,"key":"Singing Bowl"},{"floor":6,"key":"Bronze Scales"},{"floor":9,"key":"Art of War"},{"floor":12,"key":"Dodecahedron"},{"floor":14,"key":"Mango"}],"event_choices":[{"damage_healed":0,"gold_gain":75,"player_choice":"Gather Gold","damage_taken":11,"max_hp_gain":0,"max_hp_loss":0,"event_name":"World of Goop","floor":2,"gold_loss":0},{"damage_healed":0,"gold_gain":0,"player_choice":"Box","damage_taken":0,"relics_obtained":["Pear"],"max_hp_gain":0,"max_hp_loss":0,"event_name":"Big Fish","floor":3,"gold_loss":0,"cards_obtained":["Regret"]},{"cards_removed":["Regret"],"damage_healed":0,"gold_gain":0,"player_choice":"Forget","damage_taken":0,"max_hp_gain":0,"max_hp_loss":0,"event_name":"Living Wall","floor":4,"gold_loss":0}],"is_beta":false,"boss_relics":[],"items_purged_floors":[],"is_endless":false,"potions_floor_spawned":[7,11],"killed_by":"Slime Boss","ascension_level":20}