{"gold_per_floor":[365,440,440,440,460,460,486,486,486,498,529,529,551,56,56,127,127,147,147,159,24,24],"floor_reached":22,"playtime":477,"items_purged":["Strike_B"],"score":430,"play_id":"34f69f2c-332c-40cb-8154-9aac0437f3fc","local_time":"20190724204411","is_ascension_mode":true,"campfire_choices":[{"data":"Consume","floor":6,"key":"SMITH"},{"floor":8,"key":"REST"},{"floor":12,"key":"REST"},{"data":"Loop","floor":15,"key":"SMITH"}],"neow_cost":"TEN_PERCENT_HP_LOSS","seed_source_timestamp":451035706070800,"circlet_count":0,"master_deck":["AscendersBane","Strike_B","Strike_B","Defend_B","Defend_B","Defend_B","Defend_B","Zap","Dualcast","Ball Lightning","Consume+1","Loop+1","Turbo","Recycle","Capacitor","Bandage Up","Echo Form"],"relics":["Cracked Core","Bronze Scales","Letter Opener","Symbiotic Virus","Odd Mushroom","Membership Card","Pantograph","Fusion Hammer","Nilry\u0027s Codex","Sundial"],"potions_floor_usage":[11,16,22],"damage_taken":[{"damage":0,"enemies":"Cultist","floor":1,"turns":4},{"damage":8,"enemies":"Small Slimes","floor":5,"turns":3},{"damage":36,"enemies":"Gremlin Nob","floor":7,"turns":4},{"damage":1,"enemies":"2 Louse","floor":10,"turns":2},{"damage":15,"enemies":"3 Sentries","floor":11,"turns":4},{"damage":7,"enemies":"The Mushroom Lair","floor":13,"turns":3},{"damage":31,"enemies":"Hexaghost","floor":16,"turns":7},{"damage":25,"enemies":"Spheric Guardian","floor":18,"turns":4},{"damage":2,"enemies":"3 Byrds","floor":20,"turns":2},{"damage":19,"enemies":"Snake Plant","floor":22,"turns":2}],"seed_played":"2268310808707633342","potions_obtained":[{"floor":5,"key":"Explosive Potion"},{"floor":10,"key":"GamblersBrew"},{"floor":13,"key":"Poison Potion"},{"floor":18,"key":"Ancient Potion"}],"is_trial":false,"path_per_floor":["M","?","?","?","M","R","E","R","T","M","E","R","?","$","R","B",null,"M","?","M","$","M"],"character_chosen":"DEFECT","items_purchased":["Membership Card","Capacitor","Pantograph","Bandage Up","Sundial"],"campfire_rested":2,"item_purchase_floors":[14,14,14,14,21],"current_hp_per_floor":[64,53,53,46,38,38,2,21,21,20,5,24,17,17,17,15,52,31,10,12,12,0],"gold":24,"neow_bonus":"TWO_FIFTY_GOLD","is_prod":false,"is_daily":false,"chose_seed":false,"campfire_upgraded":2,"win_rate":0,"timestamp":1563968651,"path_taken":["M","?","?","?","M","R","E","R","T","M","E","R","?","?","R","BOSS","M","?","M","$","M"],"build_version":"2019-07-17","purchased_purges":1,"victory":false,"max_hp_per_floor":[64,64,64,64,64,64,64,64,64,64,64,64,64,64,64,64,64,64,64,64,64,64],"card_choices":[{"not_picked":["Gash","Turbo"],"picked":"Ball Lightning","floor":1},{"not_picked":["Capacitor","Turbo"],"picked":"Consume","floor":5},{"not_picked":["Redo","Go for the Eyes"],"picked":"Loop","floor":7},{"not_picked":["Scrape","Stack","Barrage"],"picked":"SKIP","floor":10},{"not_picked":["Barrage","Genetic Algorithm"],"picked":"Turbo","floor":11},{"not_picked":["Hologram","Redo"],"picked":"Recycle","floor":13},{"not_picked":["Thunder Strike","Creative AI"],"picked":"Echo Form","floor":16},{"not_picked":["Rebound","Barrage","Recycle"],"picked":"SKIP","floor":18},{"not_picked":["Sunder","Redo","Blizzard"],"picked":"SKIP","floor":20}],"player_experience":1187680,"relics_obtained":[{"floor":7,"key":"Bronze Scales"},{"floor":9,"key":"Letter Opener"},{"floor":11,"key":"Symbiotic Virus"},{"floor":13,"key":"Odd Mushroom"},{"floor":19,"key":"Nilry\u0027s Codex"}],"event_choices":[{"damage_healed":0,"gold_gain":75,"player_choice":"Gather Gold","damage_taken":11,"max_hp_gain":0,"max_hp_loss":0,"event_name":"World of Goop","floor":2,"gold_loss":0},{"damage_healed":0,"gold_gain":0,"player_choice":"Ignored","damage_taken":0,"max_hp_gain":0,"max_hp_loss":0,"event_name":"Liars Game","floor":3,"gold_loss":0},{"cards_removed":["Strike_B"],"damage_healed":0,"gold_gain":0,"player_choice":"Card Removal","damage_taken":7,"max_hp_gain":0,"max_hp_loss":0,"event_name":"Golden Wing","floor":4,"gold_loss":0},{"damage_healed":0,"gold_gain":0,"player_choice":"Fought Mushrooms","damage_taken":0,"max_hp_gain":0,"max_hp_loss":0,"event_name":"Mushrooms","floor":13,"gold_loss":0},{"damage_healed":0,"gold_gain":0,"player_choice":"Obtained Book","damage_taken":21,"max_hp_gain":0,"max_hp_loss":0,"event_name":"Cursed Tome","floor":19,"gold_loss":0}],"is_beta":false,"boss_relics":[{"not_picked":["Ectoplasm","Lizard Tail"],"picked":"Fusion Hammer"}],"items_purged_floors":[14],"is_endless":false,"potions_floor_spawned":[5,10,13,18],"killed_by":"Snake Plant","ascension_level":20}