{"gold_per_floor":[365,383,17,17,30,30,48,61,85,85,113,113,185,199,199,273,273,292,79,3,13,33,33,63,77,77,89,89,89,89,105,105,182,182,202,202,213,213,0,26,38,85,157,83,83,93,106,126,126,126,126,126,126,26,56,56],"floor_reached":57,"playtime":2609,"items_purged":["Strike_G","Outmaneuver"],"score":2612,"play_id":"dc823ce4-5b12-4629-937e-af4e53f6a63b","local_time":"20190730212949","is_ascension_mode":true,"campfire_choices":[{"data":"Dagger Spray","floor":6,"key":"SMITH"},{"data":"Footwork","floor":10,"key":"SMITH"},{"data":"Neutralize","floor":15,"key":"SMITH"},{"data":"Wraith Form v2","floor":23,"key":"SMITH"},{"data":"Catalyst","floor":28,"key":"SMITH"},{"data":"Night Terror","floor":30,"key":"SMITH"},{"data":"Noxious Fumes","floor":32,"key":"SMITH"},{"data":"Tactician","floor":45,"key":"SMITH"},{"floor":49,"key":"RECALL"},{"data":"Burst","floor":53,"key":"SMITH"}],"neow_cost":"TEN_PERCENT_HP_LOSS","seed_source_timestamp":970037739742300,"circlet_count":0,"master_deck":["AscendersBane","Survivor","Neutralize+1","Backflip","Dagger Spray+1","Catalyst+1","Footwork+1","Dodge and Roll","Escape Plan","Night Terror+1","Wraith Form v2+1","Acrobatics","Setup","Predator","Leg Sweep","Sucker Punch","Bouncing Flask","Burst+1","Deflect","Noxious Fumes+1","Tactician+1","Calculated Gamble+1","PiercingWail","Acrobatics","Tools of the Trade","Backstab+1","PanicButton","Cloak And Dagger+1","Deadly Poison+1","Corpse Explosion","Bullet Time"],"relics":["Ring of the Snake","Snake Skull","Omamori","Bag of Marbles","Bronze Scales","Mercury Hourglass","Pandora\u0027s Box","TwistedFunnel","Pen Nib","Prayer Wheel","Runic Pyramid","Lee\u0027s Waffle","Bag of Preparation","Pantograph","Du-Vu Doll"],"potions_floor_usage":[11,16,16,24,25,33,55,55],"damage_taken":[{"damage":1,"enemies":"Cultist","floor":1,"turns":5},{"damage":0,"enemies":"2 Louse","floor":2,"turns":3},{"damage":1,"enemies":"Jaw Worm","floor":5,"turns":4},{"damage":9,"enemies":"Red Slaver","floor":7,"turns":4},{"damage":0,"enemies":"Lots of Slimes","floor":8,"turns":2},{"damage":18,"enemies":"3 Sentries","floor":11,"turns":8},{"damage":2,"enemies":"Blue Slaver","floor":14,"turns":4},{"damage":6,"enemies":"Hexaghost","floor":16,"turns":9},{"damage":5,"enemies":"Shell Parasite","floor":18,"turns":6},{"damage":0,"enemies":"Spheric Guardian","floor":21,"turns":3},{"damage":3,"enemies":"Snake Plant","floor":22,"turns":5},{"damage":22,"enemies":"Slavers","floor":24,"turns":4},{"damage":5,"enemies":"Cultist and Chosen","floor":25,"turns":5},{"damage":1,"enemies":"Centurion and Healer","floor":27,"turns":5},{"damage":0,"enemies":"Snecko","floor":31,"turns":5},{"damage":14,"enemies":"Champ","floor":33,"turns":9},{"damage":10,"enemies":"Orb Walker","floor":35,"turns":4},{"damage":11,"enemies":"3 Darklings","floor":37,"turns":5},{"damage":9,"enemies":"Nemesis","floor":40,"turns":5},{"damage":2,"enemies":"Sphere and 2 Shapes","floor":41,"turns":4},{"damage":0,"enemies":"Transient","floor":46,"turns":4},{"damage":0,"enemies":"Maw","floor":47,"turns":3},{"damage":3,"enemies":"Jaw Worm Horde","floor":48,"turns":2},{"damage":26,"enemies":"Awakened One","floor":50,"turns":14},{"damage":24,"enemies":"Time Eater","floor":51,"turns":4},{"damage":39,"enemies":"Shield and Spear","floor":55,"turns":5},{"damage":56,"enemies":"The Heart","floor":56,"turns":9}],"seed_played":"63376613054403043","potions_obtained":[{"floor":2,"key":"FearPotion"},{"floor":11,"key":"SneckoOil"},{"floor":14,"key":"LiquidBronze"},{"floor":21,"key":"Regen Potion"},{"floor":22,"key":"LiquidBronze"},{"floor":24,"key":"Fire Potion"},{"floor":29,"key":"AttackPotion"},{"floor":31,"key":"Block Potion"},{"floor":33,"key":"Strength Potion"},{"floor":35,"key":"SteroidPotion"},{"floor":46,"key":"Regen Potion"},{"floor":48,"key":"GhostInAJar"}],"is_trial":false,"path_per_floor":["M","M","$","?","M","R","M","M","T","R","E","?","T","M","R","B",null,"M","$","$","M","M","R","E","M","T","M","R","?","R","M","R","B",null,"M","?","M","?","$","E","M","T","T","$","R","M","M","M","R","B","B",null,"R","$","E","B",null],"character_chosen":"THE_SILENT","items_purchased":["Snake Skull","Backflip","Dagger Spray","Fire Potion","TwistedFunnel","Noxious Fumes","Lee\u0027s Waffle","Corpse Explosion"],"campfire_rested":0,"item_purchase_floors":[3,3,3,3,19,20,39,44],"current_hp_per_floor":[58,58,58,63,62,62,53,53,53,53,35,30,30,28,28,22,54,49,49,49,49,46,46,38,33,33,32,32,32,32,32,32,18,53,43,33,22,27,72,63,61,61,61,61,61,61,61,58,58,46,47,66,66,66,36,5],"gold":56,"neow_bonus":"TWO_FIFTY_GOLD","is_prod":false,"is_daily":false,"chose_seed":false,"campfire_upgraded":9,"win_rate":0,"timestamp":1564489789,"path_taken":["M","M","$","?","M","R","M","M","T","R","E","?","?","?","R","BOSS","M","?","$","M","M","R","E","M","T","M","R","?","R","?","R","BOSS","M","?","M","?","$","E","?","?","T","?","R","M","?","M","R","BOSS","BOSS","R","$","E","BOSS"],"build_version":"2019-07-17","purchased_purges":2,"victory":true,"max_hp_per_floor":[60,60,60,65,65,65,65,65,65,65,65,65,65,65,65,65,65,65,65,65,65,65,65,65,65,65,65,65,65,65,65,65,65,65,65,65,65,65,72,72,72,72,72,72,72,72,72,72,72,72,72,72,72,72,72,72],"card_choices":[{"not_picked":["Poisoned Stab","Finisher"],"picked":"Sucker Punch","floor":1},{"not_picked":["Prepared","Expertise","Sucker Punch"],"picked":"SKIP","floor":2},{"not_picked":["Bane","Slice"],"picked":"Catalyst","floor":5},{"not_picked":["Riddle With Holes","Deadly Poison"],"picked":"Footwork","floor":7},{"not_picked":["Dagger Throw","Storm of Steel"],"picked":"Dodge and Roll","floor":8},{"not_picked":["Dagger Throw","Blade Dance","Dodge and Roll"],"picked":"SKIP","floor":11},{"not_picked":["Underhanded Strike","Flechettes"],"picked":"Escape Plan","floor":14},{"not_picked":["Bullet Time","Doppelganger"],"picked":"Night Terror","floor":16},{"not_picked":["Eviscerate","Poisoned Stab+1"],"picked":"Deflect","floor":18},{"not_picked":["Deflect","Prepared"],"picked":"Tactician","floor":21},{"not_picked":["Flying Knee","Blade Dance","Endless Agony"],"picked":"SKIP","floor":22},{"not_picked":["Tactician","Infinite Blades","Grand Finale"],"picked":"SKIP","floor":24},{"not_picked":["Heel Hook","Sucker Punch"],"picked":"Calculated Gamble+1","floor":25},{"not_picked":["Caltrops","Underhanded Strike"],"picked":"PiercingWail","floor":27},{"not_picked":["Slice","Flying Knee","Deflect"],"picked":"SKIP","floor":27},{"not_picked":["Blade Dance","Bouncing Flask"],"picked":"Acrobatics","floor":31},{"not_picked":["Accuracy","Skewer+1","Heel Hook"],"picked":"SKIP","floor":31},{"not_picked":["Glass Knife","Venomology"],"picked":"Tools of the Trade","floor":33},{"not_picked":["Infinite Blades+1","Quick Slash"],"picked":"Backstab+1","floor":35},{"not_picked":["Sucker Punch","Poisoned Stab","All Out Attack"],"picked":"SKIP","floor":35},{"not_picked":["Jack Of All Trades","Transmutation"],"picked":"PanicButton","floor":36},{"not_picked":["Distraction","Skewer"],"picked":"Cloak And Dagger+1","floor":37},{"not_picked":["Bane","Dagger Throw","Masterful Stab+1"],"picked":"SKIP","floor":37},{"not_picked":["Storm of Steel","Choke","Dodge and Roll"],"picked":"SKIP","floor":40},{"not_picked":["Flying Knee","Calculated Gamble"],"picked":"Deadly Poison+1","floor":41},{"not_picked":["Acrobatics+1","Dodge and Roll","Flying Knee"],"picked":"SKIP","floor":41},{"not_picked":["Acrobatics","Heel Hook","Terror"],"picked":"SKIP","floor":46},{"not_picked":["Underhanded Strike","Bane+1","Slice"],"picked":"SKIP","floor":46},{"not_picked":["Underhanded Strike","PiercingWail"],"picked":"Bullet Time","floor":47},{"not_picked":["Flechettes","Sucker Punch","Dash"],"picked":"SKIP","floor":47},{"not_picked":["All Out Attack+1","Blade Dance","Calculated Gamble"],"picked":"SKIP","floor":48},{"not_picked":["Dagger Spray","Flying Knee","Bane+1"],"picked":"SKIP","floor":48},{"not_picked":["Unload","Slice","Sucker Punch"],"picked":"SKIP","floor":55}],"player_experience":1311842,"relics_obtained":[{"floor":9,"key":"Omamori"},{"floor":11,"key":"Bag of Marbles"},{"floor":13,"key":"Mercury Hourglass"},{"floor":24,"key":"Pen Nib"},{"floor":26,"key":"Prayer Wheel"},{"floor":40,"key":"Bag of Preparation"},{"floor":43,"key":"Pantograph"},{"floor":55,"key":"Du-Vu Doll"}],"event_choices":[{"damage_healed":0,"gold_gain":0,"player_choice":"Donut","damage_taken":0,"max_hp_gain":5,"max_hp_loss":0,"event_name":"Big Fish","floor":4,"gold_loss":0},{"damage_healed":0,"gold_gain":0,"player_choice":"Success","damage_taken":5,"relics_obtained":["Bronze Scales"],"max_hp_gain":0,"max_hp_loss":0,"event_name":"Scrap Ooze","floor":12,"gold_loss":0},{"damage_healed":0,"gold_gain":0,"player_choice":"Got Potions","damage_taken":0,"max_hp_gain":0,"max_hp_loss":0,"event_name":"Lab","floor":29,"gold_loss":0},{"damage_healed":0,"gold_gain":0,"player_choice":"Memory 3","damage_taken":10,"max_hp_gain":0,"max_hp_loss":0,"event_name":"SensoryStone","floor":36,"gold_loss":0},{"cards_removed":["Sucker Punch"],"damage_healed":5,"gold_gain":0,"player_choice":"Offered Common","damage_taken":0,"max_hp_gain":0,"max_hp_loss":0,"event_name":"Bonfire Elementals","floor":38,"gold_loss":0},{"cards_removed":["Sucker Punch"],"damage_healed":5,"gold_gain":0,"player_choice":"Offered Special","damage_taken":0,"max_hp_gain":0,"max_hp_loss":0,"event_name":"Bonfire Elementals","floor":38,"gold_loss":0}],"is_beta":false,"boss_relics":[{"not_picked":["Coffee Dripper","Fusion Hammer"],"picked":"Pandora\u0027s Box"},{"not_picked":["Sozu","Runic Dome"],"picked":"Runic Pyramid"}],"items_purged_floors":[3,54],"is_endless":false,"potions_floor_spawned":[2,8,11,14,21,22,24,31,33,35,41,46,48],"ascension_level":20}