{"gold_per_floor":[110,110,6,6,29,29,70,70,70,116,193,221,233,268,280,388,400,431,458,470,331,347,347,75,95,119,134,134,174,198,216,216,312,312,328,348,366,491,512,552,577,621,668,691,691],"floor_reached":45,"playtime":2205,"items_purged":["Strike_R","Strike_R"],"score":1118,"play_id":"6e259455-4265-4b83-84b8-7a0cfa7f0beb","local_time":"20190723174907","is_ascension_mode":true,"campfire_choices":[{"data":"Combust","floor":6,"key":"SMITH"},{"floor":8,"key":"REST"},{"floor":15,"key":"REST"},{"data":"Evolve","floor":23,"key":"SMITH"},{"data":"Fiend Fire","floor":28,"key":"SMITH"},{"data":"Second Wind","floor":32,"key":"SMITH"}],"neow_cost":"TEN_PERCENT_HP_LOSS","seed_source_timestamp":352404113143000,"circlet_count":0,"master_deck":["AscendersBane","Defend_R","Defend_R","Defend_R","Defend_R","Bash","Pommel Strike","Evolve+1","Shrug It Off","Combust+1","Fiend Fire+1","Power Through","Feed","Pommel Strike","Second Wind+1","Reaper","Sword Boomerang","Barricade","Offering","Disarm","Rage","Armaments","Exhume","Body Slam","Parasite","Juggernaut"],"relics":["Burning Blood","Golden Idol","Nunchaku","MawBank","Matryoshka","Orichalcum","Gremlin Horn","Philosopher\u0027s Stone","PreservedInsect","Potion Belt","Red Skull","Blood Vial","Coffee Dripper","Bird Faced Urn","Magic Flower","Boot","Bag of Marbles"],"potions_floor_usage":[19,22,25,29,29,33,33,33,33,36,40,40,42,45,45],"damage_taken":[{"damage":7,"enemies":"Jaw Worm","floor":1,"turns":4},{"damage":4,"enemies":"Small Slimes","floor":5,"turns":4},{"damage":60,"enemies":"Gremlin Nob","floor":7,"turns":5},{"damage":16,"enemies":"3 Sentries","floor":10,"turns":5},{"damage":30,"enemies":"Gremlin Nob","floor":11,"turns":4},{"damage":0,"enemies":"2 Louse","floor":12,"turns":3},{"damage":8,"enemies":"Lots of Slimes","floor":14,"turns":5},{"damage":26,"enemies":"Slime Boss","floor":16,"turns":6},{"damage":13,"enemies":"3 Byrds","floor":18,"turns":4},{"damage":20,"enemies":"Shell Parasite","floor":19,"turns":8},{"damage":17,"enemies":"Centurion and Healer","floor":22,"turns":6},{"damage":32,"enemies":"3 Cultists","floor":25,"turns":6},{"damage":15,"enemies":"Chosen and Byrds","floor":27,"turns":4},{"damage":27,"enemies":"Gremlin Leader","floor":29,"turns":4},{"damage":0,"enemies":"Centurion and Healer","floor":30,"turns":5},{"damage":27,"enemies":"Sentry and Sphere","floor":31,"turns":4},{"damage":1,"enemies":"Champ","floor":33,"turns":19},{"damage":63,"enemies":"3 Darklings","floor":35,"turns":7},{"damage":23,"enemies":"3 Shapes","floor":36,"turns":5},{"damage":29,"enemies":"3 Darklings","floor":37,"turns":5},{"damage":6,"enemies":"Mind Bloom Boss Battle","floor":38,"turns":11},{"damage":29,"enemies":"Sphere and 2 Shapes","floor":39,"turns":5},{"damage":34,"enemies":"Giant Head","floor":40,"turns":8},{"damage":22,"enemies":"Writhing Mass","floor":41,"turns":5},{"damage":36,"enemies":"Reptomancer","floor":42,"turns":5},{"damage":35,"enemies":"3 Darklings","floor":44,"turns":7},{"damage":121,"enemies":"Giant Head","floor":45,"turns":8}],"seed_played":"-5642413712482517098","potions_obtained":[{"floor":10,"key":"FairyPotion"},{"floor":11,"key":"Explosive Potion"},{"floor":16,"key":"SteroidPotion"},{"floor":19,"key":"Regen Potion"},{"floor":20,"key":"BloodPotion"},{"floor":22,"key":"Swift Potion"},{"floor":27,"key":"GamblersBrew"},{"floor":29,"key":"EntropicBrew"},{"floor":33,"key":"Strength Potion"},{"floor":38,"key":"Weak Potion"},{"floor":40,"key":"Strength Potion"},{"floor":41,"key":"Fire Potion"},{"floor":42,"key":"AttackPotion"}],"is_trial":false,"path_per_floor":["M","?","$","?","M","R","E","R","T","E","?","M","?","M","R","B",null,"M","M","?","$","M","R","$","M","T","M","R","E","M","M","R","B",null,"M","M","M","?","M","E","M","E","T","M","E"],"character_chosen":"IRONCLAD","items_purchased":["Evolve","Shrug It Off","Second Wind","PreservedInsect"],"campfire_rested":2,"item_purchase_floors":[3,3,21,24],"current_hp_per_floor":[67,60,60,60,62,62,8,26,26,16,12,18,18,16,34,14,50,46,35,35,35,41,41,41,35,35,29,29,29,47,35,35,45,74,29,47,50,65,60,46,56,85,85,81,0],"gold":691,"neow_bonus":"REMOVE_TWO","is_prod":false,"is_daily":false,"chose_seed":false,"campfire_upgraded":4,"win_rate":0,"timestamp":1563871747,"path_taken":["M","?","$","?","M","R","E","R","T","E","?","M","?","?","R","BOSS","M","M","?","$","M","R","$","?","T","M","R","E","?","M","R","BOSS","M","M","M","?","M","E","M","E","T","M","E"],"build_version":"2019-07-17","purchased_purges":2,"victory":false,"max_hp_per_floor":[68,68,68,62,62,62,62,62,62,62,62,62,62,62,62,62,62,65,68,68,68,71,71,71,74,74,77,77,77,77,80,80,83,83,86,89,92,95,98,98,98,98,98,98,98],"card_choices":[{"not_picked":["Twin Strike","Havoc"],"picked":"Pommel Strike","floor":1},{"not_picked":["Iron Wave","True Grit"],"picked":"Combust","floor":5},{"not_picked":["Heavy Blade","Dual Wield","Body Slam"],"picked":"SKIP","floor":7},{"not_picked":["Battle Trance","Clash"],"picked":"Fiend Fire","floor":10},{"not_picked":["Disarm","Combust","Sentinel"],"picked":"SKIP","floor":12},{"not_picked":["Carnage","Ghostly Armor"],"picked":"Power Through","floor":14},{"not_picked":["Limit Break","Exhume"],"picked":"Feed","floor":16},{"not_picked":["Hemokinesis","True Grit","Thunderclap"],"picked":"SKIP","floor":18},{"not_picked":["True Grit","Armaments"],"picked":"Pommel Strike","floor":19},{"not_picked":["Headbutt","Ghostly Armor","Carnage"],"picked":"SKIP","floor":22},{"not_picked":["Corruption","Sword Boomerang","Sever Soul"],"picked":"SKIP","floor":25},{"not_picked":["Havoc","Thunderclap"],"picked":"Reaper","floor":27},{"not_picked":["True Grit","Flex","Wild Strike"],"picked":"SKIP","floor":29},{"not_picked":["Thunderclap","Havoc"],"picked":"Sword Boomerang","floor":30},{"not_picked":["Shockwave","Rupture+1"],"picked":"Barricade","floor":31},{"not_picked":["Demon Form","Impervious"],"picked":"Offering","floor":33},{"not_picked":["Reckless Charge+1","True Grit"],"picked":"Disarm","floor":35},{"not_picked":["Dropkick","Sentinel"],"picked":"Rage","floor":36},{"not_picked":["Thunderclap","Warcry","Sever Soul+1"],"picked":"SKIP","floor":37},{"not_picked":["Warcry","Blood for Blood+1"],"picked":"Armaments","floor":38},{"not_picked":["Flex","Clash"],"picked":"Exhume","floor":39},{"not_picked":["Warcry","Clothesline"],"picked":"Body Slam","floor":40},{"not_picked":["Twin Strike","Warcry+1","Rampage+1"],"picked":"SKIP","floor":41},{"not_picked":["Carnage+1","Perfected Strike"],"picked":"Juggernaut","floor":42},{"not_picked":["Heavy Blade","Evolve","Rupture+1"],"picked":"SKIP","floor":44}],"player_experience":1145415,"relics_obtained":[{"floor":7,"key":"Nunchaku"},{"floor":9,"key":"MawBank"},{"floor":10,"key":"Matryoshka"},{"floor":11,"key":"Orichalcum"},{"floor":26,"key":"Potion Belt"},{"floor":26,"key":"Red Skull"},{"floor":29,"key":"Blood Vial"},{"floor":38,"key":"Bird Faced Urn"},{"floor":40,"key":"Magic Flower"},{"floor":42,"key":"Boot"},{"floor":43,"key":"Bag of Marbles"}],"event_choices":[{"cards_removed":["Strike_R"],"damage_healed":0,"gold_gain":0,"player_choice":"Card Removal","damage_taken":7,"max_hp_gain":0,"max_hp_loss":0,"event_name":"Golden Wing","floor":2,"gold_loss":0},{"damage_healed":0,"gold_gain":0,"player_choice":"Lose Max HP","damage_taken":0,"relics_obtained":["Golden Idol"],"max_hp_gain":0,"max_hp_loss":6,"event_name":"Golden Idol","floor":4,"gold_loss":0},{"damage_healed":0,"gold_gain":30,"player_choice":"Searched \u00272\u0027 times","damage_taken":0,"max_hp_gain":0,"max_hp_loss":0,"event_name":"Dead Adventurer","floor":11,"gold_loss":0},{"damage_healed":0,"gold_gain":0,"player_choice":"Gave Potion","damage_taken":0,"relics_obtained":["Gremlin Horn"],"max_hp_gain":0,"max_hp_loss":0,"event_name":"WeMeetAgain","floor":13,"gold_loss":0},{"damage_healed":0,"gold_gain":0,"player_choice":"Got Potions","damage_taken":0,"max_hp_gain":0,"max_hp_loss":0,"event_name":"Lab","floor":20,"gold_loss":0},{"damage_healed":0,"gold_gain":0,"player_choice":"Fight","damage_taken":0,"max_hp_gain":0,"max_hp_loss":0,"event_name":"MindBloom","floor":38,"gold_loss":0}],"is_beta":false,"boss_relics":[{"not_picked":["Orrery","Black Star"],"picked":"Philosopher\u0027s Stone"},{"not_picked":["Eternal Feather","Tiny House"],"picked":"Coffee Dripper"}],"items_purged_floors":[21,24],"is_endless":false,"potions_floor_spawned":[10,11,16,19,22,27,29,33,38,40,41,42],"killed_by":"Giant Head","ascension_level":20}