{"gold_per_floor":[116,116,116,136,147,147,28,57,103,103,16,16,16,50,50,124,124,135,85,102,114,134,134,134,34,84,84,118,118,138,138],"floor_reached":31,"playtime":1332,"items_purged":["Doubt","Strike_B"],"score":672,"play_id":"36703bd5-8d00-43a3-a343-a4945292ade0","local_time":"20190725105541","is_ascension_mode":true,"campfire_choices":[{"data":"Buffer","floor":6,"key":"SMITH"},{"data":"Darkness","floor":10,"key":"SMITH"},{"floor":13,"key":"REST"},{"data":"Consume","floor":15,"key":"SMITH"},{"floor":23,"key":"REST"},{"data":"Fission","floor":27,"key":"SMITH"}],"neow_cost":"CURSE","seed_source_timestamp":501271412866300,"circlet_count":0,"master_deck":["AscendersBane","Strike_B","Defend_B","Defend_B","Defend_B","Defend_B","Zap","Dualcast","Self Repair","Buffer+1","Glacier","Fission+1","Lockon","Darkness+1","Consume+1","Core Surge","Force Field","Skim","White Noise","Ghostly","Ghostly","Ghostly","Defragment+1"],"relics":["Cracked Core","Ginger","Orichalcum","Anchor","Potion Belt","Snecko Eye","Happy Flower"],"potions_floor_usage":[4,16,16,21],"damage_taken":[{"damage":3,"enemies":"Jaw Worm","floor":1,"turns":4},{"damage":0,"enemies":"Small Slimes","floor":4,"turns":3},{"damage":6,"enemies":"Cultist","floor":5,"turns":4},{"damage":55,"enemies":"3 Sentries","floor":8,"turns":22},{"damage":0,"enemies":"Lagavulin","floor":14,"turns":6},{"damage":35,"enemies":"Hexaghost","floor":16,"turns":12},{"damage":0,"enemies":"Chosen","floor":18,"turns":3},{"damage":0,"enemies":"Spheric Guardian","floor":20,"turns":9},{"damage":24,"enemies":"Cultist and Chosen","floor":21,"turns":8},{"damage":41,"enemies":"3 Cultists","floor":22,"turns":8},{"damage":0,"enemies":"Gremlin Leader","floor":28,"turns":12},{"damage":0,"enemies":"Snake Plant","floor":30,"turns":5},{"damage":45,"enemies":"Slavers","floor":31,"turns":7}],"seed_played":"6421688837437978038","potions_obtained":[{"floor":1,"key":"Explosive Potion"},{"floor":8,"key":"Swift Potion"},{"floor":14,"key":"AttackPotion"},{"floor":18,"key":"SpeedPotion"},{"floor":20,"key":"SkillPotion"},{"floor":28,"key":"FearPotion"}],"is_trial":false,"path_per_floor":["M","?","?","M","M","R","$","E","T","R","$","?","R","E","R","B",null,"M","?","M","M","M","R","?","$","T","R","E","?","M","E"],"character_chosen":"DEFECT","items_purchased":["Lockon","Consume"],"campfire_rested":2,"item_purchase_floors":[7,11],"current_hp_per_floor":[61,61,61,68,69,69,69,21,21,21,21,14,35,42,42,14,57,64,64,71,54,20,41,35,35,35,35,35,35,35,0],"gold":138,"neow_bonus":"ONE_RARE_RELIC","is_prod":false,"is_daily":false,"chose_seed":false,"campfire_upgraded":4,"win_rate":0,"timestamp":1564019741,"path_taken":["M","?","?","M","?","R","?","E","T","R","$","?","R","E","R","BOSS","M","?","M","?","M","R","?","?","T","R","E","?","M","E"],"build_version":"2019-07-17","purchased_purges":2,"victory":false,"max_hp_per_floor":[71,71,71,71,71,71,71,71,71,71,71,71,71,71,71,71,71,71,71,71,71,71,71,35,35,35,35,35,35,35,35],"card_choices":[{"not_picked":["Stack","Barrage"],"picked":"Self Repair","floor":1},{"not_picked":["Sunder","Barrage"],"picked":"Glacier","floor":4},{"not_picked":["Go for the Eyes","Gash"],"picked":"Fission","floor":5},{"not_picked":["Compile Driver","Tempest"],"picked":"Darkness","floor":8},{"not_picked":["Tempest","Steam Power","Go for the Eyes"],"picked":"SKIP","floor":14},{"not_picked":["Tempest","Steam Power","Go for the Eyes"],"picked":"SKIP","floor":14},{"not_picked":["Machine Learning","Buffer"],"picked":"Core Surge","floor":16},{"not_picked":["Auto Shields","Leap","Go for the Eyes"],"picked":"SKIP","floor":18},{"not_picked":["Cold Snap","Reinforced Body"],"picked":"Force Field","floor":20},{"not_picked":["Rebound","Beam Cell"],"picked":"Skim","floor":21},{"not_picked":["Double Energy","Beam Cell"],"picked":"White Noise","floor":22},{"not_picked":["Doom and Gloom","Ball Lightning"],"picked":"Defragment+1","floor":28},{"not_picked":["Genetic Algorithm","Rebound","Seek"],"picked":"SKIP","floor":30}],"player_experience":1197606,"relics_obtained":[{"floor":8,"key":"Orichalcum"},{"floor":9,"key":"Anchor"},{"floor":14,"key":"Potion Belt"},{"floor":28,"key":"Happy Flower"}],"event_choices":[{"cards_removed":["Shame"],"damage_healed":0,"gold_gain":0,"player_choice":"Forget","damage_taken":0,"max_hp_gain":0,"max_hp_loss":0,"event_name":"Living Wall","floor":2,"gold_loss":0},{"damage_healed":0,"gold_gain":0,"player_choice":"2 cards matched","damage_taken":0,"max_hp_gain":0,"max_hp_loss":0,"event_name":"Match and Keep!","floor":3,"gold_loss":0,"cards_obtained":["Doubt","Buffer"]},{"cards_removed":["Strike_B"],"damage_healed":0,"gold_gain":0,"player_choice":"Card Removal","damage_taken":7,"max_hp_gain":0,"max_hp_loss":0,"event_name":"Golden Wing","floor":12,"gold_loss":0},{"damage_healed":0,"gold_gain":0,"player_choice":"Bet on Murderer","damage_taken":0,"max_hp_gain":0,"max_hp_loss":0,"event_name":"The Joust","floor":19,"gold_loss":50},{"damage_healed":0,"gold_gain":0,"player_choice":"Became a Ghost","damage_taken":0,"max_hp_gain":0,"max_hp_loss":36,"event_name":"Ghosts","floor":24,"gold_loss":0,"cards_obtained":["Ghostly","Ghostly","Ghostly"]},{"cards_removed":["Strike_B"],"damage_healed":0,"gold_gain":0,"player_choice":"Purged","damage_taken":0,"max_hp_gain":0,"max_hp_loss":0,"event_name":"Purifier","floor":29,"gold_loss":0}],"is_beta":false,"boss_relics":[{"not_picked":["Velvet Choker","Sozu"],"picked":"Snecko Eye"}],"items_purged_floors":[7,25],"is_endless":false,"potions_floor_spawned":[1,8,14,18,20,28],"killed_by":"Slavers","ascension_level":20}