{"gold_per_floor":[119,136,150,169,169,204,66,96,96,96,26,54,69,80,80,156,156,171,186,216,216,226,226],"floor_reached":23,"playtime":2093,"items_purged":[],"score":426,"play_id":"886beacf-df3b-4633-9dfc-dd0c4893384a","local_time":"20190716180530","is_ascension_mode":true,"campfire_choices":[{"data":"Neutralize","floor":10,"key":"SMITH"},{"data":"Noxious Fumes","floor":15,"key":"SMITH"}],"neow_cost":"NONE","seed_source_timestamp":490766118004703,"circlet_count":0,"master_deck":["AscendersBane","Strike_G","Strike_G","Strike_G","Strike_G","Strike_G","Defend_G","Defend_G","Defend_G","Defend_G","Defend_G","Survivor","Neutralize+1","Backstab","Predator","Cloak And Dagger","Dagger Spray","Dash","Footwork","Deflect","Cloak And Dagger","Blur","Adrenaline","Cloak And Dagger","Noxious Fumes+1","Adrenaline","Prepared","Noxious Fumes","Doppelganger"],"relics":["Ring of the Snake","Omamori","The Courier","Letter Opener","Sozu","Red Mask"],"potions_floor_usage":[8,8,8,16,23],"damage_taken":[{"damage":6,"enemies":"Jaw Worm","floor":1,"turns":8},{"damage":1,"enemies":"Cultist","floor":2,"turns":5},{"damage":0,"enemies":"Small Slimes","floor":3,"turns":3},{"damage":0,"enemies":"Looter","floor":4,"turns":4},{"damage":11,"enemies":"3 Sentries","floor":6,"turns":8},{"damage":16,"enemies":"Lagavulin","floor":8,"turns":7},{"damage":7,"enemies":"3 Sentries","floor":12,"turns":9},{"damage":0,"enemies":"Blue Slaver","floor":13,"turns":3},{"damage":0,"enemies":"Large Slime","floor":14,"turns":7},{"damage":28,"enemies":"Hexaghost","floor":16,"turns":12},{"damage":0,"enemies":"3 Byrds","floor":18,"turns":4},{"damage":19,"enemies":"Chosen","floor":19,"turns":7},{"damage":0,"enemies":"Masked Bandits","floor":20,"turns":3},{"damage":18,"enemies":"Snake Plant","floor":22,"turns":6},{"damage":15,"enemies":"Book of Stabbing","floor":23,"turns":5}],"seed_played":"282137182891693865","potions_obtained":[{"floor":0,"key":"EntropicBrew"},{"floor":0,"key":"Fire Potion"},{"floor":4,"key":"FearPotion"},{"floor":8,"key":"Weak Potion"},{"floor":14,"key":"SteroidPotion"},{"floor":16,"key":"Energy Potion"}],"is_trial":false,"path_per_floor":["M","M","M","M","?","E","$","E","T","R","$","E","M","M","R","B",null,"M","M","?","?","M","E"],"character_chosen":"THE_SILENT","items_purchased":["Footwork","Deflect","Blur"],"campfire_rested":0,"item_purchase_floors":[7,7,11],"current_hp_per_floor":[53,52,52,52,52,41,41,40,40,40,40,33,33,33,33,5,51,51,32,32,32,14,0],"gold":226,"neow_bonus":"THREE_SMALL_POTIONS","is_prod":false,"is_daily":false,"chose_seed":false,"campfire_upgraded":2,"win_rate":0,"timestamp":1563293130,"path_taken":["M","M","M","M","?","E","?","E","T","R","$","E","M","M","R","BOSS","M","M","?","?","M","E"],"build_version":"2019-07-05","purchased_purges":0,"victory":false,"max_hp_per_floor":[66,66,66,66,66,66,66,66,66,66,66,66,66,66,66,66,66,66,66,66,66,66,66],"card_choices":[{"not_picked":["Cloak And Dagger","PiercingWail"],"picked":"Backstab","floor":1},{"not_picked":["Leg Sweep","A Thousand Cuts"],"picked":"Predator","floor":2},{"not_picked":["Dodge and Roll","Bane"],"picked":"Cloak And Dagger","floor":3},{"not_picked":["Cloak And Dagger","Reflex"],"picked":"Dagger Spray","floor":4},{"not_picked":["Predator","Tools of the Trade"],"picked":"Dash","floor":6},{"not_picked":["Outmaneuver","Heel Hook"],"picked":"Cloak And Dagger","floor":8},{"not_picked":["Expertise","Flying Knee"],"picked":"Adrenaline","floor":12},{"not_picked":["Acrobatics","Infinite Blades"],"picked":"Cloak And Dagger","floor":13},{"not_picked":["Footwork","Deflect"],"picked":"Noxious Fumes","floor":14},{"not_picked":["Unload","Phantasmal Killer"],"picked":"Adrenaline","floor":16},{"not_picked":["Flying Knee","Sucker Punch"],"picked":"Prepared","floor":18},{"not_picked":["Outmaneuver","Acrobatics"],"picked":"Noxious Fumes","floor":20},{"not_picked":["Dash","Cloak And Dagger"],"picked":"Doppelganger","floor":22}],"player_experience":1266822,"relics_obtained":[{"floor":6,"key":"Omamori"},{"floor":8,"key":"The Courier"},{"floor":9,"key":"Letter Opener"},{"floor":20,"key":"Red Mask"}],"event_choices":[{"damage_healed":0,"gold_gain":0,"player_choice":"Got Potions","damage_taken":0,"max_hp_gain":0,"max_hp_loss":0,"event_name":"Lab","floor":5,"gold_loss":0},{"damage_healed":0,"gold_gain":0,"player_choice":"Fought Bandits","damage_taken":0,"max_hp_gain":0,"max_hp_loss":0,"event_name":"Masked Bandits","floor":20,"gold_loss":0},{"damage_healed":0,"gold_gain":0,"player_choice":"Smashed Altar","damage_taken":0,"max_hp_gain":0,"max_hp_loss":0,"event_name":"Forgotten Altar","floor":21,"gold_loss":0,"cards_obtained":["Decay"]}],"is_beta":false,"boss_relics":[{"not_picked":["Fusion Hammer","Lizard Tail"],"picked":"Sozu"}],"items_purged_floors":[],"is_endless":false,"potions_floor_spawned":[1,4,8,14,16,19],"killed_by":"Book of Stabbing","ascension_level":20}