{"gold_per_floor":[118,34,51,51,51,51,78,78,78,111,131,141,141,101,101,174,174,174,174,3,3,3,3,3,3,3,3,3,3,3,3,3,3,3,3,3,3,3,3,3,0,0,0,0,0,0,0,0,0,0,0],"floor_reached":51,"playtime":5179,"items_purged":["Strike_G"],"score":1406,"play_id":"54543fbd-f8af-4941-89c8-febfbf5f6f44","local_time":"20190714214725","is_ascension_mode":true,"campfire_choices":[{"floor":6,"key":"REST"},{"data":"Noxious Fumes","floor":8,"key":"SMITH"},{"floor":13,"key":"REST"},{"data":"Blade Dance","floor":15,"key":"SMITH"},{"data":"Footwork","floor":23,"key":"SMITH"},{"floor":29,"key":"REST"},{"floor":32,"key":"REST"},{"data":"Wraith Form v2","floor":42,"key":"SMITH"},{"data":"Wraith Form v2","floor":45,"key":"SMITH"},{"floor":47,"key":"RECALL"},{"floor":49,"key":"REST"}],"neow_cost":"NONE","seed_source_timestamp":328071377209207,"circlet_count":0,"master_deck":["AscendersBane","Strike_G","Strike_G","Strike_G","Defend_G","Defend_G","Defend_G","Defend_G","Defend_G","Survivor","Neutralize","Noxious Fumes+1","Infinite Blades","Sucker Punch","Adrenaline","Leg Sweep","PiercingWail","Blade Dance+1","Corpse Explosion","Dodge and Roll","Footwork+1","PiercingWail","PiercingWail","Footwork","Blur","Escape Plan","Adrenaline","Wraith Form v2+1","Escape Plan+1","Blur+1","Wraith Form v2+1","Heel Hook","Crippling Poison"],"special_seed":0,"relics":["Ring of the Snake","NeowsBlessing","Regal Pillow","Torii","Darkstone Periapt","Kunai","Ectoplasm","Bronze Scales","Orrery","Gremlin Horn","Red Mask","Meat on the Bone","Paper Crane"],"potions_floor_usage":[25,40,40,50],"damage_taken":[{"damage":0.0,"enemies":"2 Louse","floor":1.0,"turns":1.0},{"damage":0,"enemies":"Jaw Worm","floor":3,"turns":1},{"damage":0,"enemies":"Lagavulin","floor":7,"turns":1},{"damage":44,"enemies":"Gremlin Nob","floor":10,"turns":5},{"damage":0,"enemies":"Cultist","floor":11,"turns":3},{"damage":0,"enemies":"Blue Slaver","floor":12,"turns":5},{"damage":0,"enemies":"Looter","floor":14,"turns":4},{"damage":5,"enemies":"The Guardian","floor":16,"turns":12},{"damage":0,"enemies":"Chosen","floor":18,"turns":6},{"damage":1,"enemies":"Spheric Guardian","floor":19,"turns":5},{"damage":15,"enemies":"Book of Stabbing","floor":25,"turns":8},{"damage":22,"enemies":"Snecko","floor":27,"turns":8},{"damage":7,"enemies":"Cultist and Chosen","floor":28,"turns":7},{"damage":10,"enemies":"Centurion and Healer","floor":30,"turns":7},{"damage":18,"enemies":"Snake Plant","floor":31,"turns":5},{"damage":33,"enemies":"Collector","floor":33,"turns":11},{"damage":4,"enemies":"3 Darklings","floor":35,"turns":4},{"damage":1,"enemies":"Orb Walker","floor":38,"turns":6},{"damage":18,"enemies":"Reptomancer","floor":40,"turns":12},{"damage":17,"enemies":"Transient","floor":46,"turns":6},{"damage":1,"enemies":"Sphere and 2 Shapes","floor":48,"turns":5},{"damage":27,"enemies":"Awakened One","floor":50,"turns":25},{"damage":25,"enemies":"Time Eater","floor":51,"turns":14}],"seed_played":"-3244953199865511299","potions_obtained":[{"floor":1.0,"key":"Regen Potion"},{"floor":10,"key":"GhostInAJar"},{"floor":27,"key":"GhostInAJar"},{"floor":40,"key":"Weak Potion"}],"is_trial":false,"path_per_floor":["M","$","M","?","?","R","E","R","T","E","M","M","R","M","R","B",null,"M","M","$","?","?","R","?","E","T","M","M","R","M","M","R","B",null,"M","?","$","M","?","E","?","R","T","T","R","M","R","M","R","B","B"],"character_chosen":"THE_SILENT","items_purchased":["Infinite Blades","Footwork","PiercingWail"],"campfire_rested":5,"item_purchase_floors":[2,20,20],"current_hp_per_floor":[59,59,59,52,26,60,60,60,60,16,16,16,50,50,50,45,61,61,60,60,60,39,39,39,39,39,17,10,44,34,16,50,17,54,50,50,50,49,49,31,31,31,31,31,31,26,26,37,66,39,14],"gold":0,"neow_bonus":"THREE_ENEMY_KILL","is_prod":false,"is_daily":false,"chose_seed":false,"campfire_upgraded":5,"win_rate":0,"timestamp":1563133645,"path_taken":["M","$","M","?","?","R","E","R","T","E","M","M","R","M","R","BOSS","M","M","$","?","?","R","?","E","T","M","M","R","M","M","R","BOSS","M","?","?","M","?","E","?","R","T","?","R","M","R","M","R","BOSS","BOSS"],"build_version":"2019-07-05","purchased_purges":1,"victory":false,"max_hp_per_floor":[66,66,66,66,66,66,66,66,66,66,66,66,66,66,66,66,66,66,66,66,66,66,66,66,66,66,66,66,66,66,66,66,66,66,66,66,66,66,66,66,66,66,66,66,66,66,66,66,66,66,66],"card_choices":[{"not_picked":["Cloak And Dagger","Blade Dance"],"picked":"Noxious Fumes","floor":1.0},{"not_picked":["Slice","Flying Knee"],"picked":"Sucker Punch","floor":3},{"not_picked":["Dagger Spray","Slice"],"picked":"Flying Knee","floor":7},{"not_picked":["Flying Knee","Underhanded Strike"],"picked":"Adrenaline","floor":10},{"not_picked":["Backflip","Quick Slash"],"picked":"Leg Sweep","floor":11},{"not_picked":["Choke","Poisoned Stab"],"picked":"PiercingWail","floor":12},{"not_picked":["Deadly Poison","Flying Knee"],"picked":"Blade Dance","floor":14},{"not_picked":["Venomology","Adrenaline"],"picked":"Corpse Explosion","floor":16},{"not_picked":["Bane","Dagger Throw"],"picked":"Dodge and Roll","floor":18},{"not_picked":["Caltrops","Deadly Poison+1"],"picked":"PiercingWail","floor":25},{"not_picked":["Prepared","Dodge and Roll"],"picked":"Footwork","floor":27},{"not_picked":["Masterful Stab","Infinite Blades"],"picked":"Blur","floor":28},{"not_picked":["Phantasmal Killer","Infinite Blades"],"picked":"Escape Plan","floor":31},{"not_picked":["Tools of the Trade","Burst"],"picked":"Adrenaline","floor":33},{"not_picked":["Slice","Flying Knee"],"picked":"Wraith Form v2","floor":34},{"not_picked":["PiercingWail","Sucker Punch+1"],"picked":"Escape Plan+1","floor":34},{"not_picked":["Calculated Gamble","Tactician+1"],"picked":"Blur+1","floor":35},{"not_picked":["Sucker Punch","All Out Attack","Deflect"],"picked":"SKIP","floor":40},{"not_picked":["PiercingWail","Predator"],"picked":"Heel Hook","floor":46},{"not_picked":["Concentrate","Sucker Punch"],"picked":"Crippling Poison","floor":48}],"player_experience":1241225,"relics_obtained":[{"floor":7,"key":"Torii"},{"floor":9,"key":"Darkstone Periapt"},{"floor":10,"key":"Kunai"},{"floor":25,"key":"Bronze Scales"},{"floor":40,"key":"Gremlin Horn"},{"floor":43,"key":"Meat on the Bone"},{"floor":44,"key":"Paper Crane"}],"event_choices":[{"cards_removed":["Strike_G"],"damage_healed":0,"gold_gain":0,"player_choice":"Card Removal","damage_taken":7,"max_hp_gain":0,"max_hp_loss":0,"event_name":"Golden Wing","floor":4,"gold_loss":0},{"damage_healed":0,"gold_gain":0,"player_choice":"Success","damage_taken":26,"relics_obtained":["Regal Pillow"],"max_hp_gain":0,"max_hp_loss":0,"event_name":"Scrap Ooze","floor":5,"gold_loss":0},{"damage_healed":0,"gold_gain":0,"player_choice":"Ignored","damage_taken":0,"max_hp_gain":0,"max_hp_loss":0,"event_name":"Ghosts","floor":21,"gold_loss":0},{"damage_healed":0,"gold_gain":0,"player_choice":"Obtained Book","damage_taken":21,"max_hp_gain":0,"max_hp_loss":0,"event_name":"Cursed Tome","floor":22,"gold_loss":0},{"damage_healed":0,"gold_gain":0,"player_choice":"Copied","damage_taken":0,"max_hp_gain":0,"max_hp_loss":0,"event_name":"Duplicator","floor":36,"gold_loss":0,"cards_obtained":["Wraith Form v2"]},{"cards_removed":["Flying Knee"],"damage_healed":0,"gold_gain":0,"player_choice":"Removed Attack","damage_taken":0,"max_hp_gain":0,"max_hp_loss":0,"event_name":"Falling","floor":39,"gold_loss":0},{"damage_healed":0,"gold_gain":0,"player_choice":"Paid","damage_taken":0,"relics_obtained":["Red Mask"],"max_hp_gain":0,"max_hp_loss":0,"event_name":"Tomb of Lord Red Mask","floor":41,"gold_loss":3}],"is_beta":false,"boss_relics":[{"not_picked":["Snecko Eye","Philosopher\u0027s Stone"],"picked":"Ectoplasm"},{"not_picked":["Coffee Dripper","Busted Crown"],"picked":"Orrery"}],"items_purged_floors":[20],"is_endless":false,"potions_floor_spawned":[1,10,12,16,27,28,30,31,38,40],"killed_by":"Time Eater","ascension_level":20}