{"gold_per_floor":[116,116,116,136,52,95,53,93,93,93,112,147,165,188,188,279,279,292,292,417,401,273,273,273,273,327,327,327,345,389,407,407,506,506,527,360,380,380,439,439,439,439,439,439,478,68,84,84,84,84,84,84,84,40,73,73],"floor_reached":57,"playtime":2669,"items_purged":["Strike_B","Streamline","Defend_B"],"score":2738,"play_id":"e50f46a1-43b3-45b5-8857-740a409e4206","local_time":"20190620175554","is_ascension_mode":true,"campfire_choices":[{"data":"Defragment","floor":10.0,"key":"SMITH"},{"data":"Loop","floor":15.0,"key":"SMITH"},{"floor":23,"key":"REST"},{"data":"Darkness","floor":25,"key":"SMITH"},{"data":"Fission","floor":27,"key":"SMITH"},{"floor":32,"key":"REST"},{"data":"Blizzard","floor":40,"key":"SMITH"},{"data":"Loop","floor":42,"key":"SMITH"},{"data":"Defragment","floor":44,"key":"SMITH"},{"floor":49,"key":"RECALL"},{"data":"Seek","floor":53,"key":"SMITH"}],"neow_cost":"NONE","seed_source_timestamp":71696469479300,"circlet_count":0,"master_deck":["AscendersBane","Strike_B","Defend_B","Defend_B","Defend_B","Zap","Dualcast","Defragment+1","Self Repair","Darkness+1","Defragment+1","Cold Snap","Cold Snap","Echo Form","Cold Snap","Turbo","Fission+1","Glacier","Coolheaded","Coolheaded","Loop+1","Heatsinks","Seek+1","Blizzard+1","White Noise","Blizzard","Apotheosis","Machine Learning","Capacitor"],"special_seed":0,"relics":["Cracked Core","NeowsBlessing","Symbiotic Virus","Golden Idol","Regal Pillow","Centennial Puzzle","Orichalcum","Inserter","Turnip","Letter Opener","Smiling Mask","Art of War","Coffee Dripper","Girya","Mango","Vajra","Happy Flower","Sundial"],"potions_floor_usage":[30,33,39,41,47,55,56],"damage_taken":[{"damage":0.0,"enemies":"Cultist","floor":1.0,"turns":1.0},{"damage":0.0,"enemies":"Jaw Worm","floor":4.0,"turns":1.0},{"damage":0.0,"enemies":"Gremlin Nob","floor":6.0,"turns":1.0},{"damage":10.0,"enemies":"Lagavulin","floor":8.0,"turns":5.0},{"damage":0.0,"enemies":"2 Louse","floor":11.0,"turns":2.0},{"damage":5.0,"enemies":"Gremlin Nob","floor":12.0,"turns":3.0},{"damage":3.0,"enemies":"Looter","floor":13.0,"turns":3.0},{"damage":12.0,"enemies":"Exordium Thugs","floor":14.0,"turns":3.0},{"damage":18.0,"enemies":"Hexaghost","floor":16.0,"turns":8.0},{"damage":21.0,"enemies":"Chosen","floor":18.0,"turns":6.0},{"damage":17.0,"enemies":"Colosseum Slavers","floor":20.0,"turns":6.0},{"damage":22.0,"enemies":"Colosseum Nobs","floor":20.0,"turns":7.0},{"damage":10,"enemies":"2 Thieves","floor":21,"turns":4},{"damage":16,"enemies":"Snake Plant","floor":29,"turns":4},{"damage":28,"enemies":"Gremlin Leader","floor":30,"turns":10},{"damage":11,"enemies":"Sentry and Sphere","floor":31,"turns":6},{"damage":12,"enemies":"Collector","floor":33,"turns":14},{"damage":8,"enemies":"Orb Walker","floor":35,"turns":5},{"damage":1,"enemies":"3 Shapes","floor":37,"turns":5},{"damage":28,"enemies":"2 Orb Walkers","floor":39,"turns":6},{"damage":0,"enemies":"Reptomancer","floor":41,"turns":3},{"damage":9,"enemies":"Giant Head","floor":45,"turns":10},{"damage":1,"enemies":"Maw","floor":47,"turns":6},{"damage":35,"enemies":"Time Eater","floor":50,"turns":11},{"damage":51,"enemies":"Awakened One","floor":51,"turns":11},{"damage":60,"enemies":"Shield and Spear","floor":55,"turns":7},{"damage":16,"enemies":"The Heart","floor":56,"turns":11}],"seed_played":"-721554321354628291","potions_obtained":[{"floor":1.0,"key":"FocusPotion"},{"floor":12.0,"key":"GamblersBrew"},{"floor":13.0,"key":"EssenceOfSteel"},{"floor":18.0,"key":"Fire Potion"},{"floor":21,"key":"FearPotion"},{"floor":30,"key":"PowerPotion"},{"floor":31,"key":"SteroidPotion"},{"floor":33,"key":"Explosive Potion"},{"floor":37,"key":"SmokeBomb"},{"floor":45,"key":"Block Potion"},{"floor":47,"key":"Block Potion"},{"floor":55,"key":"Ancient Potion"}],"is_trial":false,"path_per_floor":["M","?","?","M","$","E","$","E","T","R","M","E","M","M","R","B",null,"M","?","?","M","$","R","$","R","T","R","?","M","E","M","R","B",null,"M","$","M","?","?","R","E","R","T","R","E","$","M","?","R","B","B",null,"R","$","E","B",null],"character_chosen":"DEFECT","items_purchased":["Self Repair","Defragment","Coolheaded","Blizzard","White Noise","Apotheosis","Happy Flower","Capacitor"],"campfire_rested":2,"item_purchase_floors":[5,7,22,36,36,46,46,54],"current_hp_per_floor":[64,38,38,38,38,45,45,42,42,42,49,44,48,36,36,25,54,33,33,15,12,12,46,46,46,46,46,46,44,30,26,60,62,64,63,63,64,64,43,43,43,43,57,57,62,62,78,74,74,59,28,63,63,63,23,14],"gold":73,"neow_bonus":"THREE_ENEMY_KILL","is_prod":false,"is_daily":false,"chose_seed":false,"campfire_upgraded":8,"win_rate":0,"timestamp":1561020954,"path_taken":["M","?","?","M","$","E","$","E","T","R","M","E","M","?","R","BOSS","M","?","?","?","$","R","?","R","T","R","?","M","E","M","R","BOSS","M","$","M","?","?","R","E","R","T","R","E","$","M","?","R","BOSS","BOSS","R","$","E","BOSS"],"build_version":"2019-01-23","purchased_purges":3,"victory":true,"max_hp_per_floor":[71,71,64,64,64,64,64,64,64,64,64,64,64,64,64,64,64,64,64,64,64,64,64,64,64,64,64,64,64,64,64,64,64,64,64,64,64,64,64,64,64,64,78,78,78,78,78,74,74,74,74,74,74,74,74,74],"card_choices":[{"not_picked":["Streamline","Redo"],"picked":"Defragment","floor":1.0},{"not_picked":["Steam","Consume"],"picked":"Loop","floor":4.0},{"not_picked":["Skim","Fusion"],"picked":"Darkness","floor":6.0},{"not_picked":["Meteor Strike","Melter","Hologram"],"picked":"SKIP","floor":8.0},{"not_picked":["Leap","Reprogram"],"picked":"Cold Snap","floor":11.0},{"not_picked":["Aggregate","Rip and Tear","Sweeping Beam"],"picked":"SKIP","floor":12.0},{"not_picked":["Sweeping Beam","Darkness"],"picked":"Cold Snap","floor":13.0},{"not_picked":["Turbo","Lockon","Conserve Battery"],"picked":"SKIP","floor":14.0},{"not_picked":["All For One","Biased Cognition"],"picked":"Echo Form","floor":16.0},{"not_picked":["Hologram","Conserve Battery"],"picked":"Cold Snap","floor":18.0},{"not_picked":["Hologram","Stack"],"picked":"Fission","floor":20.0},{"not_picked":["Scrape","Redo"],"picked":"Glacier","floor":21},{"not_picked":["Streamline","Gash","Redo"],"picked":"SKIP","floor":29},{"not_picked":["Streamline","Gash","Redo"],"picked":"SKIP","floor":29},{"not_picked":["Cold Snap","Auto Shields"],"picked":"Loop","floor":30},{"not_picked":["Go for the Eyes+1","Heatsinks","Gash"],"picked":"SKIP","floor":31},{"not_picked":["Go for the Eyes+1","Gash"],"picked":"Heatsinks","floor":31},{"not_picked":["Rainbow","Machine Learning"],"picked":"Seek","floor":33},{"not_picked":["Scrape","Auto Shields+1","Turbo"],"picked":"SKIP","floor":35},{"not_picked":["Reprogram","Scrape","Compile Driver+1"],"picked":"SKIP","floor":37},{"not_picked":["Reprogram+1","Sweeping Beam"],"picked":"Blizzard","floor":45},{"not_picked":["Ball Lightning","Sunder"],"picked":"Machine Learning","floor":47},{"not_picked":["Conserve Battery","Barrage","Gash"],"picked":"SKIP","floor":55}],"player_experience":709939,"relics_obtained":[{"floor":6.0,"key":"Regal Pillow"},{"floor":8.0,"key":"Centennial Puzzle"},{"floor":12.0,"key":"Orichalcum"},{"floor":20.0,"key":"Turnip"},{"floor":20.0,"key":"Letter Opener"},{"floor":26,"key":"Smiling Mask"},{"floor":30,"key":"Art of War"},{"floor":39,"key":"Girya"},{"floor":43,"key":"Mango"},{"floor":45,"key":"Vajra"},{"floor":55,"key":"Sundial"}],"event_choices":[{"damage_healed":0.0,"max_hp_gain":0.0,"max_hp_loss":0.0,"gold_gain":0.0,"event_name":"Scrap Ooze","player_choice":"Success","floor":2.0,"gold_loss":0.0,"damage_taken":26.0,"relics_obtained":["Symbiotic Virus"]},{"damage_healed":0.0,"max_hp_gain":0.0,"max_hp_loss":7.0,"gold_gain":0.0,"event_name":"Golden Idol","player_choice":"Lose Max HP","floor":3.0,"gold_loss":0.0,"damage_taken":0.0,"relics_obtained":["Golden Idol"]},{"damage_healed":0.0,"max_hp_gain":0.0,"max_hp_loss":0.0,"gold_gain":0.0,"cards_transformed":["Strike_B","Strike_B"],"event_name":"Drug Dealer","player_choice":"Became Test Subject","floor":19.0,"gold_loss":0.0,"damage_taken":0.0,"cards_obtained":["Streamline","Turbo"]},{"damage_healed":0.0,"max_hp_gain":0.0,"max_hp_loss":0.0,"gold_gain":0.0,"event_name":"Colosseum","player_choice":"Fight","floor":20.0,"gold_loss":0.0,"damage_taken":0.0},{"damage_healed":0.0,"max_hp_gain":0.0,"max_hp_loss":0.0,"gold_gain":0.0,"event_name":"Colosseum","player_choice":"Fought Nobs","floor":20.0,"gold_loss":0.0,"damage_taken":0.0},{"damage_healed":0,"gold_gain":0,"player_choice":"Read","damage_taken":0,"max_hp_gain":0,"max_hp_loss":0,"event_name":"The Library","floor":28,"gold_loss":0,"cards_obtained":["Coolheaded"]},{"cards_removed":["Loop"],"damage_healed":0,"gold_gain":0,"player_choice":"Removed Power","damage_taken":0,"max_hp_gain":0,"max_hp_loss":0,"event_name":"Falling","floor":38,"gold_loss":0},{"damage_healed":0,"gold_gain":0,"player_choice":"Fight","damage_taken":0,"max_hp_gain":0,"max_hp_loss":0,"event_name":"Mysterious Sphere","floor":39,"gold_loss":0},{"damage_healed":0,"gold_gain":0,"player_choice":"Max HP","damage_taken":0,"max_hp_gain":0,"max_hp_loss":4,"event_name":"Winding Halls","floor":48,"gold_loss":0}],"is_beta":false,"boss_relics":[{"not_picked":["Pandora\u0027s Box","Nuclear Battery"],"picked":"Inserter"},{"not_picked":["Calling Bell","Fusion Hammer"],"picked":"Coffee Dripper"}],"items_purged_floors":[22,36,46],"is_endless":false,"potions_floor_spawned":[1,12,13,14,18,21,30,31,33,37,45,47,55],"ascension_level":20}