{"gold_per_floor":[117,42,58,58,69,69,97,97,97,116,116,116,148,166,166,243,243,254,267,267,279,21,21,54,4,4,4,4,4,54,54],"floor_reached":31,"playtime":804,"items_purged":["Strike_R","Anger"],"score":522,"play_id":"c91da587-5fa3-44e9-8809-ee4f9c97b677","local_time":"20190701214154","is_ascension_mode":true,"campfire_choices":[{"data":"Bash","floor":6,"key":"SMITH"},{"data":"Spot Weakness","floor":8,"key":"SMITH"},{"data":"Pommel Strike","floor":11,"key":"SMITH"},{"floor":15,"key":"REST"},{"data":"Power Through","floor":23,"key":"SMITH"},{"floor":29,"key":"REST"}],"neow_cost":"NONE","seed_source_timestamp":220084545669200,"circlet_count":0,"master_deck":["AscendersBane","Strike_R","Strike_R","Strike_R","Defend_R+1","Defend_R+1","Defend_R","Defend_R","Bash+1","Twin Strike","Spot Weakness+1","Pommel Strike+1","Impervious+1","Barricade","Power Through+1","Perfected Strike+1","Evolve","Clothesline+1"],"relics":["Burning Blood","NeowsBlessing","Singing Bowl","Blue Candle","Molten Egg 2","Snecko Eye","Membership Card","Ornamental Fan","Art of War","Mummified Hand"],"potions_floor_usage":[13,16,24,24],"damage_taken":[{"damage":0,"enemies":"Cultist","floor":1,"turns":1},{"damage":0,"enemies":"Jaw Worm","floor":3,"turns":1},{"damage":0,"enemies":"2 Louse","floor":5,"turns":1},{"damage":39,"enemies":"Lagavulin","floor":7,"turns":6},{"damage":9,"enemies":"2 Fungi Beasts","floor":10,"turns":3},{"damage":24,"enemies":"3 Sentries","floor":13,"turns":8},{"damage":5,"enemies":"Exordium Thugs","floor":14,"turns":5},{"damage":27,"enemies":"Slime Boss","floor":16,"turns":7},{"damage":0,"enemies":"Shell Parasite","floor":18,"turns":5},{"damage":22,"enemies":"Chosen","floor":19,"turns":7},{"damage":11,"enemies":"3 Cultists","floor":21,"turns":6},{"damage":49,"enemies":"Book of Stabbing","floor":24,"turns":8},{"damage":43,"enemies":"Slavers","floor":31,"turns":3}],"seed_played":"-806813651476941735","potions_obtained":[{"floor":10,"key":"Regen Potion"},{"floor":13,"key":"PowerPotion"},{"floor":16,"key":"SteroidPotion"},{"floor":19,"key":"PowerPotion"}],"is_trial":false,"path_per_floor":["M","$","M","?","M","R","E","R","T","M","R","?","E","M","R","B",null,"M","M","?","M","$","R","E","$","T","$","T","R","?","E"],"character_chosen":"IRONCLAD","items_purchased":["Membership Card","Evolve"],"campfire_rested":2,"item_purchase_floors":[22,22],"current_hp_per_floor":[74,74,75,75,75,75,44,44,44,41,41,18,15,18,41,20,64,72,56,56,51,51,51,8,8,8,8,8,32,32,0],"gold":54,"neow_bonus":"THREE_ENEMY_KILL","is_prod":false,"is_daily":false,"chose_seed":false,"campfire_upgraded":4,"win_rate":0,"timestamp":1561984914,"path_taken":["M","$","?","?","?","R","E","R","T","M","R","?","E","M","R","BOSS","M","M","?","M","$","R","E","?","T","?","?","R","?","E"],"build_version":"2019-01-23","purchased_purges":2,"victory":false,"max_hp_per_floor":[75,75,75,75,75,75,77,77,77,77,77,77,77,79,79,79,79,81,81,81,81,81,81,81,81,81,81,81,81,81,81],"card_choices":[{"not_picked":["Perfected Strike","Flex"],"picked":"Twin Strike","floor":1},{"not_picked":["Dropkick","Rupture"],"picked":"Anger","floor":3},{"not_picked":["Shockwave","Sword Boomerang"],"picked":"Spot Weakness","floor":5},{"not_picked":["Anger","Sentinel","Twin Strike"],"picked":"Singing Bowl","floor":7},{"not_picked":["Thunderclap","Entrench"],"picked":"Pommel Strike","floor":10},{"not_picked":["Havoc","Clothesline"],"picked":"Impervious","floor":13},{"not_picked":["Thunderclap+1","Combust","Headbutt+1"],"picked":"Singing Bowl","floor":14},{"not_picked":["Impervious","Berserk"],"picked":"Barricade","floor":16},{"not_picked":["Pummel+1","Combust","Flex"],"picked":"Singing Bowl","floor":18},{"not_picked":["Wild Strike+1","Anger+1"],"picked":"Power Through","floor":19},{"not_picked":["Spot Weakness","Clash+1"],"picked":"Perfected Strike+1","floor":21},{"not_picked":["Body Slam+1","Evolve+1"],"picked":"Clothesline+1","floor":24}],"player_experience":893211,"relics_obtained":[{"floor":7,"key":"Singing Bowl"},{"floor":9,"key":"Blue Candle"},{"floor":13,"key":"Molten Egg 2"},{"floor":24,"key":"Ornamental Fan"},{"floor":26,"key":"Art of War"},{"floor":28,"key":"Mummified Hand"}],"event_choices":[{"cards_removed":["Strike_R"],"damage_healed":0,"gold_gain":0,"player_choice":"Offered Basic","damage_taken":0,"max_hp_gain":0,"max_hp_loss":0,"event_name":"Bonfire Elementals","floor":4,"gold_loss":0},{"damage_healed":0,"gold_gain":0,"player_choice":"Entered Light","damage_taken":23,"max_hp_gain":0,"max_hp_loss":0,"event_name":"Shining Light","floor":12,"gold_loss":0,"cards_upgraded":["Defend_R","Defend_R"]},{"damage_healed":0,"gold_gain":0,"player_choice":"Upgraded","damage_taken":0,"max_hp_gain":0,"max_hp_loss":0,"event_name":"Upgrade Shrine","floor":20,"gold_loss":0,"cards_upgraded":["Impervious"]},{"damage_healed":0,"gold_gain":50,"player_choice":"Stole From Cult","damage_taken":0,"max_hp_gain":0,"max_hp_loss":0,"event_name":"Nest","floor":30,"gold_loss":0}],"is_beta":false,"boss_relics":[{"not_picked":["Empty Cage","Coffee Dripper"],"picked":"Snecko Eye"}],"items_purged_floors":[2,25],"is_endless":false,"potions_floor_spawned":[10,13,16,19],"killed_by":"Slavers","ascension_level":20}