{"gold_per_floor":[110,110,35,50,66,96,96,123,150,150,150,174,202,215,215,291,291,211],"floor_reached":18,"playtime":390,"items_purged":[],"score":356,"play_id":"97df5bca-bd36-4a8d-a7d1-3141f65af0c5","local_time":"20190628195238","is_ascension_mode":true,"campfire_choices":[{"floor":7,"key":"REST"},{"floor":11,"key":"REST"},{"data":"Streamline","floor":15,"key":"SMITH"}],"neow_cost":"NONE","seed_source_timestamp":150747947069000,"circlet_count":0,"master_deck":["AscendersBane","Defend_B","Defend_B","Defend_B","Zap","Dualcast","Streamline+1","Amplify","Hologram","Loop","Coolheaded","Capacitor","White Noise","Coolheaded","Creative AI","Skim+1","Multi-Cast+1","Heatsinks+1"],"relics":["Cracked Core","NeowsBlessing","Regal Pillow","Potion Belt","PreservedInsect","Bag of Preparation","Omamori","Astrolabe"],"potions_floor_usage":[16,16,16],"damage_taken":[{"damage":0,"enemies":"Small Slimes","floor":1,"turns":1},{"damage":0,"enemies":"2 Louse","floor":4,"turns":1},{"damage":0,"enemies":"Jaw Worm","floor":5,"turns":1},{"damage":56,"enemies":"Gremlin Nob","floor":6,"turns":5},{"damage":26,"enemies":"Lagavulin","floor":8,"turns":8},{"damage":36,"enemies":"Gremlin Nob","floor":13,"turns":4},{"damage":6,"enemies":"2 Fungi Beasts","floor":14,"turns":4},{"damage":8,"enemies":"Hexaghost","floor":16,"turns":9},{"damage":40,"enemies":"2 Thieves","floor":18,"turns":3}],"seed_played":"8046170028100028788","potions_obtained":[{"floor":1,"key":"Energy Potion"},{"floor":5,"key":"Dexterity Potion"},{"floor":14,"key":"LiquidBronze"},{"floor":16,"key":"LiquidBronze"}],"is_trial":false,"path_per_floor":["M","?","?","M","M","E","R","E","T","?","R","T","E","M","R","B",null,"M"],"character_chosen":"DEFECT","items_purchased":[],"campfire_rested":2,"item_purchase_floors":[],"current_hp_per_floor":[64,64,64,64,64,8,44,18,18,18,54,54,18,12,12,4,54,14],"gold":211,"neow_bonus":"THREE_ENEMY_KILL","is_prod":false,"is_daily":false,"chose_seed":false,"campfire_upgraded":1,"win_rate":0,"timestamp":1561719158,"path_taken":["M","?","?","M","M","E","R","E","T","?","R","?","E","M","R","BOSS","M"],"build_version":"2019-01-23","purchased_purges":0,"victory":false,"max_hp_per_floor":[71,71,71,71,71,71,71,71,71,71,71,71,71,71,71,71,71,71],"card_choices":[{"not_picked":["Double Energy","Rebound"],"picked":"Streamline","floor":1},{"not_picked":["Lockon","Hello World"],"picked":"Hologram","floor":4},{"not_picked":["Sweeping Beam","Compile Driver"],"picked":"Loop","floor":5},{"not_picked":["Force Field","Leap"],"picked":"Coolheaded","floor":6},{"not_picked":["Compile Driver","Stack"],"picked":"Capacitor","floor":8},{"not_picked":["Blizzard","Coolheaded"],"picked":"White Noise","floor":13},{"not_picked":["Sweeping Beam","Skim"],"picked":"Coolheaded","floor":14},{"not_picked":["Buffer","Meteor Strike"],"picked":"Creative AI","floor":16}],"player_experience":866305,"relics_obtained":[{"floor":6,"key":"Regal Pillow"},{"floor":8,"key":"Potion Belt"},{"floor":9,"key":"PreservedInsect"},{"floor":12,"key":"Bag of Preparation"},{"floor":13,"key":"Omamori"}],"event_choices":[{"damage_healed":0,"gold_gain":0,"cards_transformed":["Strike_B"],"player_choice":"Change","damage_taken":0,"max_hp_gain":0,"max_hp_loss":0,"event_name":"Living Wall","floor":2,"gold_loss":0,"cards_obtained":["Amplify"]},{"cards_removed":["Strike_B"],"damage_healed":0,"gold_gain":0,"player_choice":"Card Removal","damage_taken":0,"max_hp_gain":0,"max_hp_loss":0,"event_name":"The Cleric","floor":3,"gold_loss":75},{"damage_healed":0,"gold_gain":0,"player_choice":"Ignored","damage_taken":0,"max_hp_gain":0,"max_hp_loss":0,"event_name":"Shining Light","floor":10,"gold_loss":0}],"is_beta":false,"boss_relics":[{"not_picked":["Eternal Feather","White Beast Statue"],"picked":"Astrolabe"}],"items_purged_floors":[],"is_endless":false,"potions_floor_spawned":[1,5,14,16],"killed_by":"2 Thieves","ascension_level":20}