{"gold_per_floor":[113,113,0,18,18,18,45,45,45,45,78,78,113,132,132,205,205,225,242,242,242,262,262,288,306,382,394,140,157,157,190,190,263,263,273,93,93,93,113,113,138,138,165,165,176,136,146,164,164,164],"floor_reached":50,"playtime":2589,"items_purged":["Bullet Time","Noxious Fumes"],"score":1256,"play_id":"514cb0db-142b-450d-b3e9-ccfa68ea8d47","local_time":"20190715193839","is_ascension_mode":true,"campfire_choices":[{"data":"Deadly Poison","floor":6.0,"key":"SMITH"},{"data":"Neutralize","floor":8.0,"key":"SMITH"},{"data":"Footwork","floor":15.0,"key":"SMITH"},{"floor":23.0,"key":"REST"},{"floor":30.0,"key":"REST"},{"data":"Envenom","floor":32.0,"key":"SMITH"},{"data":"Footwork","floor":40.0,"key":"SMITH"},{"data":"Well Laid Plans","floor":42.0,"key":"SMITH"},{"floor":49.0,"key":"RECALL"}],"neow_cost":"NONE","seed_source_timestamp":234983674876800,"circlet_count":0,"master_deck":["AscendersBane","Survivor","Neutralize+1","Deadly Poison+1","Footwork","Footwork+1","Infinite Blades","Slice","Malaise","Well Laid Plans+1","Blade Dance","Flechettes","Outmaneuver","Envenom+1","Backflip","Unload","Backstab","Deflect","Backflip","Backflip","Bouncing Flask","Dodge and Roll","Footwork+1","Backflip","Heel Hook","Backflip","Night Terror","Concentrate","Dodge and Roll","Adrenaline","Catalyst","Backflip"],"special_seed":0,"relics":["Ring of the Snake","NeowsBlessing","Vajra","Lantern","PreservedInsect","Shuriken","Torii","Snake Skull","Pandora\u0027s Box","Strawberry","Pear","Ninja Scroll","Coffee Dripper","Ancient Tea Set","Pen Nib"],"potions_floor_usage":[50],"damage_taken":[{"damage":0.0,"enemies":"Jaw Worm","floor":1.0,"turns":1.0},{"damage":0.0,"enemies":"Cultist","floor":4.0,"turns":1.0},{"damage":0.0,"enemies":"3 Sentries","floor":7.0,"turns":2.0},{"damage":0.0,"enemies":"Lagavulin","floor":11.0,"turns":7.0},{"damage":4.0,"enemies":"3 Sentries","floor":13.0,"turns":7.0},{"damage":0.0,"enemies":"Small Slimes","floor":14.0,"turns":3.0},{"damage":22.0,"enemies":"Hexaghost","floor":16.0,"turns":9.0},{"damage":0.0,"enemies":"Spheric Guardian","floor":18.0,"turns":3.0},{"damage":15.0,"enemies":"2 Thieves","floor":19.0,"turns":4.0},{"damage":32.0,"enemies":"Sentry and Sphere","floor":22.0,"turns":6.0},{"damage":0.0,"enemies":"Gremlin Leader","floor":24.0,"turns":5.0},{"damage":3.0,"enemies":"Snake Plant","floor":25.0,"turns":6.0},{"damage":9.0,"enemies":"3 Cultists","floor":27.0,"turns":6.0},{"damage":8.0,"enemies":"Sentry and Sphere","floor":29.0,"turns":5.0},{"damage":2.0,"enemies":"Book of Stabbing","floor":31.0,"turns":8.0},{"damage":14.0,"enemies":"Collector","floor":33.0,"turns":11.0},{"damage":0.0,"enemies":"3 Shapes","floor":35.0,"turns":4.0},{"damage":40.0,"enemies":"3 Darklings","floor":39.0,"turns":7.0},{"damage":20.0,"enemies":"Nemesis","floor":41.0,"turns":5.0},{"damage":1.0,"enemies":"4 Shapes","floor":45.0,"turns":6.0},{"damage":1.0,"enemies":"Jaw Worm Horde","floor":47.0,"turns":5.0},{"damage":8.0,"enemies":"3 Darklings","floor":48.0,"turns":5.0},{"damage":14,"enemies":"Donu and Deca","floor":50,"turns":9}],"seed_played":"198045724832401061","potions_obtained":[{"floor":1.0,"key":"Poison Potion"},{"floor":7.0,"key":"Fire Potion"},{"floor":14.0,"key":"Ancient Potion"},{"floor":18.0,"key":"SpeedPotion"},{"floor":22.0,"key":"FearPotion"},{"floor":25.0,"key":"Dexterity Potion"},{"floor":27.0,"key":"Dexterity Potion"},{"floor":35.0,"key":"Regen Potion"},{"floor":46.0,"key":"Fruit Juice"},{"floor":46.0,"key":"PowerPotion"},{"floor":46.0,"key":"AttackPotion"},{"floor":48.0,"key":"Poison Potion"}],"is_trial":false,"path_per_floor":["M","?","$","M","$","R","E","R","T","?","E","?","E","M","R","B",null,"M","M","?","?","M","R","E","M","T","M","$","M","R","E","R","B",null,"M","$","T","?","M","R","E","R","T","?","M","?","M","M","R","B"],"character_chosen":"THE_SILENT","items_purchased":["Deadly Poison","Footwork","Footwork","Backflip","Heel Hook","Concentrate"],"campfire_rested":2,"item_purchase_floors":[3,3,28,28,28,36],"current_hp_per_floor":[59,59,59,59,59,59,59,59,59,59,59,54,50,50,50,28,57,57,42,42,42,10,29,36,33,43,34,34,26,50,48,48,34,71,71,71,71,71,46,46,26,26,26,26,25,30,29,21,21,7],"gold":164,"neow_bonus":"THREE_ENEMY_KILL","is_prod":false,"is_daily":false,"chose_seed":false,"campfire_upgraded":6,"win_rate":0,"timestamp":1563187119,"path_taken":["M","?","?","M","$","R","E","R","T","?","E","?","E","M","R","BOSS","M","M","?","?","M","R","E","?","T","?","$","M","R","E","R","BOSS","M","$","?","?","M","R","E","R","T","?","M","?","?","M","R","BOSS"],"build_version":"2019-07-05","purchased_purges":2,"victory":false,"max_hp_per_floor":[66,66,66,66,66,66,66,66,66,66,66,66,66,66,66,66,66,66,66,66,66,66,66,73,73,83,83,83,83,83,83,83,83,83,83,83,83,83,83,83,83,83,83,83,83,88,88,88,88,88],"card_choices":[{"not_picked":["Flying Knee","Blade Dance","Prepared"],"picked":"SKIP","floor":1.0},{"not_picked":["Bane","Distraction"],"picked":"Footwork","floor":4.0},{"not_picked":["Leg Sweep","Eviscerate"],"picked":"Infinite Blades","floor":7.0},{"not_picked":["Reflex","PiercingWail"],"picked":"Slice","floor":11.0},{"not_picked":["Concentrate","Distraction","Flying Knee"],"picked":"SKIP","floor":13.0},{"not_picked":["Bane","Dash","Unload"],"picked":"SKIP","floor":14.0},{"not_picked":["Tools of the Trade","Die Die Die"],"picked":"Malaise","floor":16.0},{"not_picked":["Distraction","Flying Knee"],"picked":"Noxious Fumes","floor":18.0},{"not_picked":["Dagger Throw","Riddle With Holes","Outmaneuver"],"picked":"SKIP","floor":19.0},{"not_picked":["Tactician","Poisoned Stab"],"picked":"Backflip","floor":22.0},{"not_picked":["Venomology","Masterful Stab"],"picked":"Backflip","floor":24.0},{"not_picked":["Quick Slash","Crippling Poison"],"picked":"Bouncing Flask","floor":25.0},{"not_picked":["Dagger Throw","Underhanded Strike"],"picked":"Dodge and Roll","floor":27.0},{"not_picked":["Acrobatics+1","Flying Knee"],"picked":"Backflip","floor":29.0},{"not_picked":["Well Laid Plans","Backflip","Expertise"],"picked":"SKIP","floor":31.0},{"not_picked":["Bullet Time","Unload"],"picked":"Night Terror","floor":33.0},{"not_picked":["Underhanded Strike","Endless Agony","Deadly Poison+1"],"picked":"SKIP","floor":35.0},{"not_picked":["Underhanded Strike","Sucker Punch","Infinite Blades"],"picked":"SKIP","floor":39.0},{"not_picked":["PiercingWail","Sucker Punch"],"picked":"Dodge and Roll","floor":41.0},{"not_picked":["Flying Knee+1","Dodge and Roll"],"picked":"Adrenaline","floor":45.0},{"not_picked":["PiercingWail","Acrobatics"],"picked":"Catalyst","floor":47.0},{"not_picked":["Accuracy+1","Dagger Spray"],"picked":"Backflip","floor":48.0}],"player_experience":1049209,"relics_obtained":[{"floor":7.0,"key":"Lantern"},{"floor":9.0,"key":"PreservedInsect"},{"floor":11.0,"key":"Shuriken"},{"floor":13.0,"key":"Snake Skull"},{"floor":24.0,"key":"Strawberry"},{"floor":26.0,"key":"Pear"},{"floor":31.0,"key":"Ninja Scroll"},{"floor":37.0,"key":"Ancient Tea Set"},{"floor":41.0,"key":"Pen Nib"}],"event_choices":[{"damage_healed":0.0,"max_hp_gain":0.0,"max_hp_loss":0.0,"gold_gain":0.0,"event_name":"WeMeetAgain","player_choice":"Gave Potion","floor":2.0,"gold_loss":0.0,"damage_taken":0.0,"relics_obtained":["Vajra"]},{"damage_healed":0.0,"max_hp_gain":0.0,"max_hp_loss":0.0,"gold_gain":0.0,"event_name":"Liars Game","player_choice":"Ignored","floor":10.0,"gold_loss":0.0,"damage_taken":0.0},{"damage_healed":0.0,"max_hp_gain":0.0,"max_hp_loss":0.0,"gold_gain":0.0,"event_name":"Scrap Ooze","player_choice":"Success","floor":12.0,"gold_loss":0.0,"damage_taken":5.0,"relics_obtained":["Torii"]},{"damage_healed":0.0,"max_hp_gain":0.0,"max_hp_loss":0.0,"gold_gain":0.0,"event_name":"Ghosts","player_choice":"Ignored","floor":20.0,"gold_loss":0.0,"damage_taken":0.0},{"damage_healed":0.0,"max_hp_gain":0.0,"max_hp_loss":0.0,"gold_gain":0.0,"event_name":"The Mausoleum","player_choice":"Ignored","floor":21.0,"gold_loss":0.0,"damage_taken":0.0},{"damage_healed":0.0,"max_hp_gain":0.0,"max_hp_loss":0.0,"gold_gain":0.0,"event_name":"Mysterious Sphere","player_choice":"Ignored","floor":38.0,"gold_loss":0.0,"damage_taken":0.0},{"damage_healed":0.0,"max_hp_gain":0.0,"max_hp_loss":0.0,"gold_gain":0.0,"event_name":"Tomb of Lord Red Mask","player_choice":"Ignored","floor":44.0,"gold_loss":0.0,"damage_taken":0.0},{"damage_healed":0.0,"max_hp_gain":0.0,"max_hp_loss":0.0,"gold_gain":0.0,"event_name":"The Woman in Blue","player_choice":"Bought 3 Potions","floor":46.0,"gold_loss":0.0,"damage_taken":0.0}],"is_beta":false,"boss_relics":[{"not_picked":["WristBlade","Calling Bell"],"picked":"Pandora\u0027s Box"},{"not_picked":["Runic Pyramid","Velvet Choker"],"picked":"Coffee Dripper"}],"items_purged_floors":[28,36],"is_endless":false,"potions_floor_spawned":[1,7,14,18,22,25,27,35,48],"killed_by":"Donu and Deca","ascension_level":20}