{"gold_per_floor":[109,7,27,27,38,38,70,70,70,70,84,113,113,132,132,132],"floor_reached":16,"playtime":719,"items_purged":[],"score":220,"play_id":"b8955f22-df6a-4537-a897-037621c45ba1","local_time":"20190711233551","is_ascension_mode":true,"campfire_choices":[{"floor":6,"key":"REST"},{"floor":10,"key":"REST"},{"data":"Noxious Fumes","floor":13,"key":"SMITH"},{"data":"Deadly Poison","floor":15,"key":"SMITH"}],"neow_cost":"NONE","seed_source_timestamp":79933900317276,"circlet_count":0,"master_deck":["AscendersBane","Strike_G","Strike_G","Strike_G","Strike_G","Strike_G","Defend_G","Defend_G","Defend_G","Defend_G+1","Defend_G","Survivor","Neutralize","Dagger Spray","Deadly Poison+1","Riddle With Holes","Sucker Punch","Noxious Fumes+1","PiercingWail+1","Die Die Die+1"],"relics":["Ring of the Snake","Pantograph","Gremlin Horn","Molten Egg 2","War Paint"],"potions_floor_usage":[7,12],"damage_taken":[{"damage":1,"enemies":"Small Slimes","floor":1,"turns":4},{"damage":7,"enemies":"2 Louse","floor":3,"turns":3},{"damage":9,"enemies":"Jaw Worm","floor":5,"turns":5},{"damage":22,"enemies":"Gremlin Nob","floor":7,"turns":4},{"damage":0,"enemies":"Exordium Thugs","floor":11,"turns":3},{"damage":17,"enemies":"3 Sentries","floor":12,"turns":5},{"damage":3,"enemies":"Looter","floor":14,"turns":4},{"damage":47,"enemies":"Hexaghost","floor":16,"turns":9}],"seed_played":"5246146793527460660","potions_obtained":[{"floor":1,"key":"FearPotion"},{"floor":11,"key":"SteroidPotion"},{"floor":14,"key":"SpeedPotion"}],"is_trial":false,"path_per_floor":["M","$","M","?","M","R","E","?","T","R","M","E","R","M","R","B"],"character_chosen":"THE_SILENT","items_purchased":["Deadly Poison","Riddle With Holes"],"campfire_rested":2,"item_purchase_floors":[2,2],"current_hp_per_floor":[64,64,57,31,22,43,21,21,21,42,42,25,25,22,22,0],"gold":132,"neow_bonus":"TEN_PERCENT_HP_BONUS","is_prod":false,"is_daily":false,"chose_seed":false,"campfire_upgraded":2,"win_rate":0,"timestamp":1562880951,"path_taken":["M","$","M","?","M","R","E","?","T","R","M","E","R","M","R","BOSS"],"build_version":"2019-07-05","purchased_purges":0,"victory":false,"max_hp_per_floor":[72,72,72,72,72,72,72,72,72,72,72,72,72,72,72,72],"card_choices":[{"not_picked":["Riddle With Holes","Dodge and Roll"],"picked":"Dagger Spray","floor":1},{"not_picked":["Expertise","Deflect","Acrobatics"],"picked":"SKIP","floor":3},{"not_picked":["Distraction","Deflect"],"picked":"Sucker Punch","floor":5},{"not_picked":["Bane","Predator"],"picked":"Noxious Fumes","floor":7},{"not_picked":["Concentrate","Sucker Punch+1"],"picked":"PiercingWail","floor":12},{"not_picked":["PiercingWail","Dagger Spray+1"],"picked":"Die Die Die+1","floor":14}],"player_experience":1211637,"relics_obtained":[{"floor":7,"key":"Gremlin Horn"},{"floor":9,"key":"Molten Egg 2"},{"floor":12,"key":"War Paint"}],"event_choices":[{"damage_healed":0,"gold_gain":0,"player_choice":"Success","damage_taken":26,"relics_obtained":["Pantograph"],"max_hp_gain":0,"max_hp_loss":0,"event_name":"Scrap Ooze","floor":4,"gold_loss":0},{"damage_healed":0,"gold_gain":0,"player_choice":"Searched \u00270\u0027 times","damage_taken":0,"max_hp_gain":0,"max_hp_loss":0,"event_name":"Dead Adventurer","floor":8,"gold_loss":0}],"is_beta":false,"boss_relics":[],"items_purged_floors":[],"is_endless":false,"potions_floor_spawned":[1,11,14],"killed_by":"Hexaghost","ascension_level":20}