{"gold_per_floor":[116,116,116,266,342,373,392,392,415,287,316,329,362,382,382,459,459,472,522,205,234,504,504,517,537,613,613,31,31,47,62,62,138,138,149,149,57,75,75,75,100,116,171,197,197,223,223,239,239,239,239,239,239,16,46,46],"floor_reached":56,"playtime":2361,"items_purged":["Doubt","Strike_B","Doubt","Strike_B","Normality"],"score":2002,"play_id":"d77d10fe-57d0-4f93-a8b2-099db0338313","local_time":"20190612141240","is_ascension_mode":true,"campfire_choices":[{"data":"Sunder","floor":8,"key":"SMITH"},{"data":"Defragment","floor":15,"key":"SMITH"},{"floor":23,"key":"REST"},{"data":"Consume","floor":27,"key":"SMITH"},{"floor":29,"key":"REST"},{"floor":32,"key":"REST"},{"data":"Recycle","floor":40,"key":"SMITH"},{"floor":45,"key":"REST"},{"floor":47,"key":"RECALL"},{"data":"Loop","floor":49,"key":"SMITH"},{"data":"Buffer","floor":53,"key":"SMITH"}],"neow_cost":"NONE","seed_source_timestamp":345022910160900,"circlet_count":0,"master_deck":["AscendersBane","Strike_B","Defend_B","Defend_B","Defend_B","Defend_B","Zap","Dualcast","Ball Lightning","Sunder+1","Capacitor","Defragment+1","Echo Form","Coolheaded","Buffer+1","Turbo","Darkness+1","Consume+1","Self Repair","Apotheosis+1","Recycle+1","Cold Snap","Biased Cognition","Loop+1","Multi-Cast+1","Cold Snap","Capacitor+1","BootSequence+1","Coolheaded+1","Glacier+1"],"relics":["Cracked Core","NeowsBlessing","Darkstone Periapt","Singing Bowl","Vajra","Smiling Mask","Potion Belt","Happy Flower","Cursed Key","ClockworkSouvenir","Red Mask","Cables","Runic Capacitor","Runic Pyramid","Toxic Egg 2","Juzu Bracelet","Frozen Egg 2","Sundial"],"potions_floor_usage":[13,16,18,21,24,33,38,44,51,51,56,56,56],"damage_taken":[{"damage":0,"enemies":"Jaw Worm","floor":1,"turns":1},{"damage":0,"enemies":"Gremlin Nob","floor":6,"turns":1},{"damage":0,"enemies":"2 Louse","floor":7,"turns":1},{"damage":35,"enemies":"3 Sentries","floor":11,"turns":7},{"damage":0,"enemies":"Cultist","floor":12,"turns":2},{"damage":10,"enemies":"Lagavulin","floor":13,"turns":7},{"damage":0,"enemies":"2 Fungi Beasts","floor":14,"turns":2},{"damage":7,"enemies":"Hexaghost","floor":16,"turns":9},{"damage":16,"enemies":"3 Byrds","floor":18,"turns":5},{"damage":2,"enemies":"Masked Bandits","floor":21,"turns":4},{"damage":3,"enemies":"2 Thieves","floor":24,"turns":4},{"damage":14,"enemies":"Shelled Parasite and Fungi","floor":25,"turns":5},{"damage":3,"enemies":"Centurion and Healer","floor":30,"turns":5},{"damage":12,"enemies":"Cultist and Chosen","floor":31,"turns":5},{"damage":52,"enemies":"Collector","floor":33,"turns":7},{"damage":35,"enemies":"3 Darklings","floor":35,"turns":6},{"damage":18,"enemies":"Orb Walker","floor":38,"turns":4},{"damage":4,"enemies":"Giant Head","floor":41,"turns":9},{"damage":24,"enemies":"4 Shapes","floor":42,"turns":4},{"damage":27,"enemies":"Reptomancer","floor":44,"turns":3},{"damage":59,"enemies":"Nemesis","floor":46,"turns":9},{"damage":0,"enemies":"Spire Growth","floor":48,"turns":8},{"damage":44,"enemies":"Donu and Deca","floor":50,"turns":10},{"damage":41,"enemies":"Awakened One","floor":51,"turns":17},{"damage":70,"enemies":"Shield and Spear","floor":55,"turns":11},{"damage":34,"enemies":"The Heart","floor":56,"turns":2}],"seed_played":"2262567053085176362","potions_obtained":[{"floor":7,"key":"FearPotion"},{"floor":12,"key":"SpeedPotion"},{"floor":16,"key":"Fire Potion"},{"floor":18,"key":"Swift Potion"},{"floor":24,"key":"Energy Potion"},{"floor":31,"key":"AttackPotion"},{"floor":39,"key":"Weak Potion"},{"floor":39,"key":"PowerPotion"},{"floor":41,"key":"FocusPotion"},{"floor":42,"key":"LiquidBronze"},{"floor":48,"key":"LiquidBronze"}],"is_trial":false,"path_per_floor":["M","?","?","?","T","E","M","R","T","$","E","M","E","M","R","B",null,"M","?","$","?","?","R","M","M","T","R","$","R","M","M","R","B",null,"M","?","$","M","?","R","E","M","T","E","R","E","R","M","R","B","B",null,"R","$","E","B"],"character_chosen":"DEFECT","items_purchased":["Capacitor","ClockworkSouvenir","PowerPotion","Runic Capacitor","Self Repair","Apotheosis","Recycle","Loop","Glacier+1","LiquidBronze"],"campfire_rested":4,"item_purchase_floors":[10,20,20,28,28,28,28,37,54,54],"current_hp_per_floor":[64,53,46,52,52,52,52,52,52,52,17,19,9,9,9,2,60,44,44,44,42,14,37,34,22,28,28,28,54,58,48,74,42,77,64,64,64,68,68,68,84,80,86,59,88,49,49,69,69,45,24,80,80,80,32,0],"gold":46,"neow_bonus":"THREE_ENEMY_KILL","is_prod":false,"is_daily":false,"chose_seed":false,"campfire_upgraded":6,"win_rate":0,"timestamp":1560316360,"path_taken":["M","?","?","?","?","E","M","R","T","$","E","?","E","M","R","BOSS","M","?","$","?","?","R","M","?","T","R","$","R","M","M","R","BOSS","M","?","$","?","?","R","E","M","T","E","R","E","R","M","R","BOSS","BOSS","R","$","E","BOSS"],"build_version":"2019-01-23","purchased_purges":5,"victory":false,"max_hp_per_floor":[71,71,71,77,77,77,77,77,77,77,77,79,79,79,79,79,79,79,79,79,79,79,79,79,81,87,87,87,87,87,89,89,89,89,91,91,91,93,93,93,93,93,99,99,99,99,99,99,99,99,99,99,99,99,101,101],"card_choices":[{"not_picked":["Beam Cell","BootSequence","Stack"],"picked":"SKIP","floor":1},{"not_picked":["Barrage","Hologram"],"picked":"Ball Lightning","floor":6},{"not_picked":["Ball Lightning","Barrage"],"picked":"Sunder","floor":7},{"not_picked":["Ball Lightning","Hologram"],"picked":"Defragment","floor":11},{"not_picked":["Leap","Barrage","Beam Cell"],"picked":"Singing Bowl","floor":12},{"not_picked":["Consume","Hologram"],"picked":"Echo Form","floor":13},{"not_picked":["Chaos","Beam Cell"],"picked":"Coolheaded","floor":14},{"not_picked":["Thunder Strike","All For One"],"picked":"Buffer","floor":16},{"not_picked":["Go for the Eyes","Hello World"],"picked":"Turbo","floor":18},{"not_picked":["Hologram","Turbo"],"picked":"Darkness+1","floor":21},{"not_picked":["Ball Lightning","Stack"],"picked":"Consume","floor":24},{"not_picked":["Gash","Stack","Fusion"],"picked":"Singing Bowl","floor":25},{"not_picked":["Stack+1","Beam Cell"],"picked":"Cold Snap","floor":30},{"not_picked":["Lockon","Leap+1","Gash+1"],"picked":"Singing Bowl","floor":31},{"not_picked":["Fission","Hyperbeam"],"picked":"Biased Cognition","floor":33},{"not_picked":["Steam+1","Sweeping Beam","Barrage"],"picked":"Singing Bowl","floor":35},{"not_picked":["Redo","Gash","Sweeping Beam"],"picked":"Singing Bowl","floor":38},{"not_picked":["Rainbow","Sweeping Beam+1"],"picked":"Multi-Cast","floor":41},{"not_picked":["Beam Cell+1","Conserve Battery+1"],"picked":"Cold Snap","floor":42},{"not_picked":["Turbo+1","Gash"],"picked":"Capacitor+1","floor":44},{"not_picked":["Defragment","Static Discharge"],"picked":"BootSequence+1","floor":46},{"not_picked":["Streamline","Sweeping Beam+1"],"picked":"Coolheaded+1","floor":48},{"not_picked":["Gash","Melter","Beam Cell"],"picked":"Singing Bowl","floor":55}],"player_experience":603498,"relics_obtained":[{"floor":5,"key":"Singing Bowl"},{"floor":6,"key":"Vajra"},{"floor":9,"key":"Smiling Mask"},{"floor":11,"key":"Potion Belt"},{"floor":13,"key":"Happy Flower"},{"floor":21,"key":"Red Mask"},{"floor":26,"key":"Cables"},{"floor":41,"key":"Toxic Egg 2"},{"floor":44,"key":"Juzu Bracelet"},{"floor":46,"key":"Frozen Egg 2"},{"floor":55,"key":"Sundial"}],"event_choices":[{"damage_healed":0,"gold_gain":0,"player_choice":"Success","damage_taken":11,"relics_obtained":["Darkstone Periapt"],"max_hp_gain":0,"max_hp_loss":0,"event_name":"Scrap Ooze","floor":2,"gold_loss":0},{"cards_removed":["Strike_B"],"damage_healed":0,"gold_gain":0,"player_choice":"Card Removal","damage_taken":7,"max_hp_gain":0,"max_hp_loss":0,"event_name":"Golden Wing","floor":3,"gold_loss":0},{"damage_healed":0,"gold_gain":150,"player_choice":"AGREE","damage_taken":0,"max_hp_gain":0,"max_hp_loss":0,"event_name":"Liars Game","floor":4,"gold_loss":0,"cards_obtained":["Doubt"]},{"damage_healed":0,"gold_gain":50,"player_choice":"Stole From Cult","damage_taken":0,"max_hp_gain":0,"max_hp_loss":0,"event_name":"Nest","floor":19,"gold_loss":0},{"damage_healed":0,"gold_gain":0,"player_choice":"Fought Bandits","damage_taken":0,"max_hp_gain":0,"max_hp_loss":0,"event_name":"Masked Bandits","floor":21,"gold_loss":0},{"damage_healed":0,"gold_gain":270,"player_choice":"GOLD GOLD GOLD ","damage_taken":28,"max_hp_gain":0,"max_hp_loss":0,"event_name":"Knowing Skull","floor":22,"potions_obtained":[],"gold_loss":0,"cards_obtained":[]},{"damage_healed":0,"gold_gain":0,"player_choice":"Forge","damage_taken":0,"max_hp_gain":0,"max_hp_loss":0,"event_name":"Accursed Blacksmith","floor":36,"gold_loss":0,"cards_upgraded":["Apotheosis"]},{"damage_healed":0,"gold_gain":0,"player_choice":"Got Potions","damage_taken":0,"max_hp_gain":0,"max_hp_loss":0,"event_name":"Lab","floor":39,"gold_loss":0}],"is_beta":false,"boss_relics":[{"not_picked":["Ectoplasm","White Beast Statue"],"picked":"Cursed Key"},{"not_picked":["Black Star","Velvet Choker"],"picked":"Runic Pyramid"}],"items_purged_floors":[10,20,28,37,54],"is_endless":false,"potions_floor_spawned":[7,12,16,18,24,31,41,42,48],"killed_by":"The Heart","ascension_level":20}