{"gold_per_floor":[110,110,35,47,47,83,83,99,99,99,130,171,171,196,196,289,289,303,318,5,24,45,45,89,89,114,153,168,201,201,232,244,351,363,388,425,437,449,57,93,93,126,149,173,198,236,254,292,292,292,292,292,292,34,73,73],"floor_reached":57,"playtime":2822,"items_purged":["Strike_B","Strike_B","Defend_B"],"score":3441,"play_id":"83b003d6-7875-48ef-b19c-60eb8caebfe8","local_time":"20190612175739","is_ascension_mode":true,"campfire_choices":[{"data":"Loop","floor":7,"key":"SMITH"},{"data":"Static Discharge","floor":10,"key":"SMITH"},{"data":"Defragment","floor":15,"key":"SMITH"},{"data":"Electrodynamics","floor":23,"key":"SMITH"},{"data":"Defragment","floor":25,"key":"SMITH"},{"data":"Defragment","floor":30,"key":"SMITH"},{"data":"Chill","floor":32,"key":"SMITH"},{"data":"Loop","floor":41,"key":"SMITH"},{"floor":49,"key":"RECALL"},{"data":"Buffer","floor":53,"key":"SMITH"}],"neow_cost":"NONE","seed_source_timestamp":358051657141200,"circlet_count":0,"master_deck":["AscendersBane","Defend_B","Defend_B","Defend_B","Zap","Dualcast","Cold Snap","Conserve Battery","Loop+1","Chill+1","Static Discharge+1","Ball Lightning","Defragment+1","Electrodynamics+1","Hologram+1","Self Repair","White Noise","Coolheaded+1","Defragment+1","Electrodynamics","Glacier","Defragment+1","Core Surge","Loop+1","Thunder Strike","Echo Form","Buffer+1","Heatsinks"],"relics":["Cracked Core","NeowsBlessing","Golden Idol","Pantograph","Odd Mushroom","FossilizedHelix","Philosopher\u0027s Stone","Bag of Preparation","Bag of Marbles","DataDisk","Prayer Wheel","Singing Bowl","MawBank","Snecko Eye","OrangePellets","Mummified Hand","Gremlin Horn","Anchor","Oddly Smooth Stone","Omamori","Blue Candle"],"potions_floor_usage":[12,18,18,18,24,51,51,56,56],"damage_taken":[{"damage":0,"enemies":"2 Louse","floor":1,"turns":1},{"damage":0,"enemies":"Small Slimes","floor":4,"turns":1},{"damage":0,"enemies":"Gremlin Nob","floor":6,"turns":1},{"damage":0,"enemies":"Cultist","floor":8,"turns":4},{"damage":14,"enemies":"The Mushroom Lair","floor":11,"turns":3},{"damage":19,"enemies":"3 Sentries","floor":12,"turns":8},{"damage":18,"enemies":"Exordium Thugs","floor":14,"turns":4},{"damage":5,"enemies":"The Guardian","floor":16,"turns":13},{"damage":0,"enemies":"2 Thieves","floor":18,"turns":3},{"damage":0,"enemies":"Spheric Guardian","floor":19,"turns":4},{"damage":0,"enemies":"Centurion and Healer","floor":21,"turns":3},{"damage":14,"enemies":"3 Cultists","floor":22,"turns":3},{"damage":10,"enemies":"Book of Stabbing","floor":24,"turns":4},{"damage":12,"enemies":"Gremlin Leader","floor":27,"turns":6},{"damage":0,"enemies":"Snake Plant","floor":28,"turns":3},{"damage":0,"enemies":"Slavers","floor":29,"turns":4},{"damage":0,"enemies":"Gremlin Leader","floor":31,"turns":4},{"damage":0,"enemies":"Champ","floor":33,"turns":10},{"damage":0,"enemies":"Orb Walker","floor":35,"turns":3},{"damage":0,"enemies":"3 Shapes","floor":36,"turns":3},{"damage":0,"enemies":"Giant Head","floor":40,"turns":17},{"damage":0,"enemies":"Reptomancer","floor":42,"turns":4},{"damage":0,"enemies":"Jaw Worm Horde","floor":44,"turns":3},{"damage":0,"enemies":"Transient","floor":45,"turns":6},{"damage":0,"enemies":"Nemesis","floor":46,"turns":5},{"damage":0,"enemies":"Sphere and 2 Shapes","floor":47,"turns":4},{"damage":0,"enemies":"Reptomancer","floor":48,"turns":4},{"damage":0,"enemies":"Donu and Deca","floor":50,"turns":5},{"damage":23,"enemies":"Time Eater","floor":51,"turns":12},{"damage":10,"enemies":"Shield and Spear","floor":55,"turns":4},{"damage":84,"enemies":"The Heart","floor":56,"turns":9}],"seed_played":"487892812910063406","potions_obtained":[{"floor":6,"key":"Regen Potion"},{"floor":12,"key":"Strength Potion"},{"floor":14,"key":"SteroidPotion"},{"floor":16,"key":"Fire Potion"},{"floor":18,"key":"Fruit Juice"},{"floor":22,"key":"FocusPotion"},{"floor":28,"key":"Fire Potion"},{"floor":29,"key":"Fire Potion"},{"floor":31,"key":"AttackPotion"},{"floor":42,"key":"Swift Potion"},{"floor":47,"key":"GamblersBrew"},{"floor":55,"key":"Poison Potion"}],"is_trial":false,"path_per_floor":["M","?","$","M","?","E","R","M","T","R","?","E","?","M","R","B",null,"M","M","$","M","M","R","E","R","T","E","M","E","R","E","R","B",null,"M","M","?","?","$","E","R","E","T","M","M","E","M","E","R","B","B",null,"R","$","E","B",null],"character_chosen":"DEFECT","items_purchased":["Loop","Bag of Preparation","Self Repair","OrangePellets","Loop","Heatsinks","PowerPotion"],"campfire_rested":0,"item_purchase_floors":[3,20,20,39,39,54,54],"current_hp_per_floor":[64,64,64,64,40,40,40,40,40,40,26,22,22,4,4,24,59,64,64,64,64,57,57,54,54,54,49,56,65,65,74,74,80,80,84,88,88,88,88,88,88,90,90,94,96,98,100,102,102,102,93,100,100,100,99,27],"gold":73,"neow_bonus":"THREE_ENEMY_KILL","is_prod":false,"is_daily":false,"chose_seed":false,"campfire_upgraded":9,"win_rate":0,"timestamp":1560329859,"path_taken":["M","?","$","M","?","E","R","M","T","R","?","E","?","M","R","BOSS","M","M","$","M","M","R","E","R","T","E","M","E","R","E","R","BOSS","M","?","?","?","$","E","R","E","T","?","M","E","M","E","R","BOSS","BOSS","R","$","E","BOSS"],"build_version":"2019-01-23","purchased_purges":3,"victory":true,"max_hp_per_floor":[71,71,71,71,71,71,71,71,71,71,71,71,71,71,71,71,71,76,76,76,76,76,76,76,76,76,76,76,78,78,80,80,80,80,84,88,88,88,88,88,88,90,90,94,96,98,100,102,102,102,102,102,102,102,104,104],"card_choices":[{"not_picked":["Go for the Eyes","Stack"],"picked":"Cold Snap","floor":1},{"not_picked":["Go for the Eyes","Stack"],"picked":"Chill","floor":4},{"not_picked":["Heatsinks","Gash"],"picked":"Static Discharge","floor":6},{"not_picked":["Beam Cell","Streamline","Sweeping Beam"],"picked":"SKIP","floor":8},{"not_picked":["Hyperbeam","Redo"],"picked":"Ball Lightning","floor":11},{"not_picked":["Lockon","Doom and Gloom","Leap"],"picked":"SKIP","floor":12},{"not_picked":["Steam","Ball Lightning","Beam Cell"],"picked":"SKIP","floor":14},{"not_picked":["Echo Form","Amplify"],"picked":"Electrodynamics","floor":16},{"not_picked":["Scrape","Ball Lightning"],"picked":"Hologram+1","floor":18},{"not_picked":["Beam Cell","Conserve Battery","Ball Lightning"],"picked":"SKIP","floor":19},{"not_picked":["Stack","Tempest"],"picked":"White Noise","floor":21},{"not_picked":["Rebound","Conserve Battery+1"],"picked":"Coolheaded+1","floor":22},{"not_picked":["Heatsinks+1","Turbo"],"picked":"Defragment","floor":24},{"not_picked":["Gash","White Noise"],"picked":"Electrodynamics","floor":27},{"not_picked":["Conserve Battery","Gash"],"picked":"Glacier","floor":28},{"not_picked":["Reprogram","Redo"],"picked":"Defragment","floor":28},{"not_picked":["Leap","Turbo","Electrodynamics"],"picked":"Singing Bowl","floor":29},{"not_picked":["Steam","Gash+1","Stack"],"picked":"Singing Bowl","floor":31},{"not_picked":["Rainbow","Hyperbeam"],"picked":"Core Surge","floor":33},{"not_picked":["Rebound+1","Streamline","Cold Snap"],"picked":"Singing Bowl","floor":35},{"not_picked":["Reinforced Body","Streamline","Self Repair"],"picked":"Singing Bowl","floor":35},{"not_picked":["Ball Lightning","Chaos","Redo"],"picked":"Singing Bowl","floor":36},{"not_picked":["Sweeping Beam","Steam","Fission"],"picked":"Singing Bowl","floor":36},{"not_picked":["Go for the Eyes","Coolheaded"],"picked":"Thunder Strike","floor":40},{"not_picked":["Stack","Steam","Lockon"],"picked":"Singing Bowl","floor":42},{"not_picked":["Conserve Battery","Compile Driver","Rebound"],"picked":"Singing Bowl","floor":44},{"not_picked":["Ball Lightning+1","Redo+1","Scrape"],"picked":"Singing Bowl","floor":44},{"not_picked":["Recycle","Compile Driver+1"],"picked":"Echo Form","floor":45},{"not_picked":["Leap+1","Force Field","Go for the Eyes"],"picked":"Singing Bowl","floor":45},{"not_picked":["Leap+1","Hello World","Redo"],"picked":"Singing Bowl","floor":46},{"not_picked":["Streamline","Scrape","Turbo"],"picked":"Singing Bowl","floor":47},{"not_picked":["Storm","Turbo"],"picked":"Buffer","floor":47},{"not_picked":["BootSequence+1","Doom and Gloom","FTL+1"],"picked":"Singing Bowl","floor":48},{"not_picked":["Darkness","Beam Cell+1","Cold Snap"],"picked":"Singing Bowl","floor":55}],"player_experience":610290,"relics_obtained":[{"floor":6,"key":"Pantograph"},{"floor":11,"key":"Odd Mushroom"},{"floor":12,"key":"FossilizedHelix"},{"floor":24,"key":"Bag of Marbles"},{"floor":26,"key":"DataDisk"},{"floor":27,"key":"Prayer Wheel"},{"floor":29,"key":"Singing Bowl"},{"floor":31,"key":"MawBank"},{"floor":40,"key":"Mummified Hand"},{"floor":42,"key":"Gremlin Horn"},{"floor":43,"key":"Anchor"},{"floor":46,"key":"Oddly Smooth Stone"},{"floor":48,"key":"Omamori"},{"floor":55,"key":"Blue Candle"}],"event_choices":[{"damage_healed":0,"gold_gain":0,"cards_transformed":["Strike_B"],"player_choice":"Change","damage_taken":0,"max_hp_gain":0,"max_hp_loss":0,"event_name":"Living Wall","floor":2,"gold_loss":0,"cards_obtained":["Conserve Battery"]},{"damage_healed":0,"gold_gain":0,"player_choice":"Take Damage","damage_taken":24,"relics_obtained":["Golden Idol"],"max_hp_gain":0,"max_hp_loss":0,"event_name":"Golden Idol","floor":5,"gold_loss":0},{"damage_healed":0,"gold_gain":0,"player_choice":"Fought Mushrooms","damage_taken":0,"max_hp_gain":0,"max_hp_loss":0,"event_name":"Mushrooms","floor":11,"gold_loss":0},{"damage_healed":0,"gold_gain":0,"player_choice":"1 cards matched","damage_taken":0,"max_hp_gain":0,"max_hp_loss":0,"event_name":"Match and Keep!","floor":13,"gold_loss":0,"cards_obtained":["Defragment"]},{"damage_healed":0,"gold_gain":0,"player_choice":"Ignored","damage_taken":0,"max_hp_gain":0,"max_hp_loss":0,"event_name":"Tomb of Lord Red Mask","floor":37,"gold_loss":0},{"cards_removed":["Strike_B"],"damage_healed":0,"gold_gain":0,"player_choice":"Purged","damage_taken":0,"max_hp_gain":0,"max_hp_loss":0,"event_name":"Purifier","floor":38,"gold_loss":0}],"is_beta":false,"boss_relics":[{"not_picked":["Eternal Feather","Tiny House"],"picked":"Philosopher\u0027s Stone"},{"not_picked":["Pandora\u0027s Box","Empty Cage"],"picked":"Snecko Eye"}],"items_purged_floors":[20,39,54],"is_endless":false,"potions_floor_spawned":[6,12,14,16,18,22,28,29,31,42,44,46,47,55],"ascension_level":20}