{"gold_per_floor":[110,129,147,167,167,167,167,183,183,33,50,61,61,75,75,178,178,190,139,139,149,161,161],"floor_reached":23,"playtime":1061,"items_purged":["Strike_G"],"score":187,"play_id":"17a850b2-7540-4f7e-b048-c3fb5eb7552b","local_time":"20190222102038","is_ascension_mode":false,"campfire_choices":[{"data":"Poisoned Stab","floor":6,"key":"SMITH"},{"floor":15,"key":"REST"}],"neow_cost":"NONE","seed_source_timestamp":245674255722831,"circlet_count":0,"master_deck":["Defend_G","Defend_G","Defend_G","Defend_G","Defend_G","Strike_G","Strike_G","Strike_G","Strike_G","Survivor","Neutralize","Poisoned Stab+1","Poisoned Stab","Deadly Poison","Bane","Bane","Catalyst","Poisoned Stab","Venomology","Deadly Poison+1"],"relics":["Ring of the Snake","NeowsBlessing","NlothsMask","Eternal Feather"],"potions_floor_usage":[14,21,23,23],"damage_taken":[{"damage":0,"enemies":"Cultist","floor":1,"turns":1},{"damage":0,"enemies":"2 Louse","floor":2,"turns":1},{"damage":0,"enemies":"Small Slimes","floor":3,"turns":1},{"damage":0,"enemies":"Red Slaver","floor":4,"turns":3},{"damage":12,"enemies":"Exordium Thugs","floor":8,"turns":5},{"damage":0,"enemies":"Large Slime","floor":11,"turns":4},{"damage":2,"enemies":"2 Fungi Beasts","floor":12,"turns":3},{"damage":2,"enemies":"Exordium Thugs","floor":14,"turns":4},{"damage":41,"enemies":"Hexaghost","floor":16,"turns":8},{"damage":14,"enemies":"3 Byrds","floor":18,"turns":6},{"damage":19,"enemies":"Spheric Guardian","floor":21,"turns":4},{"damage":20,"enemies":"Centurion and Healer","floor":22,"turns":6},{"damage":36,"enemies":"Book of Stabbing","floor":23,"turns":4}],"seed_played":"-4994293858445940853","potions_obtained":[{"floor":3,"key":"GamblersBrew"},{"floor":11,"key":"Block Potion"},{"floor":16,"key":"PowerPotion"},{"floor":21,"key":"Ancient Potion"}],"is_trial":false,"path_per_floor":["M","M","M","M","?","R","?","M","T","$","M","M","$","M","R","B",null,"M","$","?","M","M","E"],"character_chosen":"THE_SILENT","items_purchased":["Catalyst","PowerPotion"],"campfire_rested":1,"item_purchase_floors":[10,19],"current_hp_per_floor":[70,70,70,70,70,70,70,58,58,58,58,56,56,54,70,29,70,56,56,70,51,31,0],"gold":161,"neow_bonus":"THREE_ENEMY_KILL","is_prod":false,"is_daily":false,"chose_seed":false,"campfire_upgraded":1,"win_rate":0,"timestamp":1550823638,"path_taken":["M","M","?","?","?","R","?","?","T","?","M","M","?","M","R","BOSS","M","$","?","M","M","E"],"build_version":"2019-01-23","purchased_purges":1,"victory":false,"max_hp_per_floor":[70,70,70,70,70,70,70,70,70,70,70,70,70,70,70,70,70,70,70,70,70,70,70],"card_choices":[{"not_picked":["Bane","Acrobatics"],"picked":"Poisoned Stab","floor":1},{"not_picked":["Dash","Deflect"],"picked":"Poisoned Stab","floor":2},{"not_picked":["Underhanded Strike","Dodge and Roll"],"picked":"Deadly Poison","floor":3},{"not_picked":["Flying Knee","Accuracy"],"picked":"Bane","floor":4},{"not_picked":["Backflip","Cloak And Dagger"],"picked":"Bane","floor":8},{"not_picked":["Unload","Infinite Blades","Quick Slash"],"picked":"SKIP","floor":11},{"not_picked":["Underhanded Strike","Dagger Spray","Outmaneuver"],"picked":"SKIP","floor":12},{"not_picked":["Quick Slash","Underhanded Strike"],"picked":"Poisoned Stab","floor":14},{"not_picked":["Night Terror","Malaise"],"picked":"Venomology","floor":16},{"not_picked":["Distraction","Calculated Gamble","Dagger Throw"],"picked":"SKIP","floor":18},{"not_picked":["Quick Slash","Blade Dance+1"],"picked":"Deadly Poison+1","floor":21},{"not_picked":["Dodge and Roll+1","Sucker Punch","Deflect"],"picked":"SKIP","floor":22}],"player_experience":983712,"relics_obtained":[],"event_choices":[{"damage_healed":0,"gold_gain":0,"player_choice":"Ignored","damage_taken":0,"max_hp_gain":0,"max_hp_loss":0,"event_name":"Golden Wing","floor":5,"gold_loss":0},{"damage_healed":0,"gold_gain":0,"player_choice":"Trade","damage_taken":0,"relics_obtained":["NlothsMask"],"max_hp_gain":0,"max_hp_loss":0,"event_name":"FaceTrader","floor":7,"gold_loss":0},{"damage_healed":23,"gold_gain":0,"player_choice":"Heal","damage_taken":0,"max_hp_gain":0,"max_hp_loss":0,"event_name":"The Library","floor":20,"gold_loss":0}],"is_beta":false,"boss_relics":[{"not_picked":["Runic Dome","Empty Cage"],"picked":"Eternal Feather"}],"items_purged_floors":[10],"is_endless":false,"potions_floor_spawned":[3,11,16,21,22],"killed_by":"Book of Stabbing","ascension_level":0}