{"gold_per_floor":[110,110,124,138,138,138,164,174,174,201,212,222,222,235,235,306,306,324,336,355,372,29,29,64,64,64,75,75,75,85,118,118,118],"floor_reached":33,"playtime":2101,"items_purged":[],"score":512,"play_id":"8ea092d3-b0ae-4ee8-9917-06d1eda1d2bf","local_time":"20190513152017","is_ascension_mode":true,"campfire_choices":[{"data":"Neutralize","floor":6.0,"key":"SMITH"},{"data":"Noxious Fumes","floor":13.0,"key":"SMITH"},{"data":"Poisoned Stab","floor":15.0,"key":"SMITH"},{"floor":23.0,"key":"DIG"},{"data":"Wraith Form v2","floor":28.0,"key":"SMITH"},{"floor":32.0,"key":"DIG"}],"neow_cost":"NONE","seed_source_timestamp":101079724420345,"circlet_count":0,"master_deck":["AscendersBane","Defend_G","Defend_G","Defend_G","Defend_G","Defend_G","Strike_G","Strike_G","Survivor","Neutralize+1","Flying Knee","Poisoned Stab+1","Noxious Fumes+1","Poisoned Stab","All Out Attack","Masterful Stab","Deflect","Wraith Form v2+1","Unload+1","All Out Attack+1","Envenom+1","Cloak And Dagger+1","Noxious Fumes","Choke","Venomology+1","Acrobatics+1","Shame"],"special_seed":0,"relics":["Runic Dome","Orichalcum","Meat on the Bone","Nunchaku","Astrolabe","Shovel","Pear","Toxic Egg 2","MutagenicStrength","Sundial","Happy Flower","Juzu Bracelet","Pen Nib"],"potions_floor_usage":[33,33],"damage_taken":[{"damage":0.0,"enemies":"Small Slimes","floor":1.0,"turns":5.0},{"damage":0.0,"enemies":"Cultist","floor":3.0,"turns":4.0},{"damage":0.0,"enemies":"2 Louse","floor":4.0,"turns":3.0},{"damage":17.0,"enemies":"Gremlin Nob","floor":7.0,"turns":4.0},{"damage":8.0,"enemies":"Looter","floor":8.0,"turns":3.0},{"damage":9.0,"enemies":"3 Sentries","floor":10.0,"turns":7.0},{"damage":3.0,"enemies":"Blue Slaver","floor":11.0,"turns":3.0},{"damage":0.0,"enemies":"Exordium Thugs","floor":12.0,"turns":6.0},{"damage":1.0,"enemies":"Lots of Slimes","floor":14.0,"turns":3.0},{"damage":14.0,"enemies":"The Guardian","floor":16.0,"turns":10.0},{"damage":17.0,"enemies":"Shell Parasite","floor":18.0,"turns":5.0},{"damage":2.0,"enemies":"Chosen","floor":19.0,"turns":4.0},{"damage":10.0,"enemies":"3 Cultists","floor":20.0,"turns":4.0},{"damage":0.0,"enemies":"Snake Plant","floor":21.0,"turns":4.0},{"damage":5.0,"enemies":"Slavers","floor":24.0,"turns":5.0},{"damage":15.0,"enemies":"Centurion and Healer","floor":27.0,"turns":6.0},{"damage":0.0,"enemies":"3 Cultists","floor":30.0,"turns":4.0},{"damage":10.0,"enemies":"Book of Stabbing","floor":31.0,"turns":6.0},{"damage":52,"enemies":"Collector","floor":33,"turns":3}],"seed_played":"-2492637657925891959","potions_obtained":[{"floor":3.0,"key":"Explosive Potion"},{"floor":4.0,"key":"Ancient Potion"},{"floor":8.0,"key":"Weak Potion"},{"floor":12.0,"key":"Fire Potion"},{"floor":14.0,"key":"Block Potion"},{"floor":18.0,"key":"AttackPotion"},{"floor":20.0,"key":"SpeedPotion"},{"floor":24.0,"key":"GamblersBrew"},{"floor":30.0,"key":"Strength Potion"}],"is_trial":false,"path_per_floor":["M","?","M","M","?","R","E","M","T","E","M","M","R","M","R","B",null,"M","M","M","M","$","R","E","?","T","M","R","?","M","E","R","B"],"character_chosen":"THE_SILENT","items_purchased":["PowerPotion","Shovel"],"campfire_rested":0,"item_purchase_floors":[22,22],"current_hp_per_floor":[59,59,59,59,53,53,36,28,28,31,40,40,40,39,39,37,59,42,40,42,42,42,52,47,47,47,44,44,44,44,46,46,0],"gold":118,"neow_bonus":"BOSS_RELIC","is_prod":false,"is_daily":false,"chose_seed":false,"campfire_upgraded":4,"win_rate":0,"timestamp":1557753617,"path_taken":["M","?","M","M","?","R","E","M","T","E","M","M","R","M","R","BOSS","M","M","M","?","$","R","E","?","T","M","R","?","M","E","R","BOSS"],"build_version":"2019-01-23","purchased_purges":0,"victory":false,"max_hp_per_floor":[66,66,66,66,66,66,66,66,66,66,66,66,66,66,66,66,66,66,66,66,66,66,76,76,76,76,76,76,76,76,76,76,76],"card_choices":[{"not_picked":["Backstab","Escape Plan"],"picked":"Flying Knee","floor":1.0},{"not_picked":["Acrobatics","Cloak And Dagger"],"picked":"Poisoned Stab","floor":3.0},{"not_picked":["Prepared","Heel Hook"],"picked":"Noxious Fumes","floor":4.0},{"not_picked":["Deflect","Well Laid Plans"],"picked":"Poisoned Stab","floor":7.0},{"not_picked":["Poisoned Stab","Prepared"],"picked":"All Out Attack","floor":8.0},{"not_picked":["Envenom","Flying Knee","Backflip"],"picked":"SKIP","floor":10.0},{"not_picked":["Bouncing Flask","Bane"],"picked":"Masterful Stab","floor":12.0},{"not_picked":["Bane","Poisoned Stab"],"picked":"Deflect","floor":14.0},{"not_picked":["After Image","Night Terror"],"picked":"Wraith Form v2","floor":16.0},{"not_picked":["Flying Knee","Accuracy"],"picked":"Cloak And Dagger+1","floor":18.0},{"not_picked":["Deadly Poison+1","Skewer"],"picked":"Noxious Fumes","floor":19.0},{"not_picked":["Dagger Throw","Accuracy"],"picked":"Choke","floor":20.0},{"not_picked":["Skewer","Quick Slash"],"picked":"Venomology","floor":24.0},{"not_picked":["Caltrops","Leg Sweep+1"],"picked":"Acrobatics+1","floor":27.0}],"player_experience":847566,"relics_obtained":[{"floor":7.0,"key":"Orichalcum"},{"floor":9.0,"key":"Meat on the Bone"},{"floor":10.0,"key":"Nunchaku"},{"floor":23.0,"key":"Pear"},{"floor":24.0,"key":"Toxic Egg 2"},{"floor":26.0,"key":"Sundial"},{"floor":31.0,"key":"Juzu Bracelet"},{"floor":32.0,"key":"Pen Nib"}],"event_choices":[{"damage_healed":0.0,"max_hp_gain":0.0,"max_hp_loss":0.0,"gold_gain":0.0,"event_name":"Liars Game","player_choice":"Ignored","floor":2.0,"gold_loss":0.0,"damage_taken":0.0},{"damage_healed":0.0,"max_hp_gain":0.0,"max_hp_loss":0.0,"gold_gain":0.0,"event_name":"Wheel of Change","player_choice":"Damaged","floor":5.0,"gold_loss":0.0,"damage_taken":6.0},{"damage_healed":0.0,"max_hp_gain":0.0,"max_hp_loss":0.0,"gold_gain":0.0,"event_name":"Drug Dealer","player_choice":"Inject Mutagens","floor":25.0,"gold_loss":0.0,"damage_taken":0.0,"relics_obtained":["MutagenicStrength"]},{"damage_healed":0.0,"max_hp_gain":0.0,"max_hp_loss":0.0,"gold_gain":0.0,"event_name":"Addict","player_choice":"Stole Relic","floor":29.0,"gold_loss":0.0,"damage_taken":0.0,"relics_obtained":["Happy Flower"],"cards_obtained":["Shame"]}],"is_beta":false,"boss_relics":[{"not_picked":["Cursed Key","Orrery"],"picked":"Astrolabe"}],"items_purged_floors":[],"is_endless":false,"potions_floor_spawned":[3,4,8,12,14,18,20,24,30],"killed_by":"Collector","ascension_level":14}