{"gold_per_floor":[110,110,35,35,55,88,88,118,118,118,118,118,156,174,174,267,267,292,292,315,334,334,334,103,128,140,152,164],"floor_reached":28,"playtime":693,"items_purged":["Strike_R"],"score":484,"play_id":"681d04ca-a6c6-48a2-af61-a7d2903c3fcd","local_time":"20190702163304","is_ascension_mode":true,"campfire_choices":[{"data":"Bash","floor":7,"key":"SMITH"},{"floor":10,"key":"REST"},{"floor":12,"key":"REST"},{"floor":15,"key":"REST"},{"data":"Juggernaut","floor":23,"key":"SMITH"}],"neow_cost":"CURSE","seed_source_timestamp":288064738146200,"circlet_count":0,"master_deck":["AscendersBane","Strike_R","Strike_R","Strike_R","Strike_R","Defend_R","Defend_R+1","Defend_R","Defend_R","Bash+1","Fiend Fire+1","Power Through","Battle Trance+1","Juggernaut+1","Ghostly","Ghostly","Ghostly","Body Slam","Armaments","Finesse","Spot Weakness","Decay"],"relics":["Burning Blood","Bloody Idol","Letter Opener","Blood Vial","WingedGreaves","Dodecahedron","Cursed Key","MawBank"],"potions_floor_usage":[16,21,25,25],"damage_taken":[{"damage":17,"enemies":"2 Louse","floor":1,"turns":3},{"damage":7,"enemies":"Small Slimes","floor":5,"turns":3},{"damage":49,"enemies":"Gremlin Nob","floor":6,"turns":5},{"damage":20,"enemies":"Lagavulin","floor":13,"turns":5},{"damage":0,"enemies":"Cultist","floor":14,"turns":2},{"damage":34,"enemies":"The Guardian","floor":16,"turns":9},{"damage":23,"enemies":"Shell Parasite","floor":18,"turns":5},{"damage":4,"enemies":"2 Thieves","floor":20,"turns":4},{"damage":24,"enemies":"Shelled Parasite and Fungi","floor":21,"turns":6},{"damage":30,"enemies":"Slavers","floor":25,"turns":6},{"damage":34,"enemies":"3 Cultists","floor":28,"turns":4}],"seed_played":"5456490059290854401","potions_obtained":[{"floor":5,"key":"EssenceOfSteel"},{"floor":6,"key":"LiquidBronze"},{"floor":13,"key":"Fire Potion"},{"floor":20,"key":"Poison Potion"},{"floor":21,"key":"Regen Potion"}],"is_trial":false,"path_per_floor":["M","?","?","?","M","E","R","?","T","R","?","R","E","M","R","B",null,"M","?","M","M","?","R","$","E","T","T","M"],"character_chosen":"IRONCLAD","items_purchased":["Armaments","Finesse"],"campfire_rested":3,"item_purchase_floors":[24,24],"current_hp_per_floor":[57,57,57,57,56,13,13,13,13,33,13,33,21,29,49,23,57,42,34,34,16,16,16,16,14,19,24,0],"gold":164,"neow_bonus":"THREE_RARE_CARDS","is_prod":false,"is_daily":false,"chose_seed":false,"campfire_upgraded":2,"win_rate":0,"timestamp":1562052784,"path_taken":["M","?","?","?","?","E","R","?","T","R","?","R","E","M","R","BOSS","M","?","M","M","?","R","$","E","T","?","?"],"build_version":"2019-07-01","purchased_purges":1,"victory":false,"max_hp_per_floor":[75,68,68,68,68,68,68,68,68,68,68,68,68,68,68,68,68,68,34,34,34,34,34,34,34,34,34,34],"card_choices":[{"not_picked":["Exhume","Reaper"],"picked":"Fiend Fire","floor":0},{"not_picked":["Shrug It Off","Body Slam"],"picked":"Power Through","floor":1},{"not_picked":["Burning Pact","Warcry","Iron Wave"],"picked":"SKIP","floor":5},{"not_picked":["Hemokinesis","Warcry"],"picked":"Battle Trance","floor":6},{"not_picked":["Fire Breathing","Combust","Anger"],"picked":"SKIP","floor":13},{"not_picked":["Flex","Anger","Reckless Charge"],"picked":"SKIP","floor":14},{"not_picked":["Bludgeon","Double Tap"],"picked":"Juggernaut","floor":16},{"not_picked":["Iron Wave","Sever Soul","Thunderclap"],"picked":"SKIP","floor":18},{"not_picked":["Clothesline","Blood for Blood","Anger"],"picked":"SKIP","floor":20},{"not_picked":["Metallicize","Cleave+1"],"picked":"Body Slam","floor":21},{"not_picked":["Flex","Battle Trance"],"picked":"Spot Weakness","floor":25}],"player_experience":901638,"relics_obtained":[{"floor":6,"key":"Letter Opener"},{"floor":9,"key":"WingedGreaves"},{"floor":13,"key":"Dodecahedron"},{"floor":25,"key":"MawBank"}],"event_choices":[{"damage_healed":0,"gold_gain":0,"player_choice":"Lose Max HP","damage_taken":0,"relics_obtained":["Golden Idol"],"max_hp_gain":0,"max_hp_loss":7,"event_name":"Golden Idol","floor":2,"gold_loss":0},{"cards_removed":["Pain"],"damage_healed":0,"gold_gain":0,"player_choice":"Card Removal","damage_taken":0,"max_hp_gain":0,"max_hp_loss":0,"event_name":"The Cleric","floor":3,"gold_loss":75},{"damage_healed":0,"gold_gain":0,"player_choice":"Upgraded","damage_taken":0,"max_hp_gain":0,"max_hp_loss":0,"event_name":"Upgrade Shrine","floor":4,"gold_loss":0,"cards_upgraded":["Fiend Fire"]},{"damage_healed":0,"gold_gain":30,"player_choice":"Searched \u00272\u0027 times","damage_taken":0,"relics_obtained":["Blood Vial"],"max_hp_gain":0,"max_hp_loss":0,"event_name":"Dead Adventurer","floor":8,"gold_loss":0},{"damage_healed":0,"gold_gain":0,"player_choice":"Entered Light","damage_taken":20,"max_hp_gain":0,"max_hp_loss":0,"event_name":"Shining Light","floor":11,"gold_loss":0,"cards_upgraded":["Defend_R","Battle Trance"]},{"damage_healed":0,"gold_gain":0,"player_choice":"Became a Ghost","damage_taken":0,"max_hp_gain":0,"max_hp_loss":34,"event_name":"Ghosts","floor":19,"gold_loss":0,"cards_obtained":["Ghostly","Ghostly","Ghostly"]},{"damage_healed":0,"gold_gain":0,"player_choice":"Gave Idol","damage_taken":0,"relics_obtained":["Bloody Idol"],"max_hp_gain":0,"max_hp_loss":0,"event_name":"Forgotten Altar","floor":22,"relics_lost":["Golden Idol"],"gold_loss":0}],"is_beta":false,"boss_relics":[{"not_picked":["Lizard Tail","Runic Cube"],"picked":"Cursed Key"}],"items_purged_floors":[24],"is_endless":false,"potions_floor_spawned":[5,6,13,20,21],"killed_by":"3 Cultists","ascension_level":20}