{"gold_per_floor":[113,113,113,113,138,138,138,161,161,199,179,179,192,223,223,223],"floor_reached":16,"playtime":420,"items_purged":[],"score":216,"play_id":"6e1975c1-8c2c-4f6d-b965-577bcdb17b8c","local_time":"20190613162653","is_ascension_mode":true,"campfire_choices":[{"floor":6,"key":"REST"},{"data":"Defragment","floor":7,"key":"SMITH"},{"floor":12,"key":"REST"},{"data":"Consume","floor":15,"key":"SMITH"}],"neow_cost":"PERCENT_DAMAGE","seed_source_timestamp":5402574327500,"circlet_count":0,"master_deck":["AscendersBane","Strike_B","Strike_B","Strike_B+1","Defend_B","Defend_B","Defend_B","Defend_B+1","Zap","Dualcast","Defragment+1","Consume+1","Streamline","Conserve Battery","White Noise"],"relics":["Cracked Core","WingedGreaves","Golden Idol","Pocketwatch","Strawberry","Happy Flower"],"potions_floor_usage":[14,16],"damage_taken":[{"damage":9,"enemies":"Small Slimes","floor":1,"turns":4},{"damage":2,"enemies":"2 Louse","floor":5,"turns":2},{"damage":0,"enemies":"Cultist","floor":8,"turns":3},{"damage":22,"enemies":"Lagavulin","floor":10,"turns":6},{"damage":3,"enemies":"Exordium Wildlife","floor":13,"turns":3},{"damage":23,"enemies":"Gremlin Nob","floor":14,"turns":4},{"damage":11,"enemies":"Hexaghost","floor":16,"turns":7}],"seed_played":"4628480488356865697","potions_obtained":[{"floor":1,"key":"Weak Potion"},{"floor":10,"key":"Energy Potion"}],"is_trial":false,"path_per_floor":["M","?","?","?","M","R","R","M","T","E","?","R","M","E","R","B"],"character_chosen":"DEFECT","items_purchased":[],"campfire_rested":2,"item_purchase_floors":[],"current_hp_per_floor":[37,37,30,11,9,28,28,28,28,13,13,34,31,8,8,0],"gold":223,"neow_bonus":"ONE_RARE_RELIC","is_prod":false,"is_daily":false,"chose_seed":false,"campfire_upgraded":2,"win_rate":0,"timestamp":1560410813,"path_taken":["M","?","?","?","M","R","R","M","T","E","?","R","?","E","R","BOSS"],"build_version":"2019-01-23","purchased_purges":0,"victory":false,"max_hp_per_floor":[71,64,64,64,64,64,64,64,64,71,71,71,71,71,71,71],"card_choices":[{"not_picked":["Rip and Tear","Steam"],"picked":"Defragment","floor":1},{"not_picked":["Rebound","Barrage"],"picked":"Consume","floor":5},{"not_picked":["Go for the Eyes","Compile Driver"],"picked":"Streamline","floor":8},{"not_picked":["Fusion","Sunder"],"picked":"Conserve Battery","floor":10},{"not_picked":["Sweeping Beam","Auto Shields","Hologram"],"picked":"SKIP","floor":13},{"not_picked":["Leap","Barrage"],"picked":"White Noise","floor":14}],"player_experience":630582,"relics_obtained":[{"floor":9,"key":"Pocketwatch"},{"floor":10,"key":"Strawberry"},{"floor":14,"key":"Happy Flower"}],"event_choices":[{"damage_healed":0,"gold_gain":0,"player_choice":"Lose Max HP","damage_taken":0,"relics_obtained":["Golden Idol"],"max_hp_gain":0,"max_hp_loss":7,"event_name":"Golden Idol","floor":2,"gold_loss":0},{"cards_removed":["Strike_B"],"damage_healed":0,"gold_gain":0,"player_choice":"Card Removal","damage_taken":7,"max_hp_gain":0,"max_hp_loss":0,"event_name":"Golden Wing","floor":3,"gold_loss":0},{"damage_healed":0,"gold_gain":0,"player_choice":"Entered Light","damage_taken":19,"max_hp_gain":0,"max_hp_loss":0,"event_name":"Shining Light","floor":4,"gold_loss":0,"cards_upgraded":["Strike_B","Defend_B"]},{"damage_healed":0,"gold_gain":0,"player_choice":"Bought 1 Potion","damage_taken":0,"max_hp_gain":0,"max_hp_loss":0,"event_name":"The Woman in Blue","floor":11,"gold_loss":0}],"is_beta":false,"boss_relics":[],"items_purged_floors":[],"is_endless":false,"potions_floor_spawned":[1,10],"killed_by":"Hexaghost","ascension_level":20}