{"gold_per_floor":[119,119,119,142,67,67,105,117,129,141],"floor_reached":10,"playtime":172,"items_purged":["Strike_G"],"score":178,"play_id":"fb8ca71a-5100-4034-9ee7-c32d5c6b1fed","local_time":"20190728205204","is_ascension_mode":true,"campfire_choices":[{"data":"Cloak And Dagger","floor":6,"key":"SMITH"},{"data":"Blade Dance","floor":8,"key":"SMITH"}],"neow_cost":"NONE","seed_source_timestamp":797417576724200,"circlet_count":0,"master_deck":["AscendersBane","Strike_G","Strike_G","Strike_G","Strike_G","Defend_G","Defend_G","Defend_G","Defend_G","Defend_G","Survivor","Neutralize","Cloak And Dagger+1","Blade Dance+1","Skewer"],"relics":["Ring of the Snake","NeowsBlessing","Kunai","Golden Idol","MawBank","Turnip"],"potions_floor_usage":[],"damage_taken":[{"damage":0,"enemies":"Cultist","floor":1,"turns":1},{"damage":0,"enemies":"Small Slimes","floor":4,"turns":1},{"damage":0,"enemies":"3 Sentries","floor":7,"turns":1},{"damage":37,"enemies":"Lagavulin","floor":10,"turns":12}],"seed_played":"-469006036202749166","potions_obtained":[],"is_trial":false,"path_per_floor":["M","?","?","M","$","R","E","R","T","E"],"character_chosen":"THE_SILENT","items_purchased":[],"campfire_rested":0,"item_purchase_floors":[],"current_hp_per_floor":[59,54,54,54,54,54,54,54,54,17],"gold":141,"neow_bonus":"THREE_ENEMY_KILL","is_prod":false,"is_daily":false,"chose_seed":false,"campfire_upgraded":2,"win_rate":0,"timestamp":1564314724,"path_taken":["M","?","?","?","$","R","E","R","T","E"],"build_version":"2019-07-17","purchased_purges":1,"victory":false,"max_hp_per_floor":[66,66,60,60,60,60,60,60,60,60],"card_choices":[{"not_picked":["Prepared","Backflip"],"picked":"Cloak And Dagger","floor":1},{"not_picked":["Underhanded Strike","Backflip"],"picked":"Blade Dance","floor":4},{"not_picked":["Eviscerate","Flying Knee"],"picked":"Skewer","floor":7}],"player_experience":1265126,"relics_obtained":[{"floor":7,"key":"MawBank"},{"floor":9,"key":"Turnip"}],"event_choices":[{"damage_healed":0,"gold_gain":0,"player_choice":"Success","damage_taken":5,"relics_obtained":["Kunai"],"max_hp_gain":0,"max_hp_loss":0,"event_name":"Scrap Ooze","floor":2,"gold_loss":0},{"damage_healed":0,"gold_gain":0,"player_choice":"Lose Max HP","damage_taken":0,"relics_obtained":["Golden Idol"],"max_hp_gain":0,"max_hp_loss":6,"event_name":"Golden Idol","floor":3,"gold_loss":0}],"is_beta":false,"boss_relics":[],"items_purged_floors":[5],"is_endless":false,"potions_floor_spawned":[],"killed_by":"Lagavulin","ascension_level":20}