{"gold_per_floor":[217,236,254,264,264,264,282,318,318,318,318,338,61,74,74,170,170,189,205,35,56,155,155,155,172,172,5,16,30,30,64,64,64],"floor_reached":33,"playtime":2606,"items_purged":["Injury"],"score":472,"play_id":"1c491c39-5f2b-41a3-8f70-e0129ed14a1e","local_time":"20190711124936","is_ascension_mode":true,"campfire_choices":[{"floor":6.0,"key":"REST"},{"floor":15.0,"key":"REST"},{"floor":23.0,"key":"REST"},{"floor":32,"key":"REST"}],"neow_cost":"NONE","seed_source_timestamp":64274751489910,"circlet_count":0,"master_deck":["AscendersBane","Strike_G","Strike_G","Strike_G","Strike_G","Strike_G","Defend_G","Defend_G","Defend_G","Defend_G","Defend_G","Survivor","Neutralize","Dagger Throw","Tactician+1","Backflip","Unload","Acrobatics","Dagger Throw","Underhanded Strike","Underhanded Strike","Underhanded Strike","Unload","Prepared","All Out Attack","Reflex","Discovery","Heel Hook","Backflip","Unload","Finesse","Footwork+1","Underhanded Strike","Backflip"],"special_seed":0,"relics":["Ring of the Snake","Bloody Idol","Pen Nib","Frozen Egg 2","Strawberry","Vajra","Black Star","Meat on the Bone","Bottled Tornado","Molten Egg 2"],"potions_floor_usage":[28,29,31],"damage_taken":[{"damage":0.0,"enemies":"Cultist","floor":1.0,"turns":4.0},{"damage":0.0,"enemies":"Small Slimes","floor":2.0,"turns":3.0},{"damage":7.0,"enemies":"Jaw Worm","floor":3.0,"turns":4.0},{"damage":3.0,"enemies":"Looter","floor":4.0,"turns":4.0},{"damage":7.0,"enemies":"Exordium Thugs","floor":7.0,"turns":6.0},{"damage":44.0,"enemies":"Gremlin Nob","floor":8.0,"turns":5.0},{"damage":0.0,"enemies":"2 Fungi Beasts","floor":12.0,"turns":3.0},{"damage":4.0,"enemies":"Exordium Wildlife","floor":14.0,"turns":2.0},{"damage":16.0,"enemies":"Slime Boss","floor":16.0,"turns":9.0},{"damage":0.0,"enemies":"Spheric Guardian","floor":18.0,"turns":2.0},{"damage":12.0,"enemies":"Chosen","floor":19.0,"turns":3.0},{"damage":36.0,"enemies":"Snake Plant","floor":21.0,"turns":4.0},{"damage":12.0,"enemies":"3 Cultists","floor":25.0,"turns":4.0},{"damage":7,"enemies":"Chosen and Byrds","floor":28,"turns":5},{"damage":30,"enemies":"Snecko","floor":29,"turns":5},{"damage":34,"enemies":"Book of Stabbing","floor":31,"turns":4},{"damage":67,"enemies":"Automaton","floor":33,"turns":10}],"seed_played":"5177023007659012729","potions_obtained":[{"floor":2.0,"key":"EssenceOfSteel"},{"floor":8.0,"key":"Ancient Potion"},{"floor":12.0,"key":"Strength Potion"},{"floor":21.0,"key":"GamblersBrew"},{"floor":28,"key":"Poison Potion"},{"floor":29,"key":"LiquidBronze"},{"floor":31,"key":"LiquidBronze"}],"is_trial":false,"path_per_floor":["M","M","M","M","?","R","M","E","T","T","?","M","$","M","R","B",null,"M","M","$","M","?","R","?","M","T","$","M","M","?","E","R","B"],"character_chosen":"THE_SILENT","items_purchased":["Underhanded Strike","Vajra","Reflex","Discovery","Unload","Finesse"],"campfire_rested":4,"item_purchase_floors":[13,13,20,20,27,27],"current_hp_per_floor":[63,63,56,53,53,70,63,19,19,26,26,26,26,22,45,29,65,65,53,53,17,17,40,40,33,33,33,43,30,55,38,61,0],"gold":64,"neow_bonus":"HUNDRED_GOLD","is_prod":false,"is_daily":false,"chose_seed":false,"campfire_upgraded":0,"win_rate":0,"timestamp":1562838576,"path_taken":["M","M","?","?","?","R","M","E","T","?","?","?","$","M","R","BOSS","M","M","$","M","?","R","?","M","T","$","?","M","?","E","R","BOSS"],"build_version":"2019-07-05","purchased_purges":1,"victory":false,"max_hp_per_floor":[70,70,70,70,70,70,70,70,70,77,77,77,77,77,77,77,77,77,77,77,77,77,77,77,77,77,77,77,77,77,77,77,77],"card_choices":[{"not_picked":["PiercingWail","Bane"],"picked":"Dagger Throw","floor":1.0},{"not_picked":["Dash","Bane"],"picked":"Tactician","floor":2.0},{"not_picked":["Outmaneuver","Accuracy"],"picked":"Backflip","floor":3.0},{"not_picked":["Deflect","Slice"],"picked":"Unload","floor":4.0},{"not_picked":["Concentrate","Prepared"],"picked":"Acrobatics","floor":7.0},{"not_picked":["Bane","Riddle With Holes"],"picked":"Dagger Throw","floor":8.0},{"not_picked":["Blade Dance","Concentrate"],"picked":"Underhanded Strike","floor":12.0},{"not_picked":["Dagger Spray","All Out Attack"],"picked":"Underhanded Strike","floor":14.0},{"not_picked":["Tools of the Trade+1","Storm of Steel"],"picked":"Unload","floor":16.0},{"not_picked":["Cloak And Dagger+1","Bouncing Flask"],"picked":"Prepared","floor":18.0},{"not_picked":["Dagger Spray","Cloak And Dagger"],"picked":"All Out Attack","floor":19.0},{"not_picked":["Dagger Spray","Infinite Blades+1"],"picked":"Heel Hook","floor":21.0},{"not_picked":["Concentrate","Predator"],"picked":"Backflip","floor":25.0},{"not_picked":["Distraction","Accuracy+1"],"picked":"Footwork+1","floor":28},{"not_picked":["Prepared","Malaise"],"picked":"Underhanded Strike","floor":29},{"not_picked":["Dash","Accuracy+1"],"picked":"Backflip","floor":31}],"player_experience":1609350,"relics_obtained":[{"floor":8.0,"key":"Pen Nib"},{"floor":9.0,"key":"Frozen Egg 2"},{"floor":10.0,"key":"Strawberry"},{"floor":26.0,"key":"Meat on the Bone"},{"floor":31,"key":"Bottled Tornado"},{"floor":31,"key":"Molten Egg 2"}],"event_choices":[{"damage_healed":0.0,"max_hp_gain":0.0,"max_hp_loss":0.0,"gold_gain":0.0,"event_name":"Golden Idol","player_choice":"Take Wound","floor":5.0,"gold_loss":0.0,"damage_taken":0.0,"relics_obtained":["Golden Idol"],"cards_obtained":["Injury"]},{"damage_healed":0.0,"max_hp_gain":0.0,"max_hp_loss":0.0,"gold_gain":0.0,"event_name":"Upgrade Shrine","player_choice":"Upgraded","floor":11.0,"gold_loss":0.0,"damage_taken":0.0,"cards_upgraded":["Tactician"]},{"damage_healed":0.0,"max_hp_gain":0.0,"max_hp_loss":0.0,"gold_gain":99.0,"event_name":"Nest","player_choice":"Stole From Cult","floor":22.0,"gold_loss":0.0,"damage_taken":0.0},{"damage_healed":0.0,"max_hp_gain":0.0,"max_hp_loss":0.0,"gold_gain":0.0,"event_name":"Forgotten Altar","player_choice":"Gave Idol","floor":24.0,"relics_lost":["Golden Idol"],"gold_loss":0.0,"damage_taken":0.0,"relics_obtained":["Bloody Idol"]},{"damage_healed":25,"gold_gain":0,"player_choice":"Heal","damage_taken":0,"max_hp_gain":0,"max_hp_loss":0,"event_name":"The Library","floor":30,"gold_loss":0}],"is_beta":false,"boss_relics":[{"not_picked":["Fusion Hammer","Runic Pyramid"],"picked":"Black Star"}],"items_purged_floors":[13],"is_endless":false,"potions_floor_spawned":[2,8,12,14,21,28,29,31],"killed_by":"Automaton","ascension_level":13}