{"gold_per_floor":[114,39,39,39,39,64,80,137,161,172,198,198,228,239,239,318,318,333,72,72,107,122,122,155,155,155,155,187,202,218,231,231,305,305,316,334,334,334,209,209,238,253,276,301,301,86,98,320,320,320,320,320,320,170,199,199],"floor_reached":57,"playtime":2666,"items_purged":["Strike_R","Strike_R","Pain","Strike_R+1"],"score":3007,"play_id":"cb53a911-7abb-4fca-926b-15aff60561d4","local_time":"20190717161047","is_ascension_mode":true,"campfire_choices":[{"data":"Bash","floor":12,"key":"SMITH"},{"data":"True Grit","floor":15,"key":"SMITH"},{"floor":23,"key":"REST"},{"floor":25,"key":"REST"},{"floor":32,"key":"RECALL"},{"floor":40,"key":"REST"},{"floor":49,"key":"REST"},{"floor":53,"key":"REST"}],"neow_cost":"NONE","seed_source_timestamp":395448633826700,"circlet_count":0,"master_deck":["AscendersBane","Strike_R+1","Defend_R","Defend_R","Defend_R","Bash+1","Feel No Pain","Impervious","True Grit+1","Uppercut+1","Evolve","Anger+1","Shrug It Off","Spot Weakness","Barricade","Feel No Pain+1","Body Slam+1","Entrench","Shrug It Off","Seeing Red","Offering","Second Wind","Parasite","Evolve+1","Offering","Disarm","Armaments+1"],"relics":["Burning Blood","NeowsBlessing","Orichalcum","Self Forming Clay","Molten Egg 2","Bronze Scales","Shuriken","Letter Opener","Fusion Hammer","Oddly Smooth Stone","Red Mask","Sundial","Blue Candle","Pantograph","Cursed Key","WarpedTongs","Lantern","Bottled Tornado","DollysMirror","Pear"],"potions_floor_usage":[8,13,13,24,28,30,30,41,55],"damage_taken":[{"damage":0,"enemies":"Jaw Worm","floor":1,"turns":1},{"damage":0,"enemies":"Lagavulin","floor":6,"turns":2},{"damage":0,"enemies":"Small Slimes","floor":7,"turns":1},{"damage":4,"enemies":"3 Sentries","floor":8,"turns":12},{"damage":0,"enemies":"2 Louse","floor":10,"turns":3},{"damage":8,"enemies":"3 Sentries","floor":11,"turns":10},{"damage":22,"enemies":"Gremlin Nob","floor":13,"turns":5},{"damage":0,"enemies":"2 Fungi Beasts","floor":14,"turns":3},{"damage":11,"enemies":"The Guardian","floor":16,"turns":13},{"damage":22,"enemies":"Shell Parasite","floor":18,"turns":6},{"damage":11,"enemies":"Masked Bandits","floor":21,"turns":3},{"damage":3,"enemies":"2 Thieves","floor":22,"turns":4},{"damage":26,"enemies":"Gremlin Leader","floor":24,"turns":6},{"damage":9,"enemies":"Book of Stabbing","floor":28,"turns":4},{"damage":18,"enemies":"Snake Plant","floor":29,"turns":4},{"damage":0,"enemies":"Cultist and Chosen","floor":30,"turns":6},{"damage":0,"enemies":"Snecko","floor":31,"turns":6},{"damage":36,"enemies":"Automaton","floor":33,"turns":10},{"damage":0,"enemies":"3 Shapes","floor":35,"turns":6},{"damage":37,"enemies":"3 Darklings","floor":36,"turns":6},{"damage":6,"enemies":"Reptomancer","floor":41,"turns":6},{"damage":13,"enemies":"Sphere and 2 Shapes","floor":42,"turns":6},{"damage":7,"enemies":"Giant Head","floor":44,"turns":5},{"damage":10,"enemies":"4 Shapes","floor":47,"turns":5},{"damage":33,"enemies":"Donu and Deca","floor":50,"turns":7},{"damage":13,"enemies":"Time Eater","floor":51,"turns":11},{"damage":70,"enemies":"Shield and Spear","floor":55,"turns":7},{"damage":52,"enemies":"The Heart","floor":56,"turns":8}],"seed_played":"-1532219245486071510","potions_obtained":[{"floor":1,"key":"Swift Potion"},{"floor":7,"key":"Explosive Potion"},{"floor":11,"key":"FearPotion"},{"floor":16,"key":"Poison Potion"},{"floor":21,"key":"LiquidBronze"},{"floor":29,"key":"GamblersBrew"},{"floor":30,"key":"Fruit Juice"},{"floor":33,"key":"Poison Potion"},{"floor":36,"key":"Regen Potion"},{"floor":41,"key":"FearPotion"},{"floor":47,"key":"Energy Potion"}],"is_trial":false,"path_per_floor":["M","$","?","?","?","E","M","?","T","M","E","R","E","M","R","B",null,"M","$","?","?","M","R","E","R","T","?","E","M","M","M","R","B",null,"M","M","?","?","$","R","E","M","T","E","?","$","M","?","R","B","B",null,"R","$","E","B",null],"character_chosen":"IRONCLAD","items_purchased":["Oddly Smooth Stone","DollysMirror"],"campfire_rested":5,"item_purchase_floors":[19,46],"current_hp_per_floor":[74,74,48,25,18,24,30,32,32,38,36,36,20,26,26,21,62,46,46,46,41,44,66,46,68,68,47,44,32,43,49,49,44,75,81,50,50,50,50,75,75,68,68,67,67,67,63,63,81,54,72,79,81,81,41,20],"gold":199,"neow_bonus":"THREE_ENEMY_KILL","is_prod":false,"is_daily":false,"chose_seed":false,"campfire_upgraded":2,"win_rate":0,"timestamp":1563347447,"path_taken":["M","$","?","?","?","E","M","?","T","M","E","R","E","M","R","BOSS","M","$","?","?","M","R","E","R","T","?","E","M","M","M","R","BOSS","M","M","?","?","$","R","E","?","T","E","?","$","M","?","R","BOSS","BOSS","R","$","E","BOSS"],"build_version":"2019-07-05","purchased_purges":4,"victory":true,"max_hp_per_floor":[75,75,75,75,75,75,75,75,75,75,75,75,75,75,75,75,75,75,75,75,75,75,75,75,75,75,80,80,80,85,85,85,85,85,85,85,85,85,85,85,85,85,85,85,81,81,81,81,81,81,81,81,81,81,91,91],"card_choices":[{"not_picked":["Disarm","Searing Blow"],"picked":"Feel No Pain","floor":1},{"not_picked":["Heavy Blade","Anger"],"picked":"Impervious","floor":6},{"not_picked":["Intimidate","Metallicize"],"picked":"True Grit","floor":7},{"not_picked":["Perfected Strike","Heavy Blade"],"picked":"Uppercut","floor":8},{"not_picked":["Armaments","Shrug It Off"],"picked":"Evolve","floor":10},{"not_picked":["True Grit","Twin Strike+1"],"picked":"Anger+1","floor":11},{"not_picked":["Exhume","Wild Strike+1"],"picked":"Shrug It Off","floor":13},{"not_picked":["Clothesline+1","Anger+1"],"picked":"Spot Weakness","floor":14},{"not_picked":["Reaper+1","Exhume"],"picked":"Barricade","floor":16},{"not_picked":["True Grit","Flex+1"],"picked":"Cleave+1","floor":18},{"not_picked":["Searing Blow+1","Thunderclap+1"],"picked":"Feel No Pain+1","floor":21},{"not_picked":["Hemokinesis+1","Bloodletting","Barricade"],"picked":"SKIP","floor":22},{"not_picked":["Anger+1","Berserk"],"picked":"Body Slam+1","floor":24},{"not_picked":["Second Wind","Blood for Blood+1"],"picked":"Entrench","floor":28},{"not_picked":["Rage","Rupture"],"picked":"Shrug It Off","floor":29},{"not_picked":["Twin Strike+1","Cleave+1"],"picked":"Seeing Red","floor":30},{"not_picked":["Spot Weakness","Iron Wave+1","Sever Soul+1"],"picked":"SKIP","floor":31},{"not_picked":["Berserk","Double Tap"],"picked":"Offering","floor":33},{"not_picked":["Headbutt+1","Anger+1","Heavy Blade+1"],"picked":"SKIP","floor":35},{"not_picked":["Wild Strike+1","Combust+1","Pummel+1"],"picked":"SKIP","floor":36},{"not_picked":["Searing Blow+1","Rampage+1","Twin Strike+1"],"picked":"SKIP","floor":41},{"not_picked":["Flex","Clothesline+1"],"picked":"Second Wind","floor":42},{"not_picked":["Thunderclap+1","Limit Break"],"picked":"Evolve+1","floor":44},{"not_picked":["Flex","Rampage+1"],"picked":"Disarm","floor":47},{"not_picked":["Thunderclap+1","Sentinel"],"picked":"Armaments+1","floor":55}],"player_experience":1071133,"relics_obtained":[{"floor":6,"key":"Self Forming Clay"},{"floor":8,"key":"Molten Egg 2"},{"floor":9,"key":"Bronze Scales"},{"floor":11,"key":"Shuriken"},{"floor":13,"key":"Letter Opener"},{"floor":21,"key":"Red Mask"},{"floor":24,"key":"Sundial"},{"floor":26,"key":"Blue Candle"},{"floor":28,"key":"Pantograph"},{"floor":41,"key":"Lantern"},{"floor":44,"key":"Bottled Tornado"},{"floor":55,"key":"Pear"}],"event_choices":[{"damage_healed":0,"gold_gain":0,"player_choice":"Success","damage_taken":26,"relics_obtained":["Orichalcum"],"max_hp_gain":0,"max_hp_loss":0,"event_name":"Scrap Ooze","floor":3,"gold_loss":0},{"damage_healed":0,"gold_gain":0,"player_choice":"Entered Light","damage_taken":23,"max_hp_gain":0,"max_hp_loss":0,"event_name":"Shining Light","floor":4,"gold_loss":0,"cards_upgraded":["Strike_R","Strike_R"]},{"cards_removed":["Strike_R"],"damage_healed":0,"gold_gain":0,"player_choice":"Card Removal","damage_taken":7,"max_hp_gain":0,"max_hp_loss":0,"event_name":"Golden Wing","floor":5,"gold_loss":0},{"damage_healed":0,"gold_gain":30,"player_choice":"Searched \u00272\u0027 times","damage_taken":0,"max_hp_gain":0,"max_hp_loss":0,"event_name":"Dead Adventurer","floor":8,"gold_loss":0},{"cards_removed":["Defend_R"],"damage_healed":0,"gold_gain":0,"player_choice":"Elegance","damage_taken":0,"max_hp_gain":0,"max_hp_loss":0,"event_name":"Back to Basics","floor":20,"gold_loss":0},{"damage_healed":0,"gold_gain":0,"player_choice":"Fought Bandits","damage_taken":0,"max_hp_gain":0,"max_hp_loss":0,"event_name":"Masked Bandits","floor":21,"gold_loss":0},{"damage_healed":0,"gold_gain":0,"player_choice":"Shed Blood","damage_taken":26,"max_hp_gain":5,"max_hp_loss":0,"event_name":"Forgotten Altar","floor":27,"gold_loss":0},{"cards_removed":["Cleave"],"damage_healed":0,"gold_gain":0,"player_choice":"Removed Attack","damage_taken":0,"max_hp_gain":0,"max_hp_loss":0,"event_name":"Falling","floor":37,"gold_loss":0},{"damage_healed":0,"gold_gain":0,"player_choice":"Rummage","damage_taken":0,"relics_obtained":["WarpedTongs"],"max_hp_gain":0,"max_hp_loss":0,"event_name":"Accursed Blacksmith","floor":38,"gold_loss":0,"cards_obtained":["Pain"]},{"damage_healed":0,"gold_gain":0,"player_choice":"Max HP","damage_taken":0,"max_hp_gain":0,"max_hp_loss":4,"event_name":"Winding Halls","floor":45,"gold_loss":0},{"damage_healed":0,"gold_gain":222,"player_choice":"Wore Mask","damage_taken":0,"max_hp_gain":0,"max_hp_loss":0,"event_name":"Tomb of Lord Red Mask","floor":48,"gold_loss":0}],"is_beta":false,"boss_relics":[{"not_picked":["Busted Crown","Runic Cube"],"picked":"Fusion Hammer"},{"not_picked":["Velvet Choker","Sozu"],"picked":"Cursed Key"}],"items_purged_floors":[2,19,39,54],"is_endless":false,"potions_floor_spawned":[1,7,11,16,21,29,30,33,36,41,47],"ascension_level":20}