{"gold_per_floor":[111,6,6,31,80,80,111,111,157,169,212,299,311,336,348,453,465,493,505,538,565,54,54,54,54,79,79,79,97,137,137,137,226,226,246,265,265,281,301,341,341,341,341,359,259,283,304,347,347,347,347],"floor_reached":52,"playtime":4877,"items_purged":["Strike_G","Shame"],"score":1776,"play_id":"ca92f624-f569-4344-a879-3197ddf3a7fc","local_time":"20190528231806","is_ascension_mode":true,"campfire_choices":[{"data":"Crippling Poison","floor":6.0,"key":"SMITH"},{"floor":8.0,"key":"REST"},{"data":"Bane","floor":10.0,"key":"SMITH"},{"floor":13.0,"key":"REST"},{"data":"Leg Sweep","floor":15.0,"key":"SMITH"},{"data":"Malaise","floor":23.0,"key":"SMITH"},{"data":"Crippling Poison","floor":25.0,"key":"SMITH"},{"data":"Survivor","floor":27.0,"key":"SMITH"},{"data":"Doppelganger","floor":32.0,"key":"SMITH"},{"floor":41,"key":"REST"},{"floor":49,"key":"REST"}],"neow_cost":"NONE","seed_source_timestamp":0,"circlet_count":0,"master_deck":["AscendersBane","Defend_G","Defend_G","Defend_G","Defend_G","Defend_G","Strike_G","Strike_G","Survivor+1","Neutralize","Bane+1","Trip","Crippling Poison+1","Crippling Poison+1","Leg Sweep+1","Poisoned Stab","Malaise+1","Deadly Poison","Outmaneuver","Escape Plan","PiercingWail","Footwork+1","Doppelganger+1","Bullet Time","Leg Sweep","Predator+1","Dash+1","Bullet Time","Crippling Poison+1","Acrobatics"],"special_seed":0,"relics":["Ring of the Snake","Golden Idol","Ancient Tea Set","PreservedInsect","MawBank","Bottled Lightning","Cursed Key","Omamori","Meat on the Bone","Oddly Smooth Stone","Snake Skull","Pen Nib","Snecko Eye","Ice Cream","Blue Candle","Mercury Hourglass"],"potions_floor_usage":[39,40],"damage_taken":[{"damage":0.0,"enemies":"Cultist","floor":1.0,"turns":4.0},{"damage":1.0,"enemies":"Jaw Worm","floor":4.0,"turns":3.0},{"damage":46.0,"enemies":"3 Sentries","floor":7.0,"turns":15.0},{"damage":15.0,"enemies":"Lagavulin","floor":11.0,"turns":5.0},{"damage":0.0,"enemies":"Small Slimes","floor":14.0,"turns":2.0},{"damage":16.0,"enemies":"The Guardian","floor":16.0,"turns":11.0},{"damage":1.0,"enemies":"3 Byrds","floor":18.0,"turns":4.0},{"damage":1.0,"enemies":"Chosen","floor":20.0,"turns":5.0},{"damage":13.0,"enemies":"Shelled Parasite and Fungi","floor":21.0,"turns":8.0},{"damage":0.0,"enemies":"Centurion and Healer","floor":29.0,"turns":7.0},{"damage":6.0,"enemies":"Book of Stabbing","floor":30.0,"turns":6.0},{"damage":32.0,"enemies":"Collector","floor":33.0,"turns":13.0},{"damage":0.0,"enemies":"Orb Walker","floor":35.0,"turns":4.0},{"damage":0.0,"enemies":"3 Shapes","floor":36.0,"turns":5.0},{"damage":19,"enemies":"Spire Growth","floor":38,"turns":5},{"damage":0,"enemies":"Writhing Mass","floor":39,"turns":6},{"damage":23,"enemies":"Giant Head","floor":40,"turns":7},{"damage":0,"enemies":"3 Darklings","floor":44,"turns":4},{"damage":0,"enemies":"Jaw Worm Horde","floor":46,"turns":3},{"damage":5,"enemies":"Transient","floor":47,"turns":6},{"damage":3,"enemies":"Nemesis","floor":48,"turns":5},{"damage":16,"enemies":"Donu and Deca","floor":50,"turns":12},{"damage":6,"enemies":"Awakened One","floor":51,"turns":15}],"seed_played":"-7949118263224988160","potions_obtained":[{"floor":11.0,"key":"SkillPotion"},{"floor":14.0,"key":"FearPotion"},{"floor":18.0,"key":"FearPotion"},{"floor":20.0,"key":"Dexterity Potion"},{"floor":21.0,"key":"GamblersBrew"},{"floor":31.0,"key":"Fire Potion"},{"floor":38,"key":"SneckoOil"},{"floor":39,"key":"AttackPotion"},{"floor":40,"key":"Block Potion"}],"is_trial":false,"path_per_floor":["M","$","?","M","T","R","E","R","T","R","E","?","R","M","R","B",null,"M","?","M","M","$","R","?","R","T","R","?","M","E","?","R","B",null,"M","M","$","M","M","E","R","?","T","M","$","M","M","E","R","B","B",null],"character_chosen":"THE_SILENT","items_purchased":["Trip","Omamori","Meat on the Bone"],"campfire_rested":4,"item_purchase_floors":[2,22,22],"current_hp_per_floor":[65,65,65,64,64,64,18,37,37,37,22,11,30,30,30,14,52,51,51,50,37,37,37,50,50,50,50,50,50,44,44,44,24,55,55,55,55,36,36,25,44,44,44,44,44,44,39,36,55,39,33],"gold":347,"neow_bonus":"TEN_PERCENT_HP_BONUS","is_prod":false,"is_daily":false,"chose_seed":false,"campfire_upgraded":7,"win_rate":0,"timestamp":1559078286,"path_taken":["M","$","?","M","?","R","E","R","T","R","E","?","R","M","R","BOSS","M","?","M","M","$","R","?","R","T","R","?","M","E","?","R","BOSS","M","M","$","M","M","E","R","?","T","M","$","M","?","E","R","BOSS","BOSS"],"build_version":"2019-01-23","purchased_purges":2,"victory":true,"max_hp_per_floor":[72,72,65,65,65,65,65,65,65,65,65,65,65,65,65,65,65,65,65,65,65,65,65,65,65,65,65,65,65,65,65,65,65,65,65,65,65,65,65,65,65,65,65,65,65,65,65,65,65,65,65],"card_choices":[{"not_picked":["PiercingWail","Prepared"],"picked":"Bane","floor":1.0},{"not_picked":["Heel Hook","Bane"],"picked":"Crippling Poison","floor":4.0},{"not_picked":["Prepared","Tactician"],"picked":"Crippling Poison","floor":7.0},{"not_picked":["Eviscerate","Setup"],"picked":"Leg Sweep","floor":11.0},{"not_picked":["Prepared","Outmaneuver"],"picked":"Poisoned Stab","floor":14.0},{"not_picked":["Tools of the Trade","Die Die Die"],"picked":"Malaise","floor":16.0},{"not_picked":["Prepared","Flechettes"],"picked":"Deadly Poison","floor":18.0},{"not_picked":["Backstab+1","Dash"],"picked":"PiercingWail","floor":20.0},{"not_picked":["Catalyst","Blade Dance+1"],"picked":"Footwork+1","floor":21.0},{"not_picked":["Skewer","PiercingWail"],"picked":"Doppelganger","floor":30.0},{"not_picked":["Phantasmal Killer","Storm of Steel"],"picked":"Bullet Time","floor":33.0},{"not_picked":["Cloak And Dagger","PiercingWail"],"picked":"Leg Sweep","floor":35.0},{"not_picked":["Underhanded Strike","Acrobatics"],"picked":"Predator+1","floor":38},{"not_picked":["Quick Slash","Finisher"],"picked":"Dash+1","floor":40},{"not_picked":["Dagger Spray+1","Prepared+1"],"picked":"Crippling Poison+1","floor":44},{"not_picked":["Cloak And Dagger","Infinite Blades","Poisoned Stab+1"],"picked":"SKIP","floor":46},{"not_picked":["Glass Knife","Outmaneuver"],"picked":"Acrobatics","floor":48}],"player_experience":969380,"relics_obtained":[{"floor":5.0,"key":"Ancient Tea Set"},{"floor":7.0,"key":"PreservedInsect"},{"floor":9.0,"key":"MawBank"},{"floor":11.0,"key":"Bottled Lightning"},{"floor":26.0,"key":"Oddly Smooth Stone"},{"floor":30.0,"key":"Pen Nib"},{"floor":40,"key":"Ice Cream"},{"floor":43,"key":"Blue Candle"},{"floor":48,"key":"Mercury Hourglass"}],"event_choices":[{"damage_healed":0.0,"max_hp_gain":0.0,"max_hp_loss":7.0,"gold_gain":0.0,"event_name":"Golden Idol","player_choice":"Lose Max HP","floor":3.0,"gold_loss":0.0,"damage_taken":0.0,"relics_obtained":["Golden Idol"]},{"damage_healed":0.0,"max_hp_gain":0.0,"max_hp_loss":0.0,"gold_gain":75.0,"event_name":"World of Goop","player_choice":"Gather Gold","floor":12.0,"gold_loss":0.0,"damage_taken":11.0},{"damage_healed":0.0,"max_hp_gain":0.0,"max_hp_loss":0.0,"gold_gain":0.0,"cards_transformed":["Strike_G","Strike_G"],"event_name":"Drug Dealer","player_choice":"Became Test Subject","floor":19.0,"gold_loss":0.0,"damage_taken":0.0,"cards_obtained":["Outmaneuver","Escape Plan"]},{"damage_healed":13.0,"max_hp_gain":0.0,"max_hp_loss":0.0,"gold_gain":0.0,"event_name":"The Library","player_choice":"Heal","floor":24.0,"gold_loss":0.0,"damage_taken":0.0},{"damage_healed":0.0,"max_hp_gain":0.0,"max_hp_loss":0.0,"gold_gain":0.0,"event_name":"Addict","player_choice":"Stole Relic","floor":28.0,"gold_loss":0.0,"damage_taken":0.0,"relics_obtained":["Snake Skull"],"cards_obtained":["Shame"]},{"damage_healed":0.0,"max_hp_gain":0.0,"max_hp_loss":0.0,"gold_gain":0.0,"event_name":"Lab","player_choice":"Got Potions","floor":31.0,"gold_loss":0.0,"damage_taken":0.0},{"damage_healed":0,"gold_gain":0,"player_choice":"1 cards matched","damage_taken":0,"max_hp_gain":0,"max_hp_loss":0,"event_name":"Match and Keep!","floor":42,"gold_loss":0,"cards_obtained":["Bullet Time"]}],"is_beta":false,"boss_relics":[{"not_picked":["Philosopher\u0027s Stone","Runic Pyramid"],"picked":"Cursed Key"},{"not_picked":["Ring of the Serpent","Tiny House"],"picked":"Snecko Eye"}],"items_purged_floors":[22,45],"is_endless":false,"potions_floor_spawned":[11,14,18,20,21,38,39,40],"ascension_level":20}