{"gold_per_floor":[111,129,30,30,30,61,61,104,104,118,137,153,153,177,177,276,276,299,333,333,333,352,352,352,386,386,421,440,453,453,95,95,193,193,212,212,233,258,258,258],"floor_reached":40,"playtime":1526,"items_purged":["Strike_B"],"score":1112,"play_id":"57d52351-dda1-4db1-ac1c-9841646bc5e1","local_time":"20190626171937","is_ascension_mode":true,"campfire_choices":[{"data":"Zap","floor":7.0,"key":"SMITH"},{"data":"Darkness","floor":13.0,"key":"SMITH"},{"floor":15.0,"key":"REST"},{"floor":24.0,"key":"REST"},{"data":"Fission","floor":30.0,"key":"SMITH"},{"data":"Coolheaded","floor":32.0,"key":"SMITH"}],"neow_cost":"NONE","seed_source_timestamp":0,"circlet_count":0,"master_deck":["AscendersBane","Strike_B","Defend_B","Defend_B","Defend_B","Zap+1","Dualcast","White Noise","Coolheaded+1","Rip and Tear","Chill","Fission+1","Darkness+1","Turbo","Electrodynamics","Coolheaded","Ghostly","Ghostly","Ghostly","Reboot","Sweeping Beam","Coolheaded+1","Undo","Hologram+1","Fission","Parasite"],"special_seed":0,"relics":["Cracked Core","NeowsBlessing","Singing Bowl","Golden Idol","Dream Catcher","Sundial","Gremlin Horn","Cursed Key","Red Mask","DataDisk","Ancient Tea Set","OrangePellets","White Beast Statue"],"potions_floor_usage":[],"damage_taken":[{"damage":0.0,"enemies":"Jaw Worm","floor":1.0,"turns":1.0},{"damage":0.0,"enemies":"Small Slimes","floor":2.0,"turns":1.0},{"damage":0.0,"enemies":"3 Sentries","floor":6.0,"turns":2.0},{"damage":11.0,"enemies":"Gremlin Nob","floor":8.0,"turns":3.0},{"damage":0.0,"enemies":"2 Louse","floor":10.0,"turns":2.0},{"damage":12.0,"enemies":"2 Fungi Beasts","floor":11.0,"turns":3.0},{"damage":16.0,"enemies":"Exordium Wildlife","floor":12.0,"turns":5.0},{"damage":11.0,"enemies":"Red Slaver","floor":14.0,"turns":3.0},{"damage":19.0,"enemies":"Slime Boss","floor":16.0,"turns":6.0},{"damage":18.0,"enemies":"Spheric Guardian","floor":18.0,"turns":4.0},{"damage":33.0,"enemies":"Masked Bandits","floor":19.0,"turns":3.0},{"damage":0.0,"enemies":"2 Thieves","floor":22.0,"turns":5.0},{"damage":0.0,"enemies":"Slavers","floor":23.0,"turns":1.0},{"damage":16.0,"enemies":"Book of Stabbing","floor":25.0,"turns":6.0},{"damage":0.0,"enemies":"Slavers","floor":27.0,"turns":5.0},{"damage":0.0,"enemies":"Snecko","floor":28.0,"turns":6.0},{"damage":0.0,"enemies":"Shelled Parasite and Fungi","floor":29.0,"turns":6.0},{"damage":0.0,"enemies":"Champ","floor":33.0,"turns":17.0},{"damage":0.0,"enemies":"3 Shapes","floor":35.0,"turns":5.0},{"damage":0.0,"enemies":"Orb Walker","floor":37.0,"turns":3.0},{"damage":0.0,"enemies":"Transient","floor":38.0,"turns":6.0},{"damage":0,"enemies":"Giant Head","floor":40,"turns":1}],"seed_played":"-3884876441997766841","potions_obtained":[{"floor":6.0,"key":"PowerPotion"},{"floor":8.0,"key":"SteroidPotion"},{"floor":11.0,"key":"FocusPotion"},{"floor":16.0,"key":"FocusPotion"},{"floor":19.0,"key":"SmokeBomb"},{"floor":25.0,"key":"Weak Potion"},{"floor":29.0,"key":"GamblersBrew"},{"floor":33.0,"key":"AttackPotion"},{"floor":38.0,"key":"Energy Potion"}],"is_trial":false,"path_per_floor":["M","M","$","?","?","E","R","E","T","M","M","M","R","M","R","B",null,"M","?","?","?","M","E","R","E","T","E","M","M","R","$","R","B",null,"M","T","M","M","?","E"],"character_chosen":"DEFECT","items_purchased":["Coolheaded","Rip and Tear","OrangePellets","PowerPotion"],"campfire_rested":2,"item_purchase_floors":[3,3,31,31],"current_hp_per_floor":[64,64,64,53,53,55,55,44,44,46,34,18,18,9,30,11,55,39,6,6,6,8,8,19,3,3,5,7,7,7,7,7,7,33,35,35,37,39,39,39],"gold":258,"neow_bonus":"THREE_ENEMY_KILL","is_prod":false,"is_daily":false,"chose_seed":false,"campfire_upgraded":4,"win_rate":0,"timestamp":1561537177,"path_taken":["M","M","$","?","?","E","R","E","T","M","?","M","R","M","R","BOSS","M","?","?","?","M","E","R","E","T","E","M","?","R","$","R","BOSS","M","?","M","M","?","E"],"build_version":"2019-01-23","purchased_purges":1,"victory":false,"max_hp_per_floor":[71,71,71,71,64,66,66,66,66,68,68,68,68,70,70,70,70,72,72,36,36,38,38,38,38,38,40,42,42,42,42,42,42,42,44,44,46,48,48,48],"card_choices":[{"not_picked":["Beam Cell","Conserve Battery","Go for the Eyes"],"picked":"SKIP","floor":1.0},{"not_picked":["Leap","Skim"],"picked":"White Noise","floor":2.0},{"not_picked":["Stack","Turbo","Heatsinks"],"picked":"Singing Bowl","floor":6.0},{"not_picked":["Turbo","BootSequence"],"picked":"Chill","floor":8.0},{"not_picked":["Heatsinks","BootSequence","Barrage"],"picked":"Singing Bowl","floor":10.0},{"not_picked":["Streamline","Hologram"],"picked":"Fission","floor":11.0},{"not_picked":["Stack","Leap"],"picked":"Darkness","floor":12.0},{"not_picked":["Stack","Beam Cell","Reinforced Body"],"picked":"Singing Bowl","floor":14.0},{"not_picked":["Streamline","Steam"],"picked":"Turbo","floor":15.0},{"not_picked":["Amplify","Thunder Strike"],"picked":"Electrodynamics","floor":16.0},{"not_picked":["Leap","Chaos","Sweeping Beam"],"picked":"Singing Bowl","floor":18.0},{"not_picked":["Stack","Rebound"],"picked":"Coolheaded","floor":19.0},{"not_picked":["Stack","Ball Lightning","Double Energy"],"picked":"Singing Bowl","floor":22.0},{"not_picked":["Leap","Multi-Cast"],"picked":"Coolheaded+1","floor":24.0},{"not_picked":["Barrage","Gash"],"picked":"Undo","floor":25.0},{"not_picked":["Chaos","Go for the Eyes","Hello World"],"picked":"Singing Bowl","floor":27.0},{"not_picked":["Stack","Sweeping Beam","Coolheaded"],"picked":"Singing Bowl","floor":28.0},{"not_picked":["Blizzard","Gash"],"picked":"Hologram+1","floor":29.0},{"not_picked":["Core Surge","All For One"],"picked":"Fission","floor":33.0},{"not_picked":["Conserve Battery","Steam+1","Redo"],"picked":"Singing Bowl","floor":35.0},{"not_picked":["Auto Shields","Turbo","Aggregate"],"picked":"Singing Bowl","floor":37.0},{"not_picked":["Gash","Cold Snap+1","Coolheaded"],"picked":"Singing Bowl","floor":38.0}],"player_experience":811085,"relics_obtained":[{"floor":6.0,"key":"Dream Catcher"},{"floor":8.0,"key":"Sundial"},{"floor":9.0,"key":"Gremlin Horn"},{"floor":19.0,"key":"Red Mask"},{"floor":25.0,"key":"DataDisk"},{"floor":27.0,"key":"Ancient Tea Set"}],"event_choices":[{"damage_healed":0.0,"max_hp_gain":0.0,"max_hp_loss":0.0,"gold_gain":0.0,"event_name":"Scrap Ooze","player_choice":"Success","floor":4.0,"gold_loss":0.0,"damage_taken":11.0,"relics_obtained":["Singing Bowl"]},{"damage_healed":0.0,"max_hp_gain":0.0,"max_hp_loss":7.0,"gold_gain":0.0,"event_name":"Golden Idol","player_choice":"Lose Max HP","floor":5.0,"gold_loss":0.0,"damage_taken":0.0,"relics_obtained":["Golden Idol"]},{"damage_healed":0.0,"max_hp_gain":0.0,"max_hp_loss":0.0,"gold_gain":0.0,"event_name":"Masked Bandits","player_choice":"Fought Bandits","floor":19.0,"gold_loss":0.0,"damage_taken":0.0},{"damage_healed":0.0,"max_hp_gain":0.0,"max_hp_loss":36.0,"gold_gain":0.0,"event_name":"Ghosts","player_choice":"Became a Ghost","floor":20.0,"gold_loss":0.0,"damage_taken":0.0,"cards_obtained":["Ghostly","Ghostly","Ghostly"]},{"damage_healed":0.0,"max_hp_gain":0.0,"max_hp_loss":0.0,"gold_gain":0.0,"cards_transformed":["Strike_B","Strike_B"],"event_name":"Drug Dealer","player_choice":"Became Test Subject","floor":21.0,"gold_loss":0.0,"damage_taken":0.0,"cards_obtained":["Reboot","Sweeping Beam"]},{"cards_removed":["Defend_B"],"damage_healed":0.0,"max_hp_gain":0.0,"max_hp_loss":0.0,"gold_gain":0.0,"event_name":"Falling","player_choice":"Removed Skill","floor":39.0,"gold_loss":0.0,"damage_taken":0.0}],"is_beta":false,"boss_relics":[{"not_picked":["Tiny House","Orrery"],"picked":"Cursed Key"},{"not_picked":["Sozu","Lizard Tail"],"picked":"White Beast Statue"}],"items_purged_floors":[31],"is_endless":false,"potions_floor_spawned":[6,8,11,16,19,23,25,29,33,35,37,38],"killed_by":"Giant Head","ascension_level":20}