{"gold_per_floor":[17,36,36,53,65,65,94,110,181,215,63,79,79,99,99,99],"floor_reached":16,"playtime":623,"items_purged":["Strike_R"],"score":228,"play_id":"32069db1-24d7-4980-8b9a-a51065d59d65","local_time":"20190730200044","is_ascension_mode":true,"campfire_choices":[{"data":"Bash","floor":6,"key":"SMITH"},{"data":"Disarm","floor":15,"key":"SMITH"}],"neow_cost":"NO_GOLD","seed_source_timestamp":966691292045900,"circlet_count":0,"master_deck":["AscendersBane","Strike_R","Defend_R","Defend_R","Defend_R","Defend_R","Bash+1","Clothesline","Pommel Strike","Dropkick","Feel No Pain","Shrug It Off","Second Wind","Disarm+1","Warcry"],"relics":["Burning Blood","Gremlin Horn","Paper Frog","Shovel","Blue Candle"],"potions_floor_usage":[5,16,16],"damage_taken":[{"damage":1,"enemies":"2 Louse","floor":1,"turns":4},{"damage":13,"enemies":"Cultist","floor":2,"turns":5},{"damage":4,"enemies":"Jaw Worm","floor":4,"turns":5},{"damage":6,"enemies":"Lots of Slimes","floor":5,"turns":4},{"damage":30,"enemies":"Lagavulin","floor":7,"turns":6},{"damage":14,"enemies":"Red Slaver","floor":8,"turns":4},{"damage":17,"enemies":"3 Sentries","floor":10,"turns":15},{"damage":5,"enemies":"Blue Slaver","floor":12,"turns":4},{"damage":4,"enemies":"Large Slime","floor":14,"turns":7},{"damage":29,"enemies":"The Guardian","floor":16,"turns":10}],"seed_played":"4659384461140181880","potions_obtained":[{"floor":4,"key":"SteroidPotion"},{"floor":7,"key":"GamblersBrew"},{"floor":10,"key":"Fire Potion"}],"is_trial":false,"path_per_floor":["M","M","?","M","M","R","E","M","T","E","$","M","T","M","R","B"],"character_chosen":"IRONCLAD","items_purchased":["Second Wind"],"campfire_rested":0,"item_purchase_floors":[11],"current_hp_per_floor":[73,66,66,68,68,68,44,36,36,25,25,26,26,28,28,0],"gold":99,"neow_bonus":"REMOVE_TWO","is_prod":false,"is_daily":false,"chose_seed":false,"campfire_upgraded":2,"win_rate":0,"timestamp":1564484444,"path_taken":["M","M","?","M","M","R","E","?","T","E","$","M","?","M","R","BOSS"],"build_version":"2019-07-17","purchased_purges":1,"victory":false,"max_hp_per_floor":[75,75,75,75,75,75,75,75,75,75,75,75,75,75,75,75],"card_choices":[{"not_picked":["Sword Boomerang","Iron Wave","Clothesline"],"picked":"SKIP","floor":1},{"not_picked":["Sword Boomerang","Iron Wave"],"picked":"Clothesline","floor":1},{"not_picked":["Combust","Perfected Strike","Sword Boomerang"],"picked":"SKIP","floor":2},{"not_picked":["Cleave","True Grit"],"picked":"Pommel Strike","floor":4},{"not_picked":["Barricade","Pommel Strike"],"picked":"Dropkick","floor":5},{"not_picked":["Heavy Blade","Rupture"],"picked":"Feel No Pain","floor":7},{"not_picked":["Anger","Heavy Blade","Sword Boomerang"],"picked":"SKIP","floor":8},{"not_picked":["Battle Trance","Berserk"],"picked":"Shrug It Off","floor":10},{"not_picked":["Searing Blow","Bloodletting"],"picked":"Disarm","floor":12},{"not_picked":["Twin Strike","Hemokinesis"],"picked":"Warcry","floor":14}],"player_experience":1308538,"relics_obtained":[{"floor":7,"key":"Gremlin Horn"},{"floor":9,"key":"Paper Frog"},{"floor":10,"key":"Shovel"},{"floor":13,"key":"Blue Candle"}],"event_choices":[{"cards_removed":["Strike_R"],"damage_healed":0,"gold_gain":0,"player_choice":"Offered Basic","damage_taken":0,"max_hp_gain":0,"max_hp_loss":0,"event_name":"Bonfire Elementals","floor":3,"gold_loss":0}],"is_beta":false,"boss_relics":[],"items_purged_floors":[11],"is_endless":false,"potions_floor_spawned":[4,7,10],"killed_by":"The Guardian","ascension_level":20}