{"gold_per_floor":[114,130,11,11,11,37,37,55,55,55,68,83,83,113,113,187,187,197,38,48,48,48,48,65,65,65,83,109,109,109,128,128,201,201,214,230,230,242,257,257,73,73,73,86,117,128,161,181,181,181,181,181,181,0,32,32],"floor_reached":57,"playtime":3104,"items_purged":["Strike_B","Defend_B","Zap+1"],"score":2813,"play_id":"7dd7a19e-dcc5-494d-bc47-cf4079759a79","local_time":"20190729182707","is_ascension_mode":true,"campfire_choices":[{"data":"Coolheaded","floor":7.0,"key":"SMITH"},{"data":"Zap","floor":13.0,"key":"SMITH"},{"data":"Barrage","floor":15.0,"key":"SMITH"},{"data":"Consume","floor":23.0,"key":"SMITH"},{"data":"Creative AI","floor":25.0,"key":"SMITH"},{"data":"Darkness","floor":29.0,"key":"SMITH"},{"floor":32.0,"key":"REST"},{"data":"Seek","floor":40.0,"key":"SMITH"},{"data":"Fission","floor":42.0,"key":"SMITH"},{"floor":49,"key":"RECALL"},{"data":"Consume","floor":53,"key":"SMITH"}],"neow_cost":"NONE","seed_source_timestamp":872157595649700,"circlet_count":0,"master_deck":["AscendersBane","Defend_B","Defend_B","Defend_B","Dualcast","Coolheaded+1","Turbo","Glacier","Capacitor","Capacitor","Glacier","Barrage+1","Creative AI+1","Conserve Battery+1","Consume+1","Chill","Meteor Strike","Darkness+1","Self Repair","Echo Form","Seek+1","Tempest","Dark Shackles","Panacea","Chill","Fission+1","Coolheaded","Coolheaded+1","Blizzard+1","Consume+1","Force Field"],"special_seed":0,"relics":["Cracked Core","NeowsBlessing","CultistMask","Pear","Blue Candle","Nuclear Battery","Mercury Hourglass","Cursed Key","Bag of Preparation","Centennial Puzzle","Oddly Smooth Stone"],"potions_floor_usage":[47,56,56],"damage_taken":[{"damage":0.0,"enemies":"Small Slimes","floor":1.0,"turns":1.0},{"damage":0.0,"enemies":"Cultist","floor":2.0,"turns":1.0},{"damage":0.0,"enemies":"Lagavulin","floor":6.0,"turns":1.0},{"damage":5.0,"enemies":"2 Louse","floor":8.0,"turns":3.0},{"damage":4.0,"enemies":"Red Slaver","floor":11.0,"turns":6.0},{"damage":5.0,"enemies":"3 Louse","floor":12.0,"turns":6.0},{"damage":13.0,"enemies":"3 Sentries","floor":14.0,"turns":14.0},{"damage":28.0,"enemies":"Hexaghost","floor":16.0,"turns":11.0},{"damage":16.0,"enemies":"Shell Parasite","floor":18.0,"turns":7.0},{"damage":3.0,"enemies":"3 Byrds","floor":20.0,"turns":4.0},{"damage":7.0,"enemies":"Centurion and Healer","floor":24.0,"turns":10.0},{"damage":7.0,"enemies":"Sentry and Sphere","floor":27.0,"turns":10.0},{"damage":6.0,"enemies":"Book of Stabbing","floor":28.0,"turns":7.0},{"damage":13.0,"enemies":"Snecko","floor":31.0,"turns":6.0},{"damage":21.0,"enemies":"Collector","floor":33.0,"turns":12.0},{"damage":0.0,"enemies":"3 Shapes","floor":35.0,"turns":7.0},{"damage":6.0,"enemies":"Orb Walker","floor":36.0,"turns":4.0},{"damage":12.0,"enemies":"Sphere and 2 Shapes","floor":38.0,"turns":4.0},{"damage":0.0,"enemies":"Maw","floor":39.0,"turns":12.0},{"damage":17,"enemies":"Jaw Worm Horde","floor":44,"turns":7},{"damage":3,"enemies":"Giant Head","floor":45,"turns":12},{"damage":5,"enemies":"Transient","floor":46,"turns":6},{"damage":16,"enemies":"Reptomancer","floor":47,"turns":9},{"damage":0,"enemies":"Spire Growth","floor":48,"turns":5},{"damage":16,"enemies":"Time Eater","floor":50,"turns":14},{"damage":0,"enemies":"Donu and Deca","floor":51,"turns":8},{"damage":31,"enemies":"Shield and Spear","floor":55,"turns":7},{"damage":34,"enemies":"The Heart","floor":56,"turns":14}],"seed_played":"3865513312874619198","potions_obtained":[{"floor":6.0,"key":"Poison Potion"},{"floor":10.0,"key":"LiquidBronze"},{"floor":10.0,"key":"EssenceOfSteel"},{"floor":11.0,"key":"LiquidBronze"},{"floor":16.0,"key":"Strength Potion"},{"floor":20.0,"key":"EntropicBrew"},{"floor":28.0,"key":"Regen Potion"},{"floor":35.0,"key":"FearPotion"},{"floor":44,"key":"GamblersBrew"},{"floor":45,"key":"Ancient Potion"}],"is_trial":false,"path_per_floor":["M","M","$","?","?","E","R","M","T","?","M","M","R","E","R","B",null,"M","$","M","?","?","R","M","R","T","M","E","R","?","M","R","B",null,"M","M","?","M","M","R","$","R","T","M","E","M","E","M","R","B","B",null,"R","$","E","B",null],"character_chosen":"DEFECT","items_purchased":["Glacier","Capacitor","Consume","Fission","Dexterity Potion"],"campfire_rested":1,"item_purchase_floors":[3,3,19,41,54],"current_hp_per_floor":[64,64,64,64,64,64,64,59,69,69,65,60,60,47,47,19,66,50,50,47,47,47,47,40,40,40,33,34,34,11,20,45,38,74,86,86,76,64,71,71,71,71,71,61,72,81,72,86,86,84,86,86,86,86,62,35],"gold":32,"neow_bonus":"THREE_ENEMY_KILL","is_prod":false,"is_daily":false,"chose_seed":false,"campfire_upgraded":9,"win_rate":0,"timestamp":1564392427,"path_taken":["M","M","$","?","?","E","R","?","T","?","M","M","R","E","R","BOSS","M","$","M","?","?","R","M","R","T","M","E","R","?","M","R","BOSS","M","M","?","M","M","R","$","R","T","M","E","M","E","M","R","BOSS","BOSS","R","$","E","BOSS"],"build_version":"2019-07-17","purchased_purges":3,"victory":true,"max_hp_per_floor":[71,71,71,71,71,71,71,71,81,81,81,81,81,81,81,81,81,81,81,81,81,81,81,81,81,81,81,81,81,86,86,86,86,86,86,86,86,86,86,86,86,86,86,86,86,86,86,86,86,86,86,86,86,86,86,86],"card_choices":[{"not_picked":["Stack","Beam Cell"],"picked":"Coolheaded","floor":1.0},{"not_picked":["Steam Power","Go for the Eyes"],"picked":"Turbo","floor":2.0},{"not_picked":["Steam Power","Compile Driver","Aggregate"],"picked":"SKIP","floor":6.0},{"not_picked":["Steam Power","Redo","Fusion"],"picked":"SKIP","floor":8.0},{"not_picked":["Steam Power","Redo","Fusion"],"picked":"SKIP","floor":8.0},{"not_picked":["Steam","Doom and Gloom"],"picked":"Glacier","floor":11.0},{"not_picked":["Turbo","Fusion","Auto Shields"],"picked":"SKIP","floor":12.0},{"not_picked":["Turbo","Fusion","Auto Shields"],"picked":"SKIP","floor":12.0},{"not_picked":["Turbo","Fusion","Auto Shields"],"picked":"SKIP","floor":12.0},{"not_picked":["Gash","Leap"],"picked":"Barrage","floor":14.0},{"not_picked":["Buffer","All For One"],"picked":"Creative AI","floor":16.0},{"not_picked":["Storm","Coolheaded"],"picked":"Conserve Battery+1","floor":18.0},{"not_picked":["Undo","Barrage","Compile Driver"],"picked":"SKIP","floor":20.0},{"not_picked":["Rebound+1","Go for the Eyes"],"picked":"Darkness","floor":24.0},{"not_picked":["Cold Snap","Barrage"],"picked":"Self Repair","floor":27.0},{"not_picked":["Lockon","Storm","Redo"],"picked":"SKIP","floor":28.0},{"not_picked":["Barrage","Gash"],"picked":"Echo Form","floor":31.0},{"not_picked":["Thunder Strike","Multi-Cast"],"picked":"Seek","floor":33.0},{"not_picked":["Conserve Battery","Go for the Eyes"],"picked":"Tempest","floor":35.0},{"not_picked":["BootSequence+1","FTL","Scrape"],"picked":"SKIP","floor":36.0},{"not_picked":["Forethought","Violence"],"picked":"Dark Shackles","floor":37.0},{"not_picked":["Dark Shackles","Forethought"],"picked":"Panacea","floor":37.0},{"not_picked":["Beam Cell","Static Discharge","Hello World"],"picked":"SKIP","floor":38.0},{"not_picked":["Rebound","Steam+1"],"picked":"Chill","floor":39.0},{"not_picked":["Genetic Algorithm","Leap"],"picked":"Coolheaded","floor":44},{"not_picked":["Genetic Algorithm+1","Conserve Battery","Gash+1"],"picked":"SKIP","floor":45},{"not_picked":["Genetic Algorithm+1","Conserve Battery","Gash+1"],"picked":"SKIP","floor":45},{"not_picked":["Turbo","Sweeping Beam"],"picked":"Coolheaded+1","floor":46},{"not_picked":["Leap","Steam Power+1"],"picked":"Blizzard+1","floor":47},{"not_picked":["Leap","All For One"],"picked":"Consume","floor":48},{"not_picked":["Ball Lightning","Coolheaded"],"picked":"Force Field","floor":55}],"player_experience":1285222,"relics_obtained":[{"floor":9.0,"key":"Pear"},{"floor":14.0,"key":"Blue Candle"},{"floor":28.0,"key":"Mercury Hourglass"},{"floor":45,"key":"Bag of Preparation"},{"floor":47,"key":"Centennial Puzzle"},{"floor":55,"key":"Oddly Smooth Stone"}],"event_choices":[{"damage_healed":0.0,"max_hp_gain":0.0,"max_hp_loss":0.0,"gold_gain":0.0,"cards_transformed":["Strike_B"],"event_name":"Living Wall","player_choice":"Change","floor":4.0,"gold_loss":0.0,"damage_taken":0.0,"cards_obtained":["Capacitor"]},{"damage_healed":0.0,"max_hp_gain":0.0,"max_hp_loss":0.0,"gold_gain":0.0,"event_name":"FaceTrader","player_choice":"Trade","floor":5.0,"gold_loss":0.0,"damage_taken":0.0,"relics_obtained":["CultistMask"]},{"damage_healed":0.0,"max_hp_gain":0.0,"max_hp_loss":0.0,"gold_gain":0.0,"event_name":"Lab","player_choice":"Got Potions","floor":10.0,"gold_loss":0.0,"damage_taken":0.0},{"damage_healed":0.0,"max_hp_gain":0.0,"max_hp_loss":0.0,"gold_gain":0.0,"cards_transformed":["Strike_B","Strike_B"],"event_name":"Drug Dealer","player_choice":"Became Test Subject","floor":21.0,"gold_loss":0.0,"damage_taken":0.0,"cards_obtained":["Chill","Meteor Strike"]},{"damage_healed":0.0,"max_hp_gain":0.0,"max_hp_loss":0.0,"gold_gain":0.0,"event_name":"The Mausoleum","player_choice":"Ignored","floor":22.0,"gold_loss":0.0,"damage_taken":0.0},{"damage_healed":0.0,"max_hp_gain":5.0,"max_hp_loss":0.0,"gold_gain":0.0,"event_name":"Forgotten Altar","player_choice":"Shed Blood","floor":30.0,"gold_loss":0.0,"damage_taken":28.0},{"damage_healed":0.0,"max_hp_gain":0.0,"max_hp_loss":0.0,"gold_gain":0.0,"event_name":"SensoryStone","player_choice":"Memory 3","floor":37.0,"gold_loss":0.0,"damage_taken":10.0}],"is_beta":false,"boss_relics":[{"not_picked":["Philosopher\u0027s Stone","Black Star"],"picked":"Nuclear Battery"},{"not_picked":["Empty Cage","Fusion Hammer"],"picked":"Cursed Key"}],"items_purged_floors":[19,41,54],"is_endless":false,"potions_floor_spawned":[6,11,14,16,20,27,28,35,44,45,46],"ascension_level":20}