{"gold_per_floor":[115,115,115,115,131,144,164,192,240,255,255,285,285,296,296,296],"floor_reached":16,"playtime":963,"items_purged":[],"score":190,"play_id":"4fdc3cb7-b42b-4b97-81ae-ae47967752c3","local_time":"20190512130418","is_ascension_mode":true,"campfire_choices":[{"floor":11,"key":"REST"},{"floor":13,"key":"REST"},{"data":"Dodge and Roll","floor":15,"key":"SMITH"}],"neow_cost":"NONE","seed_source_timestamp":7705983850033,"circlet_count":0,"master_deck":["AscendersBane","Defend_G+1","Defend_G","Defend_G","Defend_G","Defend_G","Strike_G","Strike_G","Strike_G","Strike_G+1","Strike_G","Survivor","Neutralize","Dagger Throw","Cloak And Dagger","Cloak And Dagger","Dagger Spray","Choke","Dodge and Roll+1","Endless Agony"],"relics":["Ring of the Snake","NeowsBlessing","Letter Opener","Snake Skull","Smiling Mask"],"potions_floor_usage":[8,12,12,16],"damage_taken":[{"damage":0,"enemies":"2 Louse","floor":1,"turns":1},{"damage":0,"enemies":"Jaw Worm","floor":5,"turns":1},{"damage":0,"enemies":"Small Slimes","floor":6,"turns":1},{"damage":0,"enemies":"Blue Slaver","floor":7,"turns":5},{"damage":2,"enemies":"3 Sentries","floor":8,"turns":8},{"damage":23,"enemies":"Large Slime","floor":10,"turns":8},{"damage":14,"enemies":"Lagavulin","floor":12,"turns":5},{"damage":2,"enemies":"3 Louse","floor":14,"turns":4},{"damage":60,"enemies":"The Guardian","floor":16,"turns":18}],"seed_played":"-3455835665295582292","potions_obtained":[{"floor":5,"key":"EssenceOfSteel"},{"floor":7,"key":"Poison Potion"},{"floor":10,"key":"Poison Potion"},{"floor":12,"key":"Regen Potion"}],"is_trial":false,"path_per_floor":["M","?","?","?","M","M","M","E","T","M","R","E","R","M","R","B"],"character_chosen":"THE_SILENT","items_purchased":[],"campfire_rested":2,"item_purchase_floors":[],"current_hp_per_floor":[59,46,46,46,46,46,46,44,44,21,40,26,45,43,43,0],"gold":296,"neow_bonus":"THREE_ENEMY_KILL","is_prod":false,"is_daily":false,"chose_seed":false,"campfire_upgraded":1,"win_rate":0,"timestamp":1557659058,"path_taken":["M","?","?","?","M","M","M","E","T","M","R","E","R","?","R","BOSS"],"build_version":"2019-01-23","purchased_purges":0,"victory":false,"max_hp_per_floor":[66,66,66,66,66,66,66,66,66,66,66,66,66,66,66,66],"card_choices":[{"not_picked":["Flying Knee","Slice"],"picked":"Dagger Throw","floor":1},{"not_picked":["Slice","Flying Knee"],"picked":"Cloak And Dagger","floor":5},{"not_picked":["Prepared","Grand Finale"],"picked":"Cloak And Dagger","floor":6},{"not_picked":["Backflip","Dagger Throw"],"picked":"Dagger Spray","floor":7},{"not_picked":["Noxious Fumes","Slice"],"picked":"Choke","floor":8},{"not_picked":["Backflip","Cloak And Dagger"],"picked":"Dodge and Roll","floor":10},{"not_picked":["Outmaneuver","Dagger Throw"],"picked":"Endless Agony","floor":14}],"player_experience":837025,"relics_obtained":[{"floor":8,"key":"Letter Opener"},{"floor":9,"key":"Snake Skull"},{"floor":12,"key":"Smiling Mask"}],"event_choices":[{"damage_healed":0,"gold_gain":0,"player_choice":"Entered Light","damage_taken":13,"max_hp_gain":0,"max_hp_loss":0,"event_name":"Shining Light","floor":2,"gold_loss":0,"cards_upgraded":["Defend_G","Strike_G"]},{"damage_healed":0,"gold_gain":0,"player_choice":"Ignored","damage_taken":0,"max_hp_gain":0,"max_hp_loss":0,"event_name":"Golden Wing","floor":3,"gold_loss":0},{"damage_healed":0,"gold_gain":0,"player_choice":"Ignored","damage_taken":0,"max_hp_gain":0,"max_hp_loss":0,"event_name":"Liars Game","floor":4,"gold_loss":0}],"is_beta":false,"boss_relics":[],"items_purged_floors":[],"is_endless":false,"potions_floor_spawned":[5,7,10,12],"killed_by":"The Guardian","ascension_level":14}