{"gold_per_floor":[110,110,35,54,70,70,111,186,235,235,271,284,284,304,304,304],"floor_reached":16,"playtime":360,"items_purged":["Doubt"],"score":220,"play_id":"343ce00b-f234-4065-a4ac-a8ada72cf9c7","local_time":"20190613153616","is_ascension_mode":true,"campfire_choices":[{"data":"Bash","floor":6,"key":"SMITH"},{"floor":10,"key":"REST"},{"floor":13,"key":"REST"},{"data":"Combust","floor":15,"key":"SMITH"}],"neow_cost":"CURSE","seed_source_timestamp":2424522559600,"circlet_count":0,"master_deck":["AscendersBane","Strike_R","Strike_R","Strike_R","Strike_R","Strike_R","Defend_R","Defend_R","Defend_R","Defend_R","Bash+1","Evolve","Combust+1","Sword Boomerang"],"relics":["Burning Blood","Unceasing Top","Golden Idol","Regal Pillow","Gremlin Horn"],"potions_floor_usage":[7,7,11,16],"damage_taken":[{"damage":7,"enemies":"Cultist","floor":1,"turns":4},{"damage":3,"enemies":"Small Slimes","floor":4,"turns":3},{"damage":11,"enemies":"2 Louse","floor":5,"turns":3},{"damage":8,"enemies":"Gremlin Nob","floor":7,"turns":3},{"damage":59,"enemies":"Lagavulin","floor":11,"turns":8},{"damage":5,"enemies":"2 Fungi Beasts","floor":12,"turns":4},{"damage":3,"enemies":"Lots of Slimes","floor":14,"turns":5},{"damage":32,"enemies":"The Guardian","floor":16,"turns":5}],"seed_played":"6756599621716904911","potions_obtained":[{"floor":1,"key":"Strength Potion"},{"floor":5,"key":"GamblersBrew"},{"floor":7,"key":"SpeedPotion"},{"floor":11,"key":"Swift Potion"}],"is_trial":false,"path_per_floor":["M","?","$","M","M","R","E","?","T","R","E","M","R","M","R","B"],"character_chosen":"IRONCLAD","items_purchased":[],"campfire_rested":2,"item_purchase_floors":[],"current_hp_per_floor":[67,41,41,44,39,39,37,26,26,63,10,11,48,51,51,19],"gold":304,"neow_bonus":"ONE_RARE_RELIC","is_prod":false,"is_daily":false,"chose_seed":false,"campfire_upgraded":2,"win_rate":0,"timestamp":1560407776,"path_taken":["M","?","$","M","M","R","E","?","T","R","E","M","R","M","R","BOSS"],"build_version":"2019-01-23","purchased_purges":1,"victory":false,"max_hp_per_floor":[75,75,75,75,75,75,75,75,75,75,75,75,75,75,75,75],"card_choices":[{"not_picked":["Havoc","Rupture"],"picked":"Evolve","floor":1},{"not_picked":["Burning Pact","Wild Strike"],"picked":"Combust","floor":4},{"not_picked":["Wild Strike","Cleave"],"picked":"Sword Boomerang","floor":5},{"not_picked":["Blood for Blood","Iron Wave","Corruption"],"picked":"SKIP","floor":7},{"not_picked":["Body Slam","Intimidate","Iron Wave"],"picked":"SKIP","floor":11},{"not_picked":["Pummel","Evolve","Anger"],"picked":"SKIP","floor":12},{"not_picked":["Pommel Strike","Corruption","Flex"],"picked":"SKIP","floor":14}],"player_experience":627637,"relics_obtained":[{"floor":7,"key":"Regal Pillow"},{"floor":11,"key":"Gremlin Horn"}],"event_choices":[{"damage_healed":0,"gold_gain":0,"player_choice":"Take Damage","damage_taken":26,"relics_obtained":["Golden Idol"],"max_hp_gain":0,"max_hp_loss":0,"event_name":"Golden Idol","floor":2,"gold_loss":0},{"damage_healed":0,"gold_gain":75,"player_choice":"Gather Gold","damage_taken":11,"max_hp_gain":0,"max_hp_loss":0,"event_name":"World of Goop","floor":8,"gold_loss":0}],"is_beta":false,"boss_relics":[],"items_purged_floors":[3],"is_endless":false,"potions_floor_spawned":[1,5,7,11],"killed_by":"The Guardian","ascension_level":20}