{"gold_per_floor":[109,34,14,26,26,26,57,73,73,92,25,25,25,45,45,45],"floor_reached":16,"playtime":941,"items_purged":["Decay"],"score":100,"play_id":"0e1d229f-f73a-41a1-88fe-de3a3ad6945b","local_time":"20190101170344","is_ascension_mode":false,"campfire_choices":[{"floor":6.0,"key":"REST"},{"floor":15,"key":"REST"}],"neow_cost":"CURSE","seed_source_timestamp":0,"circlet_count":0,"master_deck":["Defend_G","Defend_G","Defend_G","Defend_G","Defend_G","Strike_G","Strike_G","Strike_G","Strike_G","Strike_G","Survivor","Neutralize","Dark Shackles","Cloak And Dagger","Master of Strategy","Slice","Blade Dance","Accuracy"],"special_seed":0,"relics":["Ring of the Snake","Darkstone Periapt","Singing Bowl","CultistMask"],"potions_floor_usage":[16],"damage_taken":[{"damage":15.0,"enemies":"Jaw Worm","floor":1.0,"turns":6.0},{"damage":0.0,"enemies":"Cultist","floor":4.0,"turns":4.0},{"damage":16.0,"enemies":"3 Sentries","floor":7.0,"turns":14.0},{"damage":0.0,"enemies":"2 Louse","floor":8.0,"turns":3.0},{"damage":0,"enemies":"Exordium Thugs","floor":10,"turns":6},{"damage":0,"enemies":"Looter","floor":14,"turns":3},{"damage":74,"enemies":"The Guardian","floor":16,"turns":13}],"seed_played":"6964432728883339271","potions_obtained":[{"floor":4.0,"key":"Ancient Potion"},{"floor":8.0,"key":"GhostInAJar"},{"floor":14,"key":"SneckoOil"}],"is_trial":false,"path_per_floor":["M","$","?","M","?","R","E","M","T","M","$","T","?","M","R","B"],"character_chosen":"THE_SILENT","items_purchased":["Accuracy"],"campfire_rested":2,"item_purchase_floors":[11],"current_hp_per_floor":[55,55,55,55,55,70,54,54,54,54,54,54,54,56,72,0],"gold":45,"neow_bonus":"RANDOM_COLORLESS_2","is_prod":false,"is_daily":false,"chose_seed":false,"campfire_upgraded":0,"win_rate":0,"timestamp":1546355024,"path_taken":["M","$","?","M","?","R","E","M","T","?","$","?","?","M","R","BOSS"],"build_version":"2018-12-20","purchased_purges":1,"victory":false,"max_hp_per_floor":[70,70,70,70,70,70,70,70,70,70,70,70,70,72,72,72],"card_choices":[{"not_picked":["Dodge and Roll","Outmaneuver","Flying Knee"],"picked":"SKIP","floor":1.0},{"not_picked":["Underhanded Strike","Noxious Fumes"],"picked":"Cloak And Dagger","floor":4.0},{"not_picked":["Unload","Heel Hook"],"picked":"Slice","floor":7.0},{"not_picked":["Bouncing Flask","Outmaneuver"],"picked":"Blade Dance","floor":8.0},{"not_picked":["Sucker Punch","Underhanded Strike","Grand Finale"],"picked":"SKIP","floor":10},{"not_picked":["Sucker Punch","Setup","Backflip"],"picked":"Singing Bowl","floor":14}],"player_experience":879909,"relics_obtained":[{"floor":7.0,"key":"Darkstone Periapt"},{"floor":12,"key":"Singing Bowl"}],"event_choices":[{"damage_healed":0.0,"max_hp_gain":0.0,"max_hp_loss":0.0,"gold_gain":0.0,"event_name":"World of Goop","player_choice":"Left Gold","floor":3.0,"gold_loss":20.0,"damage_taken":0.0},{"damage_healed":0.0,"max_hp_gain":0.0,"max_hp_loss":0.0,"gold_gain":0.0,"cards_transformed":["The Bomb"],"event_name":"Transmorgrifier","player_choice":"Transformed","floor":5.0,"gold_loss":0.0,"damage_taken":0.0,"cards_obtained":["Master of Strategy"]},{"damage_healed":0,"gold_gain":0,"player_choice":"Trade","damage_taken":0,"relics_obtained":["CultistMask"],"max_hp_gain":0,"max_hp_loss":0,"event_name":"FaceTrader","floor":13,"gold_loss":0}],"is_beta":false,"boss_relics":[],"items_purged_floors":[2],"is_endless":false,"potions_floor_spawned":[4,8,14],"killed_by":"The Guardian","ascension_level":0}