{"gold_per_floor":[117,133,18,93,93,121,121,155,155,188,188,188,219,101,101,175,175,195,120,139,139,1,1,1],"floor_reached":24,"playtime":662,"items_purged":["Strike_B"],"score":486,"play_id":"203cae4e-28ff-4f28-8524-15bda80cf3cd","local_time":"20190628194205","is_ascension_mode":true,"campfire_choices":[{"data":"Defragment","floor":7,"key":"SMITH"},{"floor":12,"key":"REST"},{"data":"Fission","floor":15,"key":"SMITH"},{"data":"Loop","floor":23,"key":"SMITH"}],"neow_cost":"NONE","seed_source_timestamp":149843760646900,"circlet_count":0,"master_deck":["AscendersBane","Zap","Dualcast","Cold Snap","Defragment","Capacitor","Turbo","Defragment+1","Fission+1","Cold Snap","Tempest","Loop+1","Electrodynamics","Darkness","Double Energy","Gash","Rainbow","Force Field","Turbo","Cold Snap","Glacier","Glacier"],"relics":["Cracked Core","NeowsBlessing","StoneCalendar","Gremlin Horn","Letter Opener","Ancient Tea Set","Regal Pillow","Boot","Pandora\u0027s Box"],"potions_floor_usage":[10,24,24],"damage_taken":[{"damage":0,"enemies":"Jaw Worm","floor":1,"turns":1},{"damage":0,"enemies":"Small Slimes","floor":2,"turns":1},{"damage":0,"enemies":"3 Sentries","floor":6,"turns":1},{"damage":20,"enemies":"Lagavulin","floor":8,"turns":7},{"damage":22,"enemies":"3 Sentries","floor":10,"turns":6},{"damage":5,"enemies":"Lagavulin","floor":13,"turns":7},{"damage":24,"enemies":"Hexaghost","floor":16,"turns":7},{"damage":23,"enemies":"Shell Parasite","floor":18,"turns":4},{"damage":0,"enemies":"Spheric Guardian","floor":20,"turns":7},{"damage":38,"enemies":"Gremlin Leader","floor":24,"turns":4}],"seed_played":"5340541722094450595","potions_obtained":[{"floor":1,"key":"Explosive Potion"},{"floor":8,"key":"SpeedPotion"},{"floor":18,"key":"Strength Potion"}],"is_trial":false,"path_per_floor":["M","M","$","?","?","E","R","E","T","E","?","R","E","$","R","B",null,"M","?","M","?","$","R","E"],"character_chosen":"DEFECT","items_purchased":["Capacitor","Turbo","Loop","Glacier","Energy Potion"],"campfire_rested":1,"item_purchase_floors":[3,3,14,22,22],"current_hp_per_floor":[64,64,64,53,71,71,71,51,51,29,24,60,55,55,55,31,61,38,38,38,38,38,38,0],"gold":1,"neow_bonus":"THREE_ENEMY_KILL","is_prod":false,"is_daily":false,"chose_seed":false,"campfire_upgraded":3,"win_rate":0,"timestamp":1561718525,"path_taken":["M","M","$","?","?","E","R","E","T","E","?","R","E","?","R","BOSS","M","?","M","?","$","R","E"],"build_version":"2019-01-23","purchased_purges":1,"victory":false,"max_hp_per_floor":[71,71,71,71,71,71,71,71,71,71,71,71,71,71,71,71,71,71,71,71,71,71,71,71],"card_choices":[{"not_picked":["Stack","White Noise"],"picked":"Cold Snap","floor":1},{"not_picked":["FTL","Barrage"],"picked":"Defragment","floor":2},{"not_picked":["Beam Cell","Coolheaded"],"picked":"Defragment","floor":6},{"not_picked":["Gash","Recycle"],"picked":"Fission","floor":8},{"not_picked":["Sweeping Beam","Beam Cell"],"picked":"Cold Snap","floor":10},{"not_picked":["Rebound","Go for the Eyes"],"picked":"Tempest","floor":13},{"not_picked":["Meteor Strike","Reboot"],"picked":"Electrodynamics","floor":16},{"not_picked":["Beam Cell","BootSequence"],"picked":"Cold Snap","floor":18},{"not_picked":["Ball Lightning","Barrage","Steam Power"],"picked":"SKIP","floor":20}],"player_experience":865419,"relics_obtained":[{"floor":6,"key":"StoneCalendar"},{"floor":8,"key":"Gremlin Horn"},{"floor":9,"key":"Letter Opener"},{"floor":10,"key":"Ancient Tea Set"},{"floor":13,"key":"Boot"}],"event_choices":[{"damage_healed":0,"gold_gain":75,"player_choice":"Gather Gold","damage_taken":11,"max_hp_gain":0,"max_hp_loss":0,"event_name":"World of Goop","floor":4,"gold_loss":0},{"damage_healed":23,"gold_gain":0,"player_choice":"Banana","damage_taken":0,"max_hp_gain":0,"max_hp_loss":0,"event_name":"Big Fish","floor":5,"gold_loss":0},{"damage_healed":0,"gold_gain":0,"player_choice":"Success","damage_taken":5,"relics_obtained":["Regal Pillow"],"max_hp_gain":0,"max_hp_loss":0,"event_name":"Scrap Ooze","floor":11,"gold_loss":0},{"cards_removed":["Sweeping Beam"],"damage_healed":0,"gold_gain":0,"player_choice":"Gave Gold","damage_taken":0,"max_hp_gain":0,"max_hp_loss":0,"event_name":"Beggar","floor":19,"gold_loss":75},{"damage_healed":0,"gold_gain":0,"player_choice":"Read","damage_taken":0,"max_hp_gain":0,"max_hp_loss":0,"event_name":"The Library","floor":21,"gold_loss":0,"cards_obtained":["Glacier"]}],"is_beta":false,"boss_relics":[{"not_picked":["Black Star","Fusion Hammer"],"picked":"Pandora\u0027s Box"}],"items_purged_floors":[14],"is_endless":false,"potions_floor_spawned":[1,8,18,20],"killed_by":"Gremlin Leader","ascension_level":20}