{"gold_per_floor":[109,109,120,45,45,76,76,76,102,128,128,142,142,169,169,247,247,267,302,64,64,14,14,30,30,30,45,45,59,71,104,104,182,182,194,194,194,210,42,42,75,101,146,146,176,202,202,230,242,254,266,278,290,23,57,57],"floor_reached":57,"playtime":2965,"items_purged":["Strike_B"],"score":3035,"play_id":"c7e7120a-5435-4aa6-902f-7d1dcbee163a","local_time":"20190717170307","is_ascension_mode":true,"campfire_choices":[{"data":"Sunder","floor":8.0,"key":"SMITH"},{"data":"Loop","floor":11.0,"key":"SMITH"},{"data":"Consume","floor":13.0,"key":"SMITH"},{"data":"Creative AI","floor":15.0,"key":"SMITH"},{"data":"Coolheaded","floor":23.0,"key":"SMITH"},{"data":"Dualcast","floor":25.0,"key":"SMITH"},{"data":"Turbo","floor":28.0,"key":"SMITH"},{"floor":32.0,"key":"REST"},{"data":"Chill","floor":40.0,"key":"SMITH"},{"data":"Apotheosis","floor":44,"key":"SMITH"},{"data":"Fission","floor":47,"key":"SMITH"},{"floor":49,"key":"RECALL"},{"data":"Biased Cognition","floor":53,"key":"SMITH"}],"neow_cost":"NONE","seed_source_timestamp":398136625981000,"circlet_count":0,"master_deck":["AscendersBane","Strike_B","Defend_B","Defend_B","Defend_B","Defend_B","Zap","Dualcast+1","Gash","Glacier","Sunder+1","Tempest","Loop+1","Consume+1","Creative AI+1","Biased Cognition+1","Coolheaded+1","Turbo+1","Fission+1","Coolheaded","Chill+1","Deep Breath","Purity","Apotheosis+1","Go for the Eyes+1","Hologram+1","Skim+1","Force Field+1","Coolheaded"],"special_seed":0,"relics":["Cracked Core","NeowsBlessing","StoneCalendar","Centennial Puzzle","Regal Pillow","Incense Burner","WingedGreaves","Inserter","Red Mask","PreservedInsect","The Courier","Oddly Smooth Stone","Nuclear Battery","ClockworkSouvenir","DataDisk","Meat on the Bone","Art of War","Mummified Hand","MawBank","Runic Capacitor","Sundial"],"potions_floor_usage":[42,50,56,56],"damage_taken":[{"damage":0.0,"enemies":"Jaw Worm","floor":1.0,"turns":1.0},{"damage":0.0,"enemies":"2 Louse","floor":3.0,"turns":1.0},{"damage":0.0,"enemies":"Gremlin Nob","floor":6.0,"turns":1.0},{"damage":6.0,"enemies":"Lagavulin","floor":10.0,"turns":7.0},{"damage":0.0,"enemies":"Cultist","floor":12.0,"turns":4.0},{"damage":1.0,"enemies":"Gremlin Nob","floor":14.0,"turns":3.0},{"damage":10.0,"enemies":"The Guardian","floor":16.0,"turns":10.0},{"damage":5.0,"enemies":"2 Thieves","floor":18.0,"turns":5.0},{"damage":26.0,"enemies":"Masked Bandits","floor":19.0,"turns":4.0},{"damage":0.0,"enemies":"Chosen","floor":24.0,"turns":7.0},{"damage":5.0,"enemies":"3 Cultists","floor":27.0,"turns":7.0},{"damage":3.0,"enemies":"Shelled Parasite and Fungi","floor":29.0,"turns":7.0},{"damage":10.0,"enemies":"Snake Plant","floor":30.0,"turns":6.0},{"damage":11.0,"enemies":"Slavers","floor":31.0,"turns":5.0},{"damage":22.0,"enemies":"Automaton","floor":33.0,"turns":13.0},{"damage":0.0,"enemies":"3 Shapes","floor":35.0,"turns":5.0},{"damage":0.0,"enemies":"Orb Walker","floor":38.0,"turns":5.0},{"damage":4.0,"enemies":"Giant Head","floor":41.0,"turns":11.0},{"damage":15,"enemies":"Reptomancer","floor":42,"turns":8},{"damage":0,"enemies":"Giant Head","floor":45,"turns":7},{"damage":12,"enemies":"Nemesis","floor":46,"turns":7},{"damage":0,"enemies":"Giant Head","floor":48,"turns":9},{"damage":15,"enemies":"Donu and Deca","floor":50,"turns":8},{"damage":3,"enemies":"Awakened One","floor":51,"turns":17},{"damage":0,"enemies":"Shield and Spear","floor":55,"turns":4},{"damage":33,"enemies":"The Heart","floor":56,"turns":11}],"seed_played":"-3792202575333993939","potions_obtained":[{"floor":6.0,"key":"Energy Potion"},{"floor":10.0,"key":"Ancient Potion"},{"floor":12.0,"key":"Swift Potion"},{"floor":18.0,"key":"SteroidPotion"},{"floor":27.0,"key":"LiquidBronze"},{"floor":33.0,"key":"SpeedPotion"},{"floor":42,"key":"AttackPotion"}],"is_trial":false,"path_per_floor":["M","?","M","?","$","E","?","R","T","E","R","M","R","E","R","B",null,"M","?","$","?","?","R","M","R","T","M","R","M","M","E","R","B",null,"M","?","?","M","$","R","E","E","T","R","E","E","R","E","R","B","B",null,"R","$","E","B",null],"character_chosen":"DEFECT","items_purchased":["PreservedInsect","ClockworkSouvenir","Runic Capacitor","PowerPotion","Energy Potion","Coolheaded"],"campfire_rested":1,"item_purchase_floors":[20,39,54,54,54,54],"current_hp_per_floor":[64,64,64,64,64,64,64,64,64,58,58,58,58,57,57,47,65,60,34,34,34,34,34,34,34,34,29,29,26,16,5,41,19,58,58,48,48,48,48,48,44,29,29,29,41,41,41,41,41,38,47,65,65,65,65,44],"gold":57,"neow_bonus":"THREE_ENEMY_KILL","is_prod":false,"is_daily":false,"chose_seed":false,"campfire_upgraded":11,"win_rate":0,"timestamp":1563350587,"path_taken":["M","?","M","?","$","E","?","R","T","E","R","M","R","E","R","BOSS","M","?","$","?","?","R","M","R","T","?","R","M","M","E","R","BOSS","M","?","?","M","$","R","E","E","T","R","E","E","R","E","R","BOSS","BOSS","R","$","E","BOSS"],"build_version":"2019-07-05","purchased_purges":1,"victory":true,"max_hp_per_floor":[71,71,71,71,71,71,71,71,71,71,71,71,71,71,71,71,71,71,71,71,71,71,71,71,71,71,71,71,71,71,71,71,71,71,71,71,71,71,71,71,71,71,71,71,71,71,71,71,71,71,71,71,71,71,71,71],"card_choices":[{"not_picked":["Aggregate","Skim"],"picked":"Gash","floor":1.0},{"not_picked":["Hologram","Steam"],"picked":"Glacier","floor":3.0},{"not_picked":["Ball Lightning","Cold Snap"],"picked":"Sunder","floor":6.0},{"not_picked":["Beam Cell","Sweeping Beam"],"picked":"Loop","floor":10.0},{"not_picked":["Barrage","Hologram"],"picked":"Consume","floor":12.0},{"not_picked":["BootSequence","Leap"],"picked":"Creative AI","floor":14.0},{"not_picked":["Core Surge","All For One"],"picked":"Biased Cognition","floor":16.0},{"not_picked":["Beam Cell","Rebound","Streamline"],"picked":"SKIP","floor":18.0},{"not_picked":["Chaos","Steam Power+1"],"picked":"Coolheaded","floor":19.0},{"not_picked":["Aggregate","Conserve Battery","Skim"],"picked":"SKIP","floor":24.0},{"not_picked":["Rebound","Gash"],"picked":"Turbo","floor":27.0},{"not_picked":["Beam Cell","Steam Power"],"picked":"Fission","floor":29.0},{"not_picked":["Turbo","Steam Power+1"],"picked":"Coolheaded","floor":30.0},{"not_picked":["Darkness","Sweeping Beam"],"picked":"Chill","floor":31.0},{"not_picked":["Hologram","Reinforced Body","Barrage"],"picked":"SKIP","floor":35.0},{"not_picked":["Mind Blast","Madness"],"picked":"Deep Breath","floor":36.0},{"not_picked":["Flash of Steel","Finesse"],"picked":"Purity","floor":36.0},{"not_picked":["Bandage Up","Enlightenment"],"picked":"Apotheosis","floor":36.0},{"not_picked":["Beam Cell","Stack","FTL"],"picked":"SKIP","floor":38.0},{"not_picked":["Fusion+1","Reprogram"],"picked":"Go for the Eyes+1","floor":41.0},{"not_picked":["Sweeping Beam","Melter"],"picked":"Hologram+1","floor":42},{"not_picked":["Beam Cell","FTL","Steam Power"],"picked":"SKIP","floor":45},{"not_picked":["Beam Cell","FTL","Steam Power"],"picked":"SKIP","floor":45},{"not_picked":["Blizzard","Redo"],"picked":"Skim+1","floor":46},{"not_picked":["Machine Learning","Beam Cell"],"picked":"Force Field+1","floor":48},{"not_picked":["Beam Cell","Gash","Rip and Tear"],"picked":"SKIP","floor":55}],"player_experience":1073799,"relics_obtained":[{"floor":6.0,"key":"Centennial Puzzle"},{"floor":9.0,"key":"Regal Pillow"},{"floor":10.0,"key":"Incense Burner"},{"floor":14.0,"key":"WingedGreaves"},{"floor":19.0,"key":"Red Mask"},{"floor":26.0,"key":"The Courier"},{"floor":31.0,"key":"Oddly Smooth Stone"},{"floor":41.0,"key":"DataDisk"},{"floor":42,"key":"Meat on the Bone"},{"floor":45,"key":"Art of War"},{"floor":46,"key":"Mummified Hand"},{"floor":48,"key":"MawBank"},{"floor":55,"key":"Sundial"}],"event_choices":[{"damage_healed":0.0,"max_hp_gain":0.0,"max_hp_loss":0.0,"gold_gain":0.0,"event_name":"Big Fish","player_choice":"Box","floor":2.0,"gold_loss":0.0,"damage_taken":0.0,"relics_obtained":["StoneCalendar"],"cards_obtained":["Regret"]},{"cards_removed":["Regret"],"damage_healed":0.0,"max_hp_gain":0.0,"max_hp_loss":0.0,"gold_gain":0.0,"event_name":"The Cleric","player_choice":"Card Removal","floor":4.0,"gold_loss":75.0,"damage_taken":0.0},{"damage_healed":0.0,"max_hp_gain":0.0,"max_hp_loss":0.0,"gold_gain":0.0,"cards_transformed":["Strike_B"],"event_name":"Living Wall","player_choice":"Change","floor":7.0,"gold_loss":0.0,"damage_taken":0.0,"cards_obtained":["Tempest"]},{"damage_healed":0.0,"max_hp_gain":0.0,"max_hp_loss":0.0,"gold_gain":0.0,"event_name":"Masked Bandits","player_choice":"Fought Bandits","floor":19.0,"gold_loss":0.0,"damage_taken":0.0},{"cards_removed":["Strike_B"],"damage_healed":0.0,"max_hp_gain":0.0,"max_hp_loss":0.0,"gold_gain":0.0,"event_name":"Back to Basics","player_choice":"Elegance","floor":21.0,"gold_loss":0.0,"damage_taken":0.0},{"damage_healed":0.0,"max_hp_gain":0.0,"max_hp_loss":0.0,"gold_gain":0.0,"event_name":"The Joust","player_choice":"Bet on Murderer","floor":22.0,"gold_loss":50.0,"damage_taken":0.0},{"damage_healed":0.0,"max_hp_gain":0.0,"max_hp_loss":0.0,"gold_gain":0.0,"event_name":"SensoryStone","player_choice":"Memory 3","floor":36.0,"gold_loss":0.0,"damage_taken":10.0},{"damage_healed":0.0,"max_hp_gain":0.0,"max_hp_loss":0.0,"gold_gain":0.0,"event_name":"Mysterious Sphere","player_choice":"Ignored","floor":37.0,"gold_loss":0.0,"damage_taken":0.0}],"is_beta":false,"boss_relics":[{"not_picked":["Astrolabe","Fusion Hammer"],"picked":"Inserter"},{"not_picked":["Tiny House","Philosopher\u0027s Stone"],"picked":"Nuclear Battery"}],"items_purged_floors":[20],"is_endless":false,"potions_floor_spawned":[6,10,12,16,18,27,33,38,42,45],"ascension_level":20}