{"gold_per_floor":[118,393,201,201,201,201,229,11,11,22,22,53,73,83,83,157,157,174,188,188,207,207,235,235,254,281,281,308,308,336,336,336,410,410,422,438,234,246,246,275,275,306,306,306,322,322,335,351,351,351,351,351,351,10,39,39],"floor_reached":57,"playtime":2299,"items_purged":["Regret","Strike_R","Strike_R"],"score":2756,"play_id":"56e1fd9b-ef15-4ec1-bd03-e8d0fcee8e0c","local_time":"20190624151026","is_ascension_mode":true,"campfire_choices":[{"data":"Bash","floor":6.0,"key":"SMITH"},{"data":"Whirlwind","floor":11.0,"key":"SMITH"},{"data":"Demon Form","floor":15.0,"key":"SMITH"},{"data":"Demon Form","floor":24.0,"key":"SMITH"},{"data":"Feel No Pain","floor":27.0,"key":"SMITH"},{"data":"Shockwave","floor":29.0,"key":"SMITH"},{"data":"Shockwave","floor":32.0,"key":"SMITH"},{"data":"Dual Wield","floor":41.0,"key":"SMITH"},{"floor":44.0,"key":"RECALL"},{"data":"Sword Boomerang","floor":46.0,"key":"SMITH"},{"data":"Second Wind","floor":49.0,"key":"SMITH"},{"data":"Flame Barrier","floor":53,"key":"SMITH"}],"neow_cost":"NONE","seed_source_timestamp":176539591257700,"circlet_count":0,"master_deck":["AscendersBane","Strike_R","Strike_R","Defend_R","Defend_R","Defend_R","Defend_R","Bash+1","Shrug It Off","Evolve+1","Spot Weakness","Whirlwind+1","Feel No Pain+1","Demon Form+1","Shockwave+1","Reaper","Battle Trance","Demon Form+1","Shockwave+1","Injury","Pommel Strike","Second Wind+1","Limit Break","Dual Wield+1","Twin Strike+1","Sword Boomerang+1","Dual Wield+1","Limit Break","Battle Trance","Flame Barrier+1"],"special_seed":0,"relics":["Burning Blood","Centennial Puzzle","Bottled Tornado","ClockworkSouvenir","Pantograph","Pen Nib","Cursed Key","Juzu Bracelet","Mango","Shuriken","Coffee Dripper","Bronze Scales","Orichalcum","Happy Flower","Dodecahedron"],"potions_floor_usage":[51,56],"damage_taken":[{"damage":7.0,"enemies":"Jaw Worm","floor":1.0,"turns":3.0},{"damage":28.0,"enemies":"Lagavulin","floor":7.0,"turns":5.0},{"damage":6.0,"enemies":"Cultist","floor":10.0,"turns":4.0},{"damage":5.0,"enemies":"3 Sentries","floor":12.0,"turns":5.0},{"damage":0.0,"enemies":"2 Louse","floor":13.0,"turns":2.0},{"damage":2.0,"enemies":"Gremlin Gang","floor":14.0,"turns":2.0},{"damage":30.0,"enemies":"Slime Boss","floor":16.0,"turns":6.0},{"damage":23.0,"enemies":"2 Thieves","floor":18.0,"turns":3.0},{"damage":24.0,"enemies":"Chosen","floor":19.0,"turns":6.0},{"damage":33.0,"enemies":"Centurion and Healer","floor":21.0,"turns":8.0},{"damage":21.0,"enemies":"Gremlin Leader","floor":23.0,"turns":5.0},{"damage":23.0,"enemies":"Snecko","floor":25.0,"turns":7.0},{"damage":62.0,"enemies":"Slavers","floor":28.0,"turns":4.0},{"damage":31.0,"enemies":"Gremlin Leader","floor":30.0,"turns":6.0},{"damage":96.0,"enemies":"Collector","floor":33.0,"turns":7.0},{"damage":63.0,"enemies":"3 Darklings","floor":35.0,"turns":5.0},{"damage":38.0,"enemies":"Orb Walker","floor":36.0,"turns":6.0},{"damage":73.0,"enemies":"Jaw Worm Horde","floor":38.0,"turns":6.0},{"damage":8.0,"enemies":"Giant Head","floor":40.0,"turns":5.0},{"damage":74.0,"enemies":"Nemesis","floor":42.0,"turns":7.0},{"damage":35.0,"enemies":"Maw","floor":45.0,"turns":8.0},{"damage":42.0,"enemies":"Writhing Mass","floor":47.0,"turns":8.0},{"damage":39.0,"enemies":"Jaw Worm Horde","floor":48.0,"turns":3.0},{"damage":59,"enemies":"Donu and Deca","floor":50,"turns":7},{"damage":118,"enemies":"Awakened One","floor":51,"turns":8},{"damage":58,"enemies":"Shield and Spear","floor":55,"turns":7},{"damage":127,"enemies":"The Heart","floor":56,"turns":9}],"seed_played":"2048165688546251386","potions_obtained":[{"floor":1.0,"key":"Block Potion"},{"floor":13.0,"key":"Dexterity Potion"},{"floor":16.0,"key":"GamblersBrew"},{"floor":19.0,"key":"AttackPotion"},{"floor":25.0,"key":"EntropicBrew"},{"floor":30.0,"key":"Fire Potion"},{"floor":36.0,"key":"FearPotion"},{"floor":40.0,"key":"LiquidBronze"},{"floor":45.0,"key":"GamblersBrew"}],"is_trial":false,"path_per_floor":["M","?","$","?","?","R","E","$","T","M","R","E","M","M","R","B",null,"M","M","?","M","?","E","R","M","T","R","E","R","E","?","R","B",null,"M","M","$","M","?","E","R","E","T","R","M","R","M","M","R","B","B",null,"R","$","E","B",null],"character_chosen":"IRONCLAD","items_purchased":["Evolve","Spot Weakness","ClockworkSouvenir","PowerPotion","Sword Boomerang","Happy Flower","Energy Potion"],"campfire_rested":0,"item_purchase_floors":[3,3,8,37,37,54,54],"current_hp_per_floor":[67,67,67,67,67,67,45,45,45,45,45,46,52,56,56,51,69,68,65,65,75,75,60,60,74,74,74,62,62,89,89,89,53,80,89,89,89,89,85,83,83,73,73,73,44,44,85,52,52,85,51,77,77,77,49,79],"gold":39,"neow_bonus":"RANDOM_COMMON_RELIC","is_prod":false,"is_daily":false,"chose_seed":false,"campfire_upgraded":11,"win_rate":0,"timestamp":1561356626,"path_taken":["M","?","?","?","?","R","E","$","T","?","R","E","M","M","R","BOSS","M","?","?","M","?","E","R","M","T","R","E","R","E","?","R","BOSS","M","M","$","M","?","E","R","E","T","R","M","R","M","M","R","BOSS","BOSS","R","$","E","BOSS"],"build_version":"2019-01-23","purchased_purges":3,"victory":true,"max_hp_per_floor":[75,75,75,75,75,75,75,75,75,75,75,75,75,75,75,75,75,75,75,75,75,75,75,75,75,75,75,89,89,89,89,89,89,89,89,89,89,89,85,85,85,85,85,85,85,85,85,85,85,85,85,85,85,85,85,85],"card_choices":[{"not_picked":["Blood for Blood","Sword Boomerang"],"picked":"Shrug It Off","floor":1.0},{"not_picked":["Thunderclap","Clothesline"],"picked":"Whirlwind","floor":7.0},{"not_picked":["Havoc","Shrug It Off"],"picked":"Feel No Pain","floor":10.0},{"not_picked":["Pummel","Carnage"],"picked":"Demon Form","floor":12.0},{"not_picked":["Entrench","Spot Weakness"],"picked":"Shockwave","floor":13.0},{"not_picked":["Headbutt","Fire Breathing","Wild Strike"],"picked":"SKIP","floor":14.0},{"not_picked":["Demon Form","Bludgeon"],"picked":"Reaper","floor":16.0},{"not_picked":["Sword Boomerang","Sever Soul","Rampage+1"],"picked":"SKIP","floor":18.0},{"not_picked":["Perfected Strike","Clothesline"],"picked":"Battle Trance","floor":19.0},{"not_picked":["Fire Breathing","Bloodletting","Havoc"],"picked":"SKIP","floor":21.0},{"not_picked":["Perfected Strike","True Grit"],"picked":"Demon Form","floor":23.0},{"not_picked":["Cleave","Shockwave","Clash"],"picked":"SKIP","floor":25.0},{"not_picked":["Cleave","Clash"],"picked":"Shockwave","floor":25.0},{"not_picked":["Body Slam","Rampage+1"],"picked":"Pommel Strike","floor":28.0},{"not_picked":["Rampage","Pommel Strike+1"],"picked":"Second Wind","floor":30.0},{"not_picked":["Barricade","Dark Embrace"],"picked":"Limit Break","floor":33.0},{"not_picked":["Rampage+1","Rage"],"picked":"Dual Wield","floor":35.0},{"not_picked":["Uppercut+1","Anger+1"],"picked":"Twin Strike+1","floor":36.0},{"not_picked":["Rage+1","True Grit","Armaments"],"picked":"SKIP","floor":38.0},{"not_picked":["Corruption+1","Carnage+1"],"picked":"Dual Wield+1","floor":40.0},{"not_picked":["Perfected Strike","Sword Boomerang"],"picked":"Limit Break","floor":42.0},{"not_picked":["Body Slam+1","Perfected Strike","Clash+1"],"picked":"SKIP","floor":45.0},{"not_picked":["Wild Strike","Bloodletting"],"picked":"Battle Trance","floor":47.0},{"not_picked":["Blood for Blood","Thunderclap"],"picked":"Flame Barrier","floor":48.0},{"not_picked":["Anger+1","Clash","Demon Form"],"picked":"SKIP","floor":55}],"player_experience":782816,"relics_obtained":[{"floor":7.0,"key":"Bottled Tornado"},{"floor":9.0,"key":"Pantograph"},{"floor":12.0,"key":"Pen Nib"},{"floor":23.0,"key":"Juzu Bracelet"},{"floor":28.0,"key":"Mango"},{"floor":30.0,"key":"Shuriken"},{"floor":40.0,"key":"Bronze Scales"},{"floor":42.0,"key":"Orichalcum"},{"floor":55,"key":"Dodecahedron"}],"event_choices":[{"damage_healed":0.0,"max_hp_gain":0.0,"max_hp_loss":0.0,"gold_gain":275.0,"event_name":"Golden Shrine","player_choice":"Desecrate","floor":2.0,"gold_loss":0.0,"damage_taken":0.0,"cards_obtained":["Regret"]},{"damage_healed":0.0,"max_hp_gain":0.0,"max_hp_loss":0.0,"gold_gain":0.0,"event_name":"Liars Game","player_choice":"Ignored","floor":4.0,"gold_loss":0.0,"damage_taken":0.0},{"cards_removed":["Strike_R"],"damage_healed":0.0,"max_hp_gain":0.0,"max_hp_loss":0.0,"gold_gain":0.0,"event_name":"Bonfire Elementals","player_choice":"Offered Basic","floor":5.0,"gold_loss":0.0,"damage_taken":0.0},{"damage_healed":0.0,"max_hp_gain":0.0,"max_hp_loss":0.0,"gold_gain":0.0,"event_name":"Vampires","player_choice":"Ignored","floor":20.0,"gold_loss":0.0,"damage_taken":0.0},{"damage_healed":0.0,"max_hp_gain":0.0,"max_hp_loss":0.0,"gold_gain":0.0,"event_name":"N\u0027loth","player_choice":"Ignored","floor":22.0,"gold_loss":0.0,"damage_taken":0.0},{"damage_healed":0.0,"max_hp_gain":0.0,"max_hp_loss":0.0,"gold_gain":0.0,"event_name":"Accursed Blacksmith","player_choice":"Forge","floor":31.0,"gold_loss":0.0,"damage_taken":0.0,"cards_upgraded":["Evolve"]},{"damage_healed":0.0,"max_hp_gain":0.0,"max_hp_loss":4.0,"gold_gain":0.0,"event_name":"Winding Halls","player_choice":"Max HP","floor":39.0,"gold_loss":0.0,"damage_taken":0.0}],"is_beta":false,"boss_relics":[{"not_picked":["Runic Cube","Black Star"],"picked":"Cursed Key"},{"not_picked":["Runic Dome","Mark of Pain"],"picked":"Coffee Dripper"}],"items_purged_floors":[3,37,54],"is_endless":false,"potions_floor_spawned":[1,13,16,19,25,30,36,40,42,45,55],"ascension_level":20}