{"gold_per_floor":[366,366,382,406,28,59,59,84,84,84,97,113,132,132,132,132],"floor_reached":16,"playtime":551,"items_purged":["Strike_R"],"score":220,"play_id":"e5d1b18a-18d7-4673-8cc5-a594e55d5afd","local_time":"20190616095750","is_ascension_mode":true,"campfire_choices":[{"data":"Bash","floor":7,"key":"SMITH"},{"data":"Rampage","floor":10,"key":"SMITH"},{"data":"True Grit","floor":15,"key":"SMITH"}],"neow_cost":"TEN_PERCENT_HP_LOSS","seed_source_timestamp":156177390324900,"circlet_count":0,"master_deck":["AscendersBane","Strike_R","Strike_R","Strike_R","Defend_R","Defend_R","Defend_R","Defend_R","Bash+1","True Grit+1","Rampage+1","Feel No Pain","Feel No Pain","Feel No Pain","Corruption","Reaper","Dual Wield"],"relics":["Burning Blood","Self Forming Clay","PreservedInsect","Centennial Puzzle","Blue Candle","Shuriken"],"potions_floor_usage":[16],"damage_taken":[{"damage":9,"enemies":"Jaw Worm","floor":1,"turns":5},{"damage":2,"enemies":"Small Slimes","floor":3,"turns":4},{"damage":26,"enemies":"Gremlin Nob","floor":6,"turns":4},{"damage":12,"enemies":"Lagavulin","floor":8,"turns":6},{"damage":5,"enemies":"2 Louse","floor":11,"turns":3},{"damage":9,"enemies":"Exordium Wildlife","floor":12,"turns":7},{"damage":6,"enemies":"Looter","floor":13,"turns":3},{"damage":44,"enemies":"Hexaghost","floor":16,"turns":11}],"seed_played":"-5615741891390488811","potions_obtained":[{"floor":8,"key":"Strength Potion"}],"is_trial":false,"path_per_floor":["M","?","M","T","$","E","R","E","T","R","M","M","M","?","R","B"],"character_chosen":"IRONCLAD","items_purchased":["Feel No Pain","Centennial Puzzle","Fire Potion"],"campfire_rested":0,"item_purchase_floors":[5,5,5],"current_hp_per_floor":[65,54,58,58,58,38,38,32,32,32,33,30,30,30,30,0],"gold":132,"neow_bonus":"TWO_FIFTY_GOLD","is_prod":false,"is_daily":false,"chose_seed":false,"campfire_upgraded":3,"win_rate":0,"timestamp":1560646670,"path_taken":["M","?","M","?","$","E","R","E","T","R","M","M","M","?","R","BOSS"],"build_version":"2019-01-23","purchased_purges":1,"victory":false,"max_hp_per_floor":[68,68,68,68,68,68,68,68,68,68,68,68,68,68,68,68],"card_choices":[{"not_picked":["Uppercut","Armaments"],"picked":"True Grit","floor":1},{"not_picked":["Searing Blow","Warcry"],"picked":"Rampage","floor":3},{"not_picked":["Power Through","Entrench"],"picked":"Feel No Pain","floor":6},{"not_picked":["True Grit","Pummel"],"picked":"Feel No Pain","floor":8},{"not_picked":["Bloodletting","Feel No Pain"],"picked":"Corruption","floor":11},{"not_picked":["Iron Wave","Sword Boomerang"],"picked":"Reaper","floor":12},{"not_picked":["Thunderclap","Twin Strike","Iron Wave"],"picked":"SKIP","floor":13}],"player_experience":688309,"relics_obtained":[{"floor":4,"key":"PreservedInsect"},{"floor":6,"key":"Blue Candle"},{"floor":8,"key":"Shuriken"}],"event_choices":[{"damage_healed":0,"gold_gain":0,"player_choice":"Success","damage_taken":11,"relics_obtained":["Self Forming Clay"],"max_hp_gain":0,"max_hp_loss":0,"event_name":"Scrap Ooze","floor":2,"gold_loss":0},{"damage_healed":0,"gold_gain":0,"cards_transformed":["Strike_R"],"player_choice":"Change","damage_taken":0,"max_hp_gain":0,"max_hp_loss":0,"event_name":"Living Wall","floor":14,"gold_loss":0,"cards_obtained":["Dual Wield"]}],"is_beta":false,"boss_relics":[],"items_purged_floors":[5],"is_endless":false,"potions_floor_spawned":[8,11,12],"killed_by":"Hexaghost","ascension_level":20}