{"gold_per_floor":[112,112,112,37,86,119,119,152,177,193,209,209,222,251,251,330,330,282,298,317,317,72,72,72],"floor_reached":24,"playtime":596,"items_purged":["Strike_B","Strike_B"],"score":528,"play_id":"3eabff7d-02ad-4ebe-b255-39f4cb984305","local_time":"20190725093630","is_ascension_mode":true,"campfire_choices":[{"data":"Self Repair","floor":7,"key":"SMITH"},{"data":"Streamline","floor":12,"key":"SMITH"},{"data":"Loop","floor":15,"key":"SMITH"},{"data":"HandOfGreed","floor":23,"key":"SMITH"}],"neow_cost":"NONE","seed_source_timestamp":497256728583500,"circlet_count":0,"master_deck":["AscendersBane","Strike_B","Defend_B","Defend_B","Defend_B","Defend_B+1","Zap","Dualcast","Turbo+1","Self Repair+1","FTL","Streamline+1","Loop+1","Rebound","Cold Snap","Reboot","Loop","Ghostly","Ghostly","Ghostly","HandOfGreed+1"],"relics":["FrozenCore","NeowsBlessing","Smiling Mask","Nunchaku","Oddly Smooth Stone","Art of War","Strawberry"],"potions_floor_usage":[14,20,24],"damage_taken":[{"damage":0,"enemies":"Small Slimes","floor":1,"turns":1},{"damage":0,"enemies":"Gremlin Nob","floor":6,"turns":1},{"damage":0,"enemies":"3 Sentries","floor":8,"turns":1},{"damage":0,"enemies":"Jaw Worm","floor":10,"turns":4},{"damage":0,"enemies":"2 Louse","floor":11,"turns":2},{"damage":6,"enemies":"Large Slime","floor":13,"turns":4},{"damage":5,"enemies":"Lagavulin","floor":14,"turns":4},{"damage":66,"enemies":"Hexaghost","floor":16,"turns":11},{"damage":28,"enemies":"2 Thieves","floor":18,"turns":5},{"damage":6,"enemies":"Spheric Guardian","floor":19,"turns":5},{"damage":0,"enemies":"Snecko","floor":20,"turns":8},{"damage":41,"enemies":"Book of Stabbing","floor":24,"turns":6}],"seed_played":"8160742970263846028","potions_obtained":[{"floor":8,"key":"Block Potion"},{"floor":11,"key":"AttackPotion"},{"floor":18,"key":"Swift Potion"}],"is_trial":false,"path_per_floor":["M","?","?","$","T","E","R","E","T","M","M","R","M","E","R","B",null,"M","M","M","?","$","R","E"],"character_chosen":"DEFECT","items_purchased":["HandOfGreed"],"campfire_rested":0,"item_purchase_floors":[22],"current_hp_per_floor":[64,43,36,36,36,36,36,46,46,56,66,66,70,78,78,22,64,46,50,60,39,39,39,0],"gold":72,"neow_bonus":"THREE_ENEMY_KILL","is_prod":false,"is_daily":false,"chose_seed":false,"campfire_upgraded":4,"win_rate":0,"timestamp":1564014990,"path_taken":["M","?","?","$","?","E","R","E","T","M","?","R","M","E","R","BOSS","M","M","M","?","$","R","E"],"build_version":"2019-07-17","purchased_purges":2,"victory":false,"max_hp_per_floor":[71,71,71,71,71,71,71,71,71,71,71,71,71,78,78,78,78,78,78,78,39,39,39,39],"card_choices":[{"not_picked":["Gash","Fusion"],"picked":"Turbo","floor":1},{"not_picked":["Hyperbeam","Redo"],"picked":"Self Repair","floor":6},{"not_picked":["Amplify","Beam Cell"],"picked":"FTL","floor":8},{"not_picked":["Storm","Sweeping Beam"],"picked":"Streamline","floor":10},{"not_picked":["Conserve Battery","Streamline"],"picked":"Loop","floor":11},{"not_picked":["Go for the Eyes","BootSequence"],"picked":"Rebound","floor":13},{"not_picked":["Thunder Strike","Steam"],"picked":"Cold Snap","floor":14},{"not_picked":["Machine Learning","Multi-Cast"],"picked":"Reboot","floor":16},{"not_picked":["Doom and Gloom","Hologram","Barrage"],"picked":"SKIP","floor":18},{"not_picked":["Stack","Sweeping Beam+1"],"picked":"Loop","floor":19},{"not_picked":["Barrage","Hello World+1","Sweeping Beam"],"picked":"SKIP","floor":20}],"player_experience":1193659,"relics_obtained":[{"floor":5,"key":"Smiling Mask"},{"floor":6,"key":"Nunchaku"},{"floor":8,"key":"Oddly Smooth Stone"},{"floor":9,"key":"Art of War"},{"floor":14,"key":"Strawberry"}],"event_choices":[{"damage_healed":0,"gold_gain":0,"player_choice":"Entered Light","damage_taken":21,"max_hp_gain":0,"max_hp_loss":0,"event_name":"Shining Light","floor":2,"gold_loss":0,"cards_upgraded":["Turbo","Defend_B"]},{"cards_removed":["Strike_B"],"damage_healed":0,"gold_gain":0,"player_choice":"Card Removal","damage_taken":7,"max_hp_gain":0,"max_hp_loss":0,"event_name":"Golden Wing","floor":3,"gold_loss":0},{"damage_healed":0,"gold_gain":0,"player_choice":"Became a Ghost","damage_taken":0,"max_hp_gain":0,"max_hp_loss":39,"event_name":"Ghosts","floor":21,"gold_loss":0,"cards_obtained":["Ghostly","Ghostly","Ghostly"]}],"is_beta":false,"boss_relics":[{"not_picked":["Calling Bell","Ectoplasm"],"picked":"FrozenCore"}],"items_purged_floors":[4,22],"is_endless":false,"potions_floor_spawned":[8,11,18,19],"killed_by":"Book of Stabbing","ascension_level":20}