{"gold_per_floor":[19,31,41,52,64,64,82,82,82,102,377,377,42,59,59,133,133,149,159,171,351,370,370,370,400,424,424,451,461,496,23,23,100,100,110,110,120,10,30,60,60,93,93,93,93,93,104,133,133,133,133,133,133,0,28,28],"floor_reached":57,"playtime":3813,"items_purged":["Regret","Strike_G+1"],"score":2848,"play_id":"c88cb6d6-5990-49a9-ac0a-e22d3f58cd4b","local_time":"20190724201640","is_ascension_mode":true,"campfire_choices":[{"data":"Glass Knife","floor":6,"key":"SMITH"},{"data":"Neutralize","floor":8,"key":"SMITH"},{"data":"Terror","floor":12,"key":"SMITH"},{"data":"Bouncing Flask","floor":15,"key":"SMITH"},{"floor":24,"key":"REST"},{"data":"Malaise","floor":27,"key":"SMITH"},{"data":"Well Laid Plans","floor":32,"key":"SMITH"},{"data":"Cloak And Dagger","floor":41,"key":"SMITH"},{"data":"Tools of the Trade","floor":44,"key":"SMITH"},{"data":"Setup","floor":46,"key":"SMITH"},{"floor":49,"key":"RECALL"},{"data":"Backflip","floor":53,"key":"SMITH"}],"neow_cost":"NO_GOLD","seed_source_timestamp":446037282686400,"circlet_count":0,"master_deck":["AscendersBane","Survivor","Neutralize+1","Escape Plan","Escape Plan","Glass Knife+1","Terror+1","Bouncing Flask+1","Dagger Spray","Grand Finale","Cloak And Dagger+1","Backflip+1","Malaise+1","Outmaneuver+1","Escape Plan+1","Escape Plan","Well Laid Plans+1","Blur","After Image","Acrobatics","Setup+1","Prepared","Tools of the Trade+1","Escape Plan","Backflip+1","Die Die Die","Blur","Cloak And Dagger+1","Malaise","Outmaneuver+1","Tactician+1","Infinite Blades","Reflex"],"relics":["Ring of the Snake","Incense Burner","Meat on the Bone","PreservedInsect","Empty Cage","Matryoshka","Pear","Oddly Smooth Stone","Red Mask","Letter Opener","Chemical X","Pandora\u0027s Box","Kunai","Turnip","Ancient Tea Set","Centennial Puzzle","Pantograph"],"potions_floor_usage":[16,22,25,28,30,48,56,56],"damage_taken":[{"damage":1,"enemies":"Cultist","floor":1,"turns":4},{"damage":3,"enemies":"Jaw Worm","floor":2,"turns":8},{"damage":1,"enemies":"2 Louse","floor":3,"turns":5},{"damage":2,"enemies":"2 Fungi Beasts","floor":4,"turns":4},{"damage":3,"enemies":"Blue Slaver","floor":5,"turns":6},{"damage":9,"enemies":"Lots of Slimes","floor":7,"turns":6},{"damage":4,"enemies":"Exordium Thugs","floor":10,"turns":5},{"damage":7,"enemies":"Large Slime","floor":14,"turns":8},{"damage":3,"enemies":"Hexaghost","floor":16,"turns":8},{"damage":27,"enemies":"Spheric Guardian","floor":18,"turns":5},{"damage":4,"enemies":"Shell Parasite","floor":19,"turns":3},{"damage":5,"enemies":"Centurion and Healer","floor":20,"turns":6},{"damage":12,"enemies":"Snake Plant","floor":22,"turns":5},{"damage":5,"enemies":"Gremlin Leader","floor":25,"turns":6},{"damage":22,"enemies":"Masked Bandits","floor":28,"turns":4},{"damage":0,"enemies":"Snecko","floor":29,"turns":6},{"damage":2,"enemies":"Book of Stabbing","floor":30,"turns":4},{"damage":34,"enemies":"Collector","floor":33,"turns":12},{"damage":11,"enemies":"3 Shapes","floor":35,"turns":4},{"damage":16,"enemies":"3 Darklings","floor":37,"turns":3},{"damage":0,"enemies":"Spire Growth","floor":39,"turns":4},{"damage":0,"enemies":"Giant Head","floor":40,"turns":6},{"damage":16,"enemies":"Nemesis","floor":42,"turns":7},{"damage":1,"enemies":"4 Shapes","floor":47,"turns":4},{"damage":0,"enemies":"Giant Head","floor":48,"turns":7},{"damage":26,"enemies":"Donu and Deca","floor":50,"turns":16},{"damage":23,"enemies":"Time Eater","floor":51,"turns":25},{"damage":32,"enemies":"Shield and Spear","floor":55,"turns":6},{"damage":51,"enemies":"The Heart","floor":56,"turns":13}],"seed_played":"2369993211581271129","potions_obtained":[{"floor":1,"key":"Weak Potion"},{"floor":2,"key":"LiquidBronze"},{"floor":10,"key":"AttackPotion"},{"floor":16,"key":"GamblersBrew"},{"floor":22,"key":"Explosive Potion"},{"floor":28,"key":"EssenceOfSteel"},{"floor":29,"key":"LiquidBronze"},{"floor":37,"key":"Explosive Potion"},{"floor":40,"key":"PowerPotion"},{"floor":48,"key":"Fruit Juice"}],"is_trial":false,"path_per_floor":["M","M","M","M","M","R","M","R","T","M","?","R","$","M","R","B",null,"M","M","M","?","M","?","R","E","T","R","?","M","E","$","R","B",null,"M","?","M","?","M","E","R","E","T","R","$","R","M","E","R","B","B",null,"R","$","E","B",null],"character_chosen":"THE_SILENT","items_purchased":["Bouncing Flask","PreservedInsect","Dagger Spray","Well Laid Plans","Blur","Chemical X","Infinite Blades","SpeedPotion"],"campfire_rested":1,"item_purchase_floors":[13,13,13,31,31,31,54,54],"current_hp_per_floor":[58,55,54,52,49,49,40,40,40,36,36,36,36,41,41,38,59,44,40,35,17,17,17,36,43,53,53,43,43,41,41,41,19,62,51,51,47,47,47,47,47,43,43,43,43,43,42,47,47,33,22,66,66,66,46,32],"gold":28,"neow_bonus":"ONE_RARE_RELIC","is_prod":false,"is_daily":false,"chose_seed":false,"campfire_upgraded":10,"win_rate":0,"timestamp":1563967000,"path_taken":["M","M","?","M","M","R","M","R","T","M","?","R","$","M","R","BOSS","M","M","?","?","?","?","R","E","T","R","?","M","E","$","R","BOSS","M","?","M","?","M","E","R","E","T","R","$","R","M","E","R","BOSS","BOSS","R","$","E","BOSS"],"build_version":"2019-07-17","purchased_purges":2,"victory":true,"max_hp_per_floor":[66,66,66,66,66,66,66,66,66,66,66,66,66,66,66,66,66,66,66,66,66,66,66,66,66,76,76,76,76,76,76,76,76,76,76,76,76,76,76,76,76,76,76,76,76,76,76,81,81,81,81,81,81,81,81,81],"card_choices":[{"not_picked":["Slice","Dagger Throw"],"picked":"Escape Plan","floor":1},{"not_picked":["Flying Knee","Sucker Punch"],"picked":"Escape Plan","floor":2},{"not_picked":["Eviscerate","Dodge and Roll","Poisoned Stab"],"picked":"SKIP","floor":3},{"not_picked":["Dash","Escape Plan"],"picked":"Glass Knife","floor":4},{"not_picked":["Dodge and Roll","Deflect","Flying Knee"],"picked":"SKIP","floor":5},{"not_picked":["Dodge and Roll","Deflect","Flying Knee"],"picked":"SKIP","floor":5},{"not_picked":["Riddle With Holes","Quick Slash","Dodge and Roll"],"picked":"SKIP","floor":7},{"not_picked":["PiercingWail","Infinite Blades"],"picked":"Terror","floor":10},{"not_picked":["Dodge and Roll","Poisoned Stab"],"picked":"Unload","floor":14},{"not_picked":["Envenom","Glass Knife"],"picked":"Grand Finale","floor":16},{"not_picked":["Deadly Poison","Outmaneuver","Finisher"],"picked":"SKIP","floor":18},{"not_picked":["Predator","Dagger Spray"],"picked":"Cloak And Dagger+1","floor":19},{"not_picked":["Slice","Prepared"],"picked":"Backflip","floor":20},{"not_picked":["Deflect","Dodge and Roll"],"picked":"Malaise","floor":22},{"not_picked":["Backflip","Dagger Throw"],"picked":"Outmaneuver+1","floor":25},{"not_picked":["Prepared","Crippling Poison"],"picked":"Escape Plan+1","floor":28},{"not_picked":["Deflect","Slice","Cloak And Dagger"],"picked":"SKIP","floor":29},{"not_picked":["Expertise","Night Terror"],"picked":"Escape Plan","floor":30},{"not_picked":["Adrenaline","Die Die Die"],"picked":"After Image","floor":33},{"not_picked":["Acrobatics","Eviscerate","Endless Agony"],"picked":"SKIP","floor":35},{"not_picked":["Bane+1","Deadly Poison"],"picked":"Blur","floor":37},{"not_picked":["Flechettes+1","Backflip","Sucker Punch"],"picked":"SKIP","floor":39},{"not_picked":["Wraith Form v2","A Thousand Cuts"],"picked":"Cloak And Dagger","floor":40},{"not_picked":["PiercingWail+1","Prepared+1"],"picked":"Malaise","floor":42},{"not_picked":["Dagger Throw","Backflip"],"picked":"Outmaneuver+1","floor":47},{"not_picked":["Skewer","Sucker Punch"],"picked":"Tactician+1","floor":48},{"not_picked":["Deflect","Prepared"],"picked":"Reflex","floor":55}],"player_experience":1182789,"relics_obtained":[{"floor":9,"key":"Meat on the Bone"},{"floor":25,"key":"Matryoshka"},{"floor":26,"key":"Pear"},{"floor":26,"key":"Oddly Smooth Stone"},{"floor":28,"key":"Red Mask"},{"floor":30,"key":"Letter Opener"},{"floor":40,"key":"Kunai"},{"floor":42,"key":"Turnip"},{"floor":43,"key":"Ancient Tea Set"},{"floor":48,"key":"Centennial Puzzle"},{"floor":55,"key":"Pantograph"}],"event_choices":[{"damage_healed":0,"gold_gain":275,"player_choice":"Desecrate","damage_taken":0,"max_hp_gain":0,"max_hp_loss":0,"event_name":"Golden Shrine","floor":11,"gold_loss":0,"cards_obtained":["Regret"]},{"damage_healed":0,"gold_gain":180,"player_choice":"GOLD GOLD ","damage_taken":18,"max_hp_gain":0,"max_hp_loss":0,"event_name":"Knowing Skull","floor":21,"potions_obtained":[],"gold_loss":0,"cards_obtained":[]},{"damage_healed":0,"gold_gain":0,"player_choice":"Simplicity","damage_taken":0,"max_hp_gain":0,"max_hp_loss":0,"event_name":"Back to Basics","floor":23,"gold_loss":0,"cards_upgraded":["Strike_G","Strike_G","Strike_G","Defend_G","Defend_G","Defend_G","Defend_G","Defend_G"]},{"damage_healed":0,"gold_gain":0,"player_choice":"Fought Bandits","damage_taken":0,"max_hp_gain":0,"max_hp_loss":0,"event_name":"Masked Bandits","floor":28,"gold_loss":0},{"damage_healed":0,"gold_gain":0,"player_choice":"Ignored","damage_taken":0,"max_hp_gain":0,"max_hp_loss":0,"event_name":"Mysterious Sphere","floor":36,"gold_loss":0},{"cards_removed":["Unload"],"damage_healed":0,"gold_gain":0,"player_choice":"Upgrade and Remove","damage_taken":0,"max_hp_gain":0,"max_hp_loss":0,"event_name":"Designer","floor":38,"gold_loss":110,"cards_upgraded":["Backflip"]}],"is_beta":false,"boss_relics":[{"not_picked":["Cursed Key","Ectoplasm"],"picked":"Empty Cage"},{"not_picked":["Snecko Eye","Orrery"],"picked":"Pandora\u0027s Box"}],"items_purged_floors":[13,31],"is_endless":false,"potions_floor_spawned":[1,2,10,14,16,18,19,22,28,29,37,40,48],"ascension_level":20}