{"gold_per_floor":[19,19,39,52,52,52,85,85,85,235,245,263,278,297,297,373,423,434,434,88,107,107,107,118,118,168,168,168,195,79,99,99,99],"floor_reached":33,"playtime":1981,"items_purged":["Shame"],"score":481,"play_id":"43d5f1c8-42dc-4e6c-8b9c-4e6eb2d1fb9a","local_time":"20190722210236","is_ascension_mode":true,"campfire_choices":[{"floor":6.0,"key":"REST"},{"floor":8.0,"key":"REST"},{"floor":15.0,"key":"REST"},{"floor":23.0,"key":"REST"},{"floor":28.0,"key":"REST"},{"floor":32,"key":"REST"}],"neow_cost":"NO_GOLD","seed_source_timestamp":0,"circlet_count":0,"master_deck":["AscendersBane","Strike_G","Strike_G+1","Strike_G","Strike_G","Defend_G","Defend_G","Defend_G","Defend_G","Defend_G","Survivor","Neutralize","Night Terror","Backstab","Reflex","Tactician","Predator","Acrobatics","Reflex","Dagger Throw","Unload","Acrobatics","Eviscerate","Unload","Jack Of All Trades","Backflip","Underhanded Strike","Acrobatics+1","Backstab","Dash","Escape Plan"],"special_seed":0,"relics":["Ring of the Snake","Tingsha","Question Card","Darkstone Periapt","Tiny House","Omamori","Vajra","Matryoshka"],"potions_floor_usage":[31,33],"damage_taken":[{"damage":8.0,"enemies":"2 Louse","floor":1.0,"turns":3.0},{"damage":0.0,"enemies":"Small Slimes","floor":3.0,"turns":4.0},{"damage":2.0,"enemies":"Jaw Worm","floor":4.0,"turns":4.0},{"damage":34.0,"enemies":"Gremlin Nob","floor":7.0,"turns":5.0},{"damage":2.0,"enemies":"Large Slime","floor":11.0,"turns":8.0},{"damage":1.0,"enemies":"Exordium Wildlife","floor":12.0,"turns":5.0},{"damage":1.0,"enemies":"Blue Slaver","floor":13.0,"turns":4.0},{"damage":2.0,"enemies":"Exordium Thugs","floor":14.0,"turns":4.0},{"damage":38.0,"enemies":"Slime Boss","floor":16.0,"turns":12.0},{"damage":6.0,"enemies":"Spheric Guardian","floor":18.0,"turns":3.0},{"damage":28.0,"enemies":"2 Thieves","floor":21.0,"turns":5.0},{"damage":27.0,"enemies":"3 Cultists","floor":24.0,"turns":6.0},{"damage":19.0,"enemies":"Slavers","floor":29.0,"turns":5.0},{"damage":24,"enemies":"Snake Plant","floor":31,"turns":2},{"damage":90,"enemies":"Champ","floor":33,"turns":10}],"seed_played":"-9087904409466576512","potions_obtained":[{"floor":1.0,"key":"GamblersBrew"},{"floor":7.0,"key":"SteroidPotion"},{"floor":11.0,"key":"Explosive Potion"},{"floor":13.0,"key":"SkillPotion"},{"floor":14.0,"key":"Strength Potion"},{"floor":17.0,"key":"Ancient Potion"},{"floor":18.0,"key":"Ancient Potion"},{"floor":24.0,"key":"FearPotion"},{"floor":29.0,"key":"Explosive Potion"}],"is_trial":false,"path_per_floor":["M","?","M","M","?","R","E","R","T","?","M","M","M","M","R","B",null,"M","?","$","M","?","R","M","?","T","?","R","E","$","M","R","B"],"character_chosen":"THE_SILENT","items_purchased":["Unload","Jack Of All Trades","Backstab","Dash"],"campfire_rested":6,"item_purchase_floors":[20,20,30,30],"current_hp_per_floor":[51,51,51,49,49,66,32,51,51,57,55,54,53,51,72,34,68,62,68,68,40,40,64,37,37,37,54,78,59,59,35,59,0],"gold":99,"neow_bonus":"ONE_RARE_RELIC","is_prod":false,"is_daily":false,"chose_seed":false,"campfire_upgraded":0,"win_rate":0,"timestamp":1563818556,"path_taken":["M","?","M","M","?","R","E","R","T","?","M","M","M","M","R","BOSS","M","?","$","M","?","R","M","?","T","?","R","E","$","?","R","BOSS"],"build_version":"2019-07-17","purchased_purges":1,"victory":false,"max_hp_per_floor":[66,66,66,66,66,66,66,66,66,72,72,72,72,72,72,72,77,77,83,83,83,83,83,83,83,83,83,83,83,83,83,83,83],"card_choices":[{"not_picked":["Riddle With Holes","Deadly Poison","Poisoned Stab"],"picked":"SKIP","floor":1.0},{"not_picked":["Slice","Dodge and Roll"],"picked":"Backstab","floor":3.0},{"not_picked":["Noxious Fumes","Dagger Spray"],"picked":"Reflex","floor":4.0},{"not_picked":["Dodge and Roll","PiercingWail"],"picked":"Tactician","floor":7.0},{"not_picked":["Outmaneuver","Riddle With Holes","Choke"],"picked":"Predator","floor":11.0},{"not_picked":["Finisher","Accuracy","Backflip"],"picked":"Acrobatics","floor":12.0},{"not_picked":["Choke","Infinite Blades","Deadly Poison"],"picked":"Reflex","floor":13.0},{"not_picked":["Glass Knife","Flechettes","Acrobatics"],"picked":"Dagger Throw","floor":14.0},{"not_picked":["Storm of Steel","Grand Finale","Venomology"],"picked":"Unload","floor":16.0},{"not_picked":["Bane","Outmaneuver","Backflip"],"picked":"Acrobatics","floor":17.0},{"not_picked":["Footwork","Deflect+1","Sucker Punch+1"],"picked":"Eviscerate","floor":18.0},{"not_picked":["Choke","Sucker Punch","Poisoned Stab"],"picked":"Backflip","floor":21.0},{"not_picked":["Grand Finale","Blur+1","Backflip+1"],"picked":"Underhanded Strike","floor":24.0},{"not_picked":["Sucker Punch","Slice","Catalyst"],"picked":"Acrobatics+1","floor":29.0},{"not_picked":["Outmaneuver","Choke","Finisher+1"],"picked":"Escape Plan","floor":31}],"player_experience":1632131,"relics_obtained":[{"floor":7.0,"key":"Question Card"},{"floor":9.0,"key":"Darkstone Periapt"},{"floor":26.0,"key":"Vajra"},{"floor":29.0,"key":"Matryoshka"}],"event_choices":[{"damage_healed":0.0,"max_hp_gain":0.0,"max_hp_loss":0.0,"gold_gain":0.0,"cards_transformed":["Strike_G"],"event_name":"Living Wall","player_choice":"Change","floor":2.0,"gold_loss":0.0,"damage_taken":0.0,"cards_obtained":["Night Terror"]},{"damage_healed":0.0,"max_hp_gain":0.0,"max_hp_loss":0.0,"gold_gain":0.0,"event_name":"Shining Light","player_choice":"Ignored","floor":5.0,"gold_loss":0.0,"damage_taken":0.0},{"damage_healed":0.0,"max_hp_gain":0.0,"max_hp_loss":0.0,"gold_gain":150.0,"event_name":"Liars Game","player_choice":"AGREE","floor":10.0,"gold_loss":0.0,"damage_taken":0.0,"cards_obtained":["Doubt"]},{"damage_healed":0.0,"max_hp_gain":0.0,"max_hp_loss":0.0,"gold_gain":0.0,"event_name":"Addict","player_choice":"Stole Relic","floor":19.0,"gold_loss":0.0,"damage_taken":0.0,"relics_obtained":["Omamori"],"cards_obtained":["Shame"]},{"cards_removed":["Doubt"],"damage_healed":0.0,"max_hp_gain":0.0,"max_hp_loss":0.0,"gold_gain":0.0,"event_name":"Back to Basics","player_choice":"Elegance","floor":22.0,"gold_loss":0.0,"damage_taken":0.0},{"damage_healed":0.0,"max_hp_gain":0.0,"max_hp_loss":0.0,"gold_gain":0.0,"event_name":"Ghosts","player_choice":"Ignored","floor":25.0,"gold_loss":0.0,"damage_taken":0.0},{"damage_healed":17.0,"max_hp_gain":0.0,"max_hp_loss":0.0,"gold_gain":0.0,"event_name":"The Library","player_choice":"Heal","floor":27.0,"gold_loss":0.0,"damage_taken":0.0}],"is_beta":false,"boss_relics":[{"not_picked":["Sozu","Astrolabe"],"picked":"Tiny House"}],"items_purged_floors":[20],"is_endless":false,"potions_floor_spawned":[1,7,11,13,14,18,24,29],"killed_by":"Champ","ascension_level":16}