{"gold_per_floor":[114,69,144,52,227,260,260,260,260,276,276,310,310,339,339,339],"floor_reached":16,"playtime":620,"items_purged":[],"score":202,"play_id":"33b28b31-fcf2-4914-bbab-acb9b46a2709","local_time":"20190611184529","is_ascension_mode":true,"campfire_choices":[{"data":"Underhanded Strike","floor":8.0,"key":"SMITH"},{"data":"Setup","floor":11.0,"key":"SMITH"},{"floor":13,"key":"REST"},{"floor":15,"key":"REST"}],"neow_cost":"NONE","seed_source_timestamp":1397221199478196,"circlet_count":0,"master_deck":["Defend_G","Defend_G","Defend_G","Defend_G","Defend_G","Strike_G","Strike_G","Strike_G","Strike_G","Strike_G","Survivor","Neutralize","Underhanded Strike+1","Acrobatics","Prepared","Acrobatics","Dash","Setup+1","Endless Agony"],"special_seed":0,"relics":["Ring of the Snake","NeowsBlessing","Potion Belt","Pantograph","Paper Crane","Bottled Flame"],"potions_floor_usage":[12,16],"damage_taken":[{"damage":0.0,"enemies":"Jaw Worm","floor":1.0,"turns":1.0},{"damage":0.0,"enemies":"3 Sentries","floor":6.0,"turns":1.0},{"damage":0.0,"enemies":"Small Slimes","floor":10.0,"turns":1.0},{"damage":13,"enemies":"Gremlin Nob","floor":12,"turns":4},{"damage":45,"enemies":"Lagavulin","floor":14,"turns":8},{"damage":70,"enemies":"Hexaghost","floor":16,"turns":16}],"seed_played":"7615781740606988053","potions_obtained":[{"floor":10.0,"key":"GamblersBrew"},{"floor":14,"key":"SteroidPotion"}],"is_trial":false,"path_per_floor":["M","$","?","$","?","E","?","R","T","M","R","E","R","E","R","B"],"character_chosen":"THE_SILENT","items_purchased":["Acrobatics","Prepared","Acrobatics"],"campfire_rested":2,"item_purchase_floors":[2,4,4],"current_hp_per_floor":[63,63,63,63,63,63,63,63,63,63,63,50,70,25,46,0],"gold":339,"neow_bonus":"THREE_ENEMY_KILL","is_prod":false,"is_daily":false,"chose_seed":false,"campfire_upgraded":2,"win_rate":0,"timestamp":1560267929,"path_taken":["M","$","?","$","?","E","?","R","T","M","R","E","R","E","R","BOSS"],"build_version":"2019-01-23","purchased_purges":0,"victory":false,"max_hp_per_floor":[70,70,70,70,70,70,70,70,70,70,70,70,70,70,70,70],"card_choices":[{"not_picked":["Sucker Punch","Quick Slash"],"picked":"Underhanded Strike","floor":1.0},{"not_picked":["Catalyst","Deflect"],"picked":"Dash","floor":6.0},{"not_picked":["Slice","Setup","Cloak And Dagger"],"picked":"SKIP","floor":10.0},{"not_picked":["Slice","Cloak And Dagger"],"picked":"Setup","floor":10.0},{"not_picked":["Noxious Fumes","Malaise"],"picked":"Endless Agony","floor":12},{"not_picked":["Dodge and Roll","Slice","PiercingWail"],"picked":"SKIP","floor":14}],"player_experience":1514515,"relics_obtained":[{"floor":6.0,"key":"Potion Belt"},{"floor":9.0,"key":"Pantograph"},{"floor":12,"key":"Paper Crane"},{"floor":14,"key":"Bottled Flame"}],"event_choices":[{"damage_healed":0.0,"max_hp_gain":0.0,"max_hp_loss":0.0,"gold_gain":75.0,"event_name":"Golden Wing","player_choice":"Gained Gold","floor":3.0,"gold_loss":0.0,"damage_taken":0.0},{"damage_healed":0.0,"max_hp_gain":0.0,"max_hp_loss":0.0,"gold_gain":175.0,"event_name":"Liars Game","player_choice":"AGREE","floor":5.0,"gold_loss":0.0,"damage_taken":0.0,"cards_obtained":["Doubt"]},{"cards_removed":["Doubt"],"damage_healed":0.0,"max_hp_gain":0.0,"max_hp_loss":0.0,"gold_gain":0.0,"event_name":"Fountain of Cleansing","player_choice":"Removed Curses","floor":7.0,"gold_loss":0.0,"damage_taken":0.0}],"is_beta":false,"boss_relics":[],"items_purged_floors":[],"is_endless":false,"potions_floor_spawned":[10,14],"killed_by":"Hexaghost","ascension_level":9}