{"gold_per_floor":[118,118,133,149,149,149,190,19,19,19,32,50,50,64,64,185,185,200,200,6,22,40,40,40,84,160,19,42,55,55,55,55,175,175,198,218,343,357,357,357,392,392,415,439,472,488,511,511,511,511],"floor_reached":50,"playtime":3084,"items_purged":[],"score":980,"play_id":"11189bff-0742-4bb6-877a-f61d2c58039e","local_time":"20190617192824","is_ascension_mode":true,"campfire_choices":[{"floor":6.0,"key":"REST"},{"floor":15.0,"key":"REST"},{"data":"Panache","floor":23.0,"key":"SMITH"},{"data":"Riddle With Holes","floor":30.0,"key":"SMITH"},{"data":"Finisher","floor":32.0,"key":"SMITH"},{"floor":40.0,"key":"REST"},{"data":"Neutralize","floor":49.0,"key":"SMITH"}],"neow_cost":"NONE","seed_source_timestamp":0,"circlet_count":0,"master_deck":["Defend_G","Defend_G","Defend_G","Defend_G","Defend_G","Strike_G","Strike_G","Strike_G","Strike_G","Strike_G","Survivor","Neutralize+1","Slice","Cloak And Dagger+1","Finisher+1","Leg Sweep+1","Panache+1","Blade Dance+1","Prepared+1","Acrobatics+1","Adrenaline+1","Backstab","Endless Agony+1","Deep Breath+1","Prepared+1","Distraction+1","Riddle With Holes+1","Terror+1","Heel Hook","Blade Dance+1","Blade Dance+1","Dagger Spray+1","Calculated Gamble+1","Finisher+1","Jack Of All Trades+1","Panacea+1","Trip+1","Heel Hook","Adrenaline+1","Cloak And Dagger+1","Terror+1"],"special_seed":0,"relics":["Ring of the Snake","NeowsBlessing","Toxic Egg 2","Golden Idol","Bag of Preparation","Pen Nib","Black Star","MutagenicStrength","ClockworkSouvenir","Vajra","Singing Bowl","Ornamental Fan","Orrery","Thread and Needle","Sundial","Ninja Scroll","Lantern","Bottled Flame","Happy Flower","Shuriken"],"potions_floor_usage":[50],"damage_taken":[{"damage":0.0,"enemies":"Cultist","floor":1.0,"turns":1.0},{"damage":0.0,"enemies":"Small Slimes","floor":3.0,"turns":1.0},{"damage":0.0,"enemies":"Jaw Worm","floor":4.0,"turns":1.0},{"damage":12.0,"enemies":"3 Sentries","floor":7.0,"turns":8.0},{"damage":0.0,"enemies":"Looter","floor":11.0,"turns":2.0},{"damage":3.0,"enemies":"Exordium Thugs","floor":12.0,"turns":5.0},{"damage":4.0,"enemies":"Lots of Slimes","floor":14.0,"turns":2.0},{"damage":24.0,"enemies":"The Guardian","floor":16.0,"turns":14.0},{"damage":0.0,"enemies":"3 Byrds","floor":18.0,"turns":3.0},{"damage":0.0,"enemies":"Spheric Guardian","floor":21.0,"turns":1.0},{"damage":0.0,"enemies":"3 Cultists","floor":22.0,"turns":2.0},{"damage":0.0,"enemies":"Gremlin Leader","floor":25.0,"turns":3.0},{"damage":0.0,"enemies":"Snecko","floor":28.0,"turns":1.0},{"damage":0.0,"enemies":"Cultist and Chosen","floor":29.0,"turns":2.0},{"damage":17.0,"enemies":"Champ","floor":33.0,"turns":6.0},{"damage":0.0,"enemies":"Orb Walker","floor":35.0,"turns":1.0},{"damage":4.0,"enemies":"3 Shapes","floor":36.0,"turns":3.0},{"damage":0.0,"enemies":"Mind Bloom Boss Battle","floor":37.0,"turns":1.0},{"damage":0.0,"enemies":"Spire Growth","floor":38.0,"turns":2.0},{"damage":0.0,"enemies":"Nemesis","floor":41.0,"turns":1.0},{"damage":0.0,"enemies":"Maw","floor":44.0,"turns":2.0},{"damage":0.0,"enemies":"Giant Head","floor":45.0,"turns":2.0},{"damage":0.0,"enemies":"Sphere and 2 Shapes","floor":46.0,"turns":4.0},{"damage":0.0,"enemies":"Jaw Worm Horde","floor":47.0,"turns":2.0},{"damage":100,"enemies":"Time Eater","floor":50,"turns":6}],"seed_played":"9088948170882991538","potions_obtained":[{"floor":1.0,"key":"LiquidBronze"},{"floor":4.0,"key":"Strength Potion"},{"floor":12.0,"key":"Regen Potion"},{"floor":14.0,"key":"Energy Potion"},{"floor":25.0,"key":"SpeedPotion"},{"floor":28.0,"key":"Block Potion"},{"floor":46.0,"key":"Energy Potion"}],"is_trial":false,"path_per_floor":["M","T","M","M","?","R","E","$","T","?","M","M","$","M","R","B",null,"M","?","$","M","M","R","$","E","T","$","M","M","R","?","R","B",null,"M","M","?","M","?","R","E","?","T","M","E","M","M","T","R","B"],"character_chosen":"THE_SILENT","items_purchased":["Panache","ClockworkSouvenir","Deep Breath+1","Prepared+1"],"campfire_rested":3,"item_purchase_floors":[8,20,27,27],"current_hp_per_floor":[63,63,63,63,46,67,55,55,55,60,60,57,57,53,75,51,69,69,69,69,69,69,69,69,71,71,71,71,71,71,71,71,56,75,75,71,73,73,63,83,85,85,85,85,85,85,85,85,85,0],"gold":511,"neow_bonus":"THREE_ENEMY_KILL","is_prod":false,"is_daily":false,"chose_seed":false,"campfire_upgraded":4,"win_rate":0,"timestamp":1560788904,"path_taken":["M","?","?","M","?","R","E","$","T","?","M","M","?","M","R","BOSS","M","?","?","M","M","R","$","E","T","$","?","M","R","?","R","BOSS","M","?","?","M","?","R","E","?","T","?","E","M","M","?","R","BOSS"],"build_version":"2019-01-23","purchased_purges":0,"victory":false,"max_hp_per_floor":[70,70,70,70,70,70,70,70,70,75,75,75,75,75,75,75,75,75,75,75,75,75,75,75,77,77,77,77,77,77,77,77,79,81,81,81,83,83,83,83,85,85,85,85,85,85,85,85,85,85],"card_choices":[{"not_picked":["Flechettes","Quick Slash"],"picked":"Slice","floor":1.0},{"not_picked":["Finisher","Predator"],"picked":"Cloak And Dagger+1","floor":3.0},{"not_picked":["Dash","Caltrops"],"picked":"Finisher","floor":4.0},{"not_picked":["Setup+1","Reflex+1"],"picked":"Leg Sweep+1","floor":7.0},{"not_picked":["Setup+1","Acrobatics+1"],"picked":"Blade Dance+1","floor":11.0},{"not_picked":["Deflect+1","Quick Slash"],"picked":"Prepared+1","floor":12.0},{"not_picked":["Dagger Throw","Corpse Explosion+1"],"picked":"Acrobatics+1","floor":14.0},{"not_picked":["Corpse Explosion+1","Die Die Die"],"picked":"Adrenaline+1","floor":16.0},{"not_picked":["Footwork","Concentrate+1","Leg Sweep+1"],"picked":"SKIP","floor":18.0},{"not_picked":["Calculated Gamble+1","Underhanded Strike"],"picked":"Backstab","floor":21.0},{"not_picked":["Flying Knee+1","Prepared+1"],"picked":"Endless Agony+1","floor":22.0},{"not_picked":["Underhanded Strike","Well Laid Plans","Dagger Throw"],"picked":"Singing Bowl","floor":25.0},{"not_picked":["Deadly Poison+1","Bane"],"picked":"Distraction+1","floor":28.0},{"not_picked":["Deflect+1","Reflex+1"],"picked":"Riddle With Holes","floor":29.0},{"not_picked":["Venomology+1","Bullet Time+1","Malaise+1"],"picked":"Singing Bowl","floor":33.0},{"not_picked":["Outmaneuver+1","Choke"],"picked":"Terror+1","floor":34.0},{"not_picked":["Sucker Punch+1","Deadly Poison+1","Outmaneuver+1"],"picked":"Singing Bowl","floor":34.0},{"not_picked":["Poisoned Stab","Underhanded Strike+1"],"picked":"Heel Hook","floor":34.0},{"not_picked":["Deflect+1","Infinite Blades+1"],"picked":"Blade Dance+1","floor":34.0},{"not_picked":["Catalyst+1","Flying Knee"],"picked":"Blade Dance+1","floor":34.0},{"not_picked":["Backflip+1","Underhanded Strike"],"picked":"Dagger Spray+1","floor":35.0},{"not_picked":["Dodge and Roll+1","Leg Sweep+1"],"picked":"Calculated Gamble+1","floor":36.0},{"not_picked":["Grand Finale","Sucker Punch+1","Backflip+1"],"picked":"Singing Bowl","floor":37.0},{"not_picked":["Dagger Spray+1","Leg Sweep+1"],"picked":"Finisher+1","floor":38.0},{"not_picked":["Discovery+1","Bandage Up+1"],"picked":"Jack Of All Trades+1","floor":39.0},{"not_picked":["PanicButton+1","Secret Weapon+1"],"picked":"Panacea+1","floor":39.0},{"not_picked":["Blind+1","Panacea+1"],"picked":"Trip+1","floor":39.0},{"not_picked":["Reflex+1","Quick Slash+1","Die Die Die"],"picked":"Singing Bowl","floor":41.0},{"not_picked":["Masterful Stab+1","Acrobatics+1"],"picked":"Heel Hook","floor":44.0},{"not_picked":["Dagger Spray","Backflip+1"],"picked":"Adrenaline+1","floor":45.0},{"not_picked":["Dodge and Roll+1","Sucker Punch+1"],"picked":"Cloak And Dagger+1","floor":46.0},{"not_picked":["Poisoned Stab+1","Dagger Throw"],"picked":"Terror+1","floor":47.0}],"player_experience":1541027,"relics_obtained":[{"floor":2.0,"key":"Toxic Egg 2"},{"floor":7.0,"key":"Bag of Preparation"},{"floor":9.0,"key":"Pen Nib"},{"floor":25.0,"key":"Vajra"},{"floor":25.0,"key":"Singing Bowl"},{"floor":26.0,"key":"Ornamental Fan"},{"floor":37.0,"key":"Thread and Needle"},{"floor":41.0,"key":"Sundial"},{"floor":41.0,"key":"Ninja Scroll"},{"floor":43.0,"key":"Lantern"},{"floor":45.0,"key":"Bottled Flame"},{"floor":45.0,"key":"Happy Flower"},{"floor":48.0,"key":"Shuriken"}],"event_choices":[{"damage_healed":0.0,"max_hp_gain":0.0,"max_hp_loss":0.0,"gold_gain":0.0,"event_name":"Golden Idol","player_choice":"Take Damage","floor":5.0,"gold_loss":0.0,"damage_taken":17.0,"relics_obtained":["Golden Idol"]},{"damage_healed":0.0,"max_hp_gain":5.0,"max_hp_loss":0.0,"gold_gain":0.0,"event_name":"Big Fish","player_choice":"Donut","floor":10.0,"gold_loss":0.0,"damage_taken":0.0},{"damage_healed":0.0,"max_hp_gain":0.0,"max_hp_loss":0.0,"gold_gain":0.0,"event_name":"Drug Dealer","player_choice":"Inject Mutagens","floor":19.0,"gold_loss":0.0,"damage_taken":0.0,"relics_obtained":["MutagenicStrength"]},{"damage_healed":0.0,"max_hp_gain":0.0,"max_hp_loss":0.0,"gold_gain":0.0,"event_name":"The Woman in Blue","player_choice":"Bought 0 Potions","floor":31.0,"gold_loss":0.0,"damage_taken":0.0},{"damage_healed":0.0,"max_hp_gain":0.0,"max_hp_loss":0.0,"gold_gain":0.0,"event_name":"MindBloom","player_choice":"Fight","floor":37.0,"gold_loss":0.0,"damage_taken":0.0},{"damage_healed":0.0,"max_hp_gain":0.0,"max_hp_loss":0.0,"gold_gain":0.0,"event_name":"SensoryStone","player_choice":"Memory 3","floor":39.0,"gold_loss":0.0,"damage_taken":10.0},{"damage_healed":0.0,"max_hp_gain":0.0,"max_hp_loss":0.0,"gold_gain":0.0,"event_name":"SecretPortal","player_choice":"Ignored","floor":42.0,"gold_loss":0.0,"damage_taken":0.0}],"is_beta":false,"boss_relics":[{"not_picked":["Runic Dome","Fusion Hammer"],"picked":"Black Star"},{"not_picked":["Tiny House","White Beast Statue"],"picked":"Orrery"}],"items_purged_floors":[],"is_endless":false,"potions_floor_spawned":[1,4,12,14,25,28,33,36,38,45,46],"killed_by":"Time Eater","ascension_level":9}