{"gold_per_floor":[114,126,142,152,28,28,56,56,56,87,106,106,106,139,139,217,217,237,251,268,268,543,573,168,180,203,31,60,78,111,111],"floor_reached":31,"playtime":5121,"items_purged":["Regret"],"score":702,"play_id":"f6e0f7da-5f5d-49f0-ade2-2aec45af664b","local_time":"20190514170747","is_ascension_mode":true,"campfire_choices":[{"data":"Well Laid Plans","floor":6.0,"key":"SMITH"},{"data":"Footwork","floor":8.0,"key":"SMITH"},{"floor":13,"key":"REST"},{"data":"Blade Dance","floor":15,"key":"SMITH"}],"neow_cost":"NONE","seed_source_timestamp":189971906046315,"circlet_count":0,"master_deck":["AscendersBane","Defend_G","Defend_G","Defend_G","Defend_G","Defend_G","Strike_G","Strike_G+1","Strike_G","Strike_G","Strike_G","Survivor","Neutralize","Quick Slash+1","Bullet Time","Footwork+1","Blur","Well Laid Plans+1","Leg Sweep","Sucker Punch","Backstab","Blade Dance+1","Die Die Die","Footwork","Heel Hook","Dark Shackles"],"special_seed":0,"relics":["Ring of the Snake","Pen Nib","Kunai","Ornamental Fan","Whetstone","Centennial Puzzle","WristBlade","Pantograph","WingedGreaves","MawBank","Tough Bandages","Dodecahedron"],"potions_floor_usage":[16,16,23,30,30],"damage_taken":[{"damage":8.0,"enemies":"Jaw Worm","floor":1.0,"turns":8.0},{"damage":0.0,"enemies":"Cultist","floor":2.0,"turns":3.0},{"damage":1.0,"enemies":"2 Louse","floor":3.0,"turns":3.0},{"damage":0.0,"enemies":"2 Fungi Beasts","floor":4.0,"turns":3.0},{"damage":8.0,"enemies":"Lagavulin","floor":7.0,"turns":11.0},{"damage":10.0,"enemies":"3 Sentries","floor":10.0,"turns":17.0},{"damage":6,"enemies":"Red Slaver","floor":11,"turns":4},{"damage":0,"enemies":"Lagavulin","floor":14,"turns":8},{"damage":0,"enemies":"Slime Boss","floor":16,"turns":17},{"damage":0,"enemies":"3 Byrds","floor":18,"turns":4},{"damage":0,"enemies":"Shell Parasite","floor":19,"turns":6},{"damage":7,"enemies":"Centurion and Healer","floor":20,"turns":5},{"damage":6,"enemies":"Gremlin Leader","floor":23,"turns":5},{"damage":14,"enemies":"Snake Plant","floor":25,"turns":3},{"damage":16,"enemies":"Book of Stabbing","floor":28,"turns":7},{"damage":8,"enemies":"Shelled Parasite and Fungi","floor":29,"turns":5},{"damage":4,"enemies":"Slavers","floor":30,"turns":6},{"damage":7,"enemies":"Sentry and Sphere","floor":31,"turns":3}],"seed_played":"4065329734107455011","potions_obtained":[{"floor":7.0,"key":"Weak Potion"},{"floor":10.0,"key":"FearPotion"},{"floor":11,"key":"Poison Potion"},{"floor":16,"key":"SpeedPotion"},{"floor":18,"key":"FearPotion"},{"floor":25,"key":"Fire Potion"}],"is_trial":false,"path_per_floor":["M","M","M","M","$","R","E","R","T","E","M","?","R","E","R","B",null,"M","M","M","?","?","E","$","M","T","$","E","M","E","M"],"character_chosen":"THE_SILENT","items_purchased":["Blur","Well Laid Plans","WingedGreaves","Heel Hook","Dark Shackles"],"campfire_rested":1,"item_purchase_floors":[5,5,24,27,27],"current_hp_per_floor":[51,51,50,50,50,50,42,42,42,32,26,26,45,45,45,45,61,61,61,54,54,54,48,48,34,34,34,18,10,6,0],"gold":111,"neow_bonus":"RANDOM_COMMON_RELIC","is_prod":false,"is_daily":false,"chose_seed":false,"campfire_upgraded":3,"win_rate":0,"timestamp":1557846467,"path_taken":["M","M","M","M","$","R","E","R","T","E","M","?","R","E","R","BOSS","M","?","M","?","?","E","$","M","T","$","E","M","E","M"],"build_version":"2019-01-23","purchased_purges":1,"victory":false,"max_hp_per_floor":[66,66,66,66,66,66,66,66,66,66,66,66,66,66,66,66,66,66,66,66,66,66,66,66,66,66,66,66,66,66,66],"card_choices":[{"not_picked":["Sucker Punch","Deadly Poison"],"picked":"Quick Slash","floor":1.0},{"not_picked":["Setup","Prepared"],"picked":"Bullet Time","floor":3.0},{"not_picked":["Quick Slash","Bane"],"picked":"Footwork","floor":4.0},{"not_picked":["Deflect","Tools of the Trade"],"picked":"Leg Sweep","floor":7.0},{"not_picked":["Tools of the Trade","Underhanded Strike"],"picked":"Sucker Punch","floor":10.0},{"not_picked":["Poisoned Stab","Outmaneuver"],"picked":"Backstab","floor":11},{"not_picked":["Riddle With Holes","Dagger Throw"],"picked":"Blade Dance","floor":14},{"not_picked":["Corpse Explosion","Bullet Time"],"picked":"Die Die Die","floor":16},{"not_picked":["Dagger Spray","Skewer+1"],"picked":"Footwork","floor":19},{"not_picked":["Tactician","Outmaneuver","Noxious Fumes"],"picked":"SKIP","floor":23},{"not_picked":["Dagger Spray","Catalyst","Distraction"],"picked":"SKIP","floor":25}],"player_experience":869757,"relics_obtained":[{"floor":7.0,"key":"Kunai"},{"floor":9.0,"key":"Ornamental Fan"},{"floor":10.0,"key":"Whetstone"},{"floor":14,"key":"Centennial Puzzle"},{"floor":23,"key":"Pantograph"},{"floor":26,"key":"MawBank"},{"floor":28,"key":"Tough Bandages"},{"floor":30,"key":"Dodecahedron"}],"event_choices":[{"damage_healed":0,"gold_gain":0,"player_choice":"Got Potions","damage_taken":0,"max_hp_gain":0,"max_hp_loss":0,"event_name":"Lab","floor":12,"gold_loss":0},{"damage_healed":0,"gold_gain":0,"player_choice":"Ignored","damage_taken":0,"max_hp_gain":0,"max_hp_loss":0,"event_name":"Ghosts","floor":21,"gold_loss":0},{"damage_healed":0,"gold_gain":275,"player_choice":"Desecrate","damage_taken":0,"max_hp_gain":0,"max_hp_loss":0,"event_name":"Golden Shrine","floor":22,"gold_loss":0,"cards_obtained":["Regret"]}],"is_beta":false,"boss_relics":[{"not_picked":["Snecko Eye","Astrolabe"],"picked":"WristBlade"}],"items_purged_floors":[24],"is_endless":false,"potions_floor_spawned":[7,10,11,14,16,18,25,28],"killed_by":"Sentry and Sphere","ascension_level":16}