{"gold_per_floor":[116,133,133,149,162,162,181,181,234,264,276,276,463,10,10,105,105,121,121,131,147,29,29,55,55,55,90,90],"floor_reached":28,"playtime":1463,"items_purged":["Doubt"],"score":360,"play_id":"ae7363ef-5886-44cc-a1d0-ae9717554b11","local_time":"20190606185413","is_ascension_mode":true,"campfire_choices":[{"data":"Poisoned Stab","floor":6.0,"key":"SMITH"},{"data":"Poisoned Stab","floor":8.0,"key":"SMITH"},{"floor":15.0,"key":"REST"},{"floor":23.0,"key":"REST"},{"floor":25,"key":"REST"}],"neow_cost":"TEN_PERCENT_HP_LOSS","seed_source_timestamp":964934799962578,"circlet_count":0,"master_deck":["Defend_G","Defend_G","Defend_G","Defend_G","Defend_G","Strike_G","Strike_G","Strike_G","Strike_G","Strike_G","Survivor","Neutralize","Bandage Up","Panacea","Escape Plan","Poisoned Stab+1","Corpse Explosion","Escape Plan","Poisoned Stab+1","Panache","Adrenaline","Poisoned Stab","Decay","Poisoned Stab","Noxious Fumes","Flash of Steel","Corpse Explosion"],"special_seed":0,"relics":["Ring of the Snake","Bag of Preparation","Pantograph","MawBank","Toolbox","Fusion Hammer","Ancient Tea Set","Incense Burner","Orichalcum"],"potions_floor_usage":[24,24,27],"damage_taken":[{"damage":3.0,"enemies":"2 Louse","floor":1.0,"turns":3.0},{"damage":2.0,"enemies":"Cultist","floor":2.0,"turns":4.0},{"damage":8.0,"enemies":"Small Slimes","floor":4.0,"turns":3.0},{"damage":3.0,"enemies":"3 Louse","floor":5.0,"turns":2.0},{"damage":0.0,"enemies":"2 Fungi Beasts","floor":7.0,"turns":3.0},{"damage":22.0,"enemies":"Lagavulin","floor":10.0,"turns":5.0},{"damage":6.0,"enemies":"Large Slime","floor":11.0,"turns":5.0},{"damage":36.0,"enemies":"Slime Boss","floor":16.0,"turns":8.0},{"damage":10.0,"enemies":"Spheric Guardian","floor":18.0,"turns":4.0},{"damage":16.0,"enemies":"2 Thieves","floor":20.0,"turns":4.0},{"damage":25.0,"enemies":"Cultist and Chosen","floor":21.0,"turns":5.0},{"damage":21,"enemies":"Slavers","floor":24,"turns":4},{"damage":36,"enemies":"Book of Stabbing","floor":27,"turns":5},{"damage":8,"enemies":"Sentry and Sphere","floor":28,"turns":2}],"seed_played":"3777500176417286994","potions_obtained":[{"floor":1.0,"key":"Dexterity Potion"},{"floor":2.0,"key":"FearPotion"},{"floor":16.0,"key":"Explosive Potion"},{"floor":20.0,"key":"FearPotion"},{"floor":21.0,"key":"Fire Potion"}],"is_trial":false,"path_per_floor":["M","M","?","M","M","R","M","R","T","E","M","?","?","$","R","B",null,"M","?","M","M","$","R","E","R","T","E","M"],"character_chosen":"THE_SILENT","items_purchased":["Toolbox","Panache","Noxious Fumes","Flash of Steel"],"campfire_rested":3,"item_purchase_floors":[14,14,22,22],"current_hp_per_floor":[63,61,61,57,58,58,62,62,62,44,42,35,35,35,53,31,55,49,49,37,16,16,34,17,35,35,3,0],"gold":90,"neow_bonus":"RANDOM_COLORLESS_2","is_prod":false,"is_daily":false,"chose_seed":false,"campfire_upgraded":2,"win_rate":0,"timestamp":1559836453,"path_taken":["M","M","?","?","M","R","M","R","T","E","M","?","?","$","R","BOSS","M","?","M","M","$","R","E","R","T","E","M"],"build_version":"2019-01-23","purchased_purges":1,"victory":false,"max_hp_per_floor":[63,63,63,63,63,63,63,63,63,63,63,63,63,63,63,63,63,63,63,63,63,63,63,63,63,63,63,63],"card_choices":[{"not_picked":["Backflip","Reflex"],"picked":"Escape Plan","floor":1.0},{"not_picked":["Blade Dance","Masterful Stab"],"picked":"Poisoned Stab","floor":2.0},{"not_picked":["Eviscerate","Setup"],"picked":"Escape Plan","floor":4.0},{"not_picked":["Masterful Stab","Infinite Blades"],"picked":"Poisoned Stab","floor":5.0},{"not_picked":["Flying Knee","All Out Attack","Dodge and Roll"],"picked":"SKIP","floor":7.0},{"not_picked":["Quick Slash","Blade Dance","Terror"],"picked":"SKIP","floor":10.0},{"not_picked":["Infinite Blades","Expertise","Flying Knee"],"picked":"SKIP","floor":11.0},{"not_picked":["Venomology","Burst"],"picked":"Adrenaline","floor":16.0},{"not_picked":["Caltrops+1","PiercingWail"],"picked":"Poisoned Stab","floor":18.0},{"not_picked":["Infinite Blades","Dodge and Roll","Dagger Spray"],"picked":"SKIP","floor":20.0},{"not_picked":["Dagger Spray","Dodge and Roll"],"picked":"Poisoned Stab","floor":21.0},{"not_picked":["Dodge and Roll","Prepared"],"picked":"Corpse Explosion","floor":24},{"not_picked":["Backflip","Dash","Dagger Throw"],"picked":"SKIP","floor":27}],"player_experience":1470105,"relics_obtained":[{"floor":9.0,"key":"Bag of Preparation"},{"floor":10.0,"key":"Pantograph"},{"floor":24,"key":"Ancient Tea Set"},{"floor":26,"key":"Incense Burner"},{"floor":27,"key":"Orichalcum"}],"event_choices":[{"damage_healed":0.0,"max_hp_gain":0.0,"max_hp_loss":0.0,"gold_gain":0.0,"event_name":"Match and Keep!","player_choice":"1 cards matched","floor":3.0,"gold_loss":0.0,"damage_taken":0.0,"cards_obtained":["Corpse Explosion"]},{"damage_healed":0.0,"max_hp_gain":0.0,"max_hp_loss":0.0,"gold_gain":0.0,"event_name":"Scrap Ooze","player_choice":"Success","floor":12.0,"gold_loss":0.0,"damage_taken":7.0,"relics_obtained":["MawBank"]},{"damage_healed":0.0,"max_hp_gain":0.0,"max_hp_loss":0.0,"gold_gain":175.0,"event_name":"Liars Game","player_choice":"AGREE","floor":13.0,"gold_loss":0.0,"damage_taken":0.0,"cards_obtained":["Doubt"]},{"damage_healed":0.0,"max_hp_gain":0.0,"max_hp_loss":0.0,"gold_gain":0.0,"event_name":"Forgotten Altar","player_choice":"Smashed Altar","floor":19.0,"gold_loss":0.0,"damage_taken":0.0,"cards_obtained":["Decay"]}],"is_beta":false,"boss_relics":[{"not_picked":["Runic Pyramid","Empty Cage"],"picked":"Fusion Hammer"}],"items_purged_floors":[14],"is_endless":false,"potions_floor_spawned":[1,2,16,20,21],"killed_by":"Sentry and Sphere","ascension_level":6}