{"gold_per_floor":[212,231,250,3,21,51,71,71,71,71,102,102,115,143,143,143],"floor_reached":16,"playtime":1065,"items_purged":["Strike_G"],"score":244,"play_id":"e11a57d4-6701-49af-95e8-4d5b1a021c4c","local_time":"20190723214056","is_ascension_mode":true,"campfire_choices":[{"floor":8.0,"key":"REST"},{"floor":10.0,"key":"REST"},{"floor":15,"key":"REST"}],"neow_cost":"NONE","seed_source_timestamp":1109474696669730,"circlet_count":0,"master_deck":["AscendersBane","Strike_G","Strike_G","Strike_G","Strike_G","Defend_G","Defend_G","Defend_G","Defend_G","Defend_G","Survivor","Neutralize","Poisoned Stab","Calculated Gamble","Dash","Crippling Poison","Well Laid Plans","Dagger Spray","Blade Dance","Infinite Blades","Masterful Stab","Wraith Form v2","Dagger Spray"],"special_seed":0,"relics":["Ring of the Snake","Potion Belt","Letter Opener","PreservedInsect","Tough Bandages","Bird Faced Urn"],"potions_floor_usage":[14],"damage_taken":[{"damage":4.0,"enemies":"Jaw Worm","floor":1.0,"turns":4.0},{"damage":0.0,"enemies":"Small Slimes","floor":2.0,"turns":3.0},{"damage":1.0,"enemies":"2 Louse","floor":3.0,"turns":4.0},{"damage":4.0,"enemies":"Large Slime","floor":5.0,"turns":7.0},{"damage":39.0,"enemies":"Gremlin Nob","floor":6.0,"turns":5.0},{"damage":1.0,"enemies":"2 Fungi Beasts","floor":7.0,"turns":3.0},{"damage":5.0,"enemies":"3 Sentries","floor":11.0,"turns":4.0},{"damage":0.0,"enemies":"Looter","floor":13.0,"turns":3.0},{"damage":15,"enemies":"Gremlin Nob","floor":14,"turns":4},{"damage":19,"enemies":"Slime Boss","floor":16,"turns":10}],"seed_played":"-5285874473356572103","potions_obtained":[{"floor":1.0,"key":"GamblersBrew"},{"floor":2.0,"key":"LiquidBronze"},{"floor":3.0,"key":"Explosive Potion"},{"floor":6.0,"key":"Explosive Potion"},{"floor":11.0,"key":"Ancient Potion"}],"is_trial":false,"path_per_floor":["M","M","M","$","M","E","M","R","T","R","E","?","M","E","R","B"],"character_chosen":"THE_SILENT","items_purchased":["Crippling Poison","Well Laid Plans"],"campfire_rested":3,"item_purchase_floors":[4,4],"current_hp_per_floor":[55,55,54,54,50,11,10,29,29,48,43,25,25,10,29,16],"gold":143,"neow_bonus":"HUNDRED_GOLD","is_prod":false,"is_daily":false,"chose_seed":false,"campfire_upgraded":0,"win_rate":0,"timestamp":1563910856,"path_taken":["M","M","M","$","M","E","M","R","T","R","E","?","M","E","R","BOSS"],"build_version":"2019-07-17","purchased_purges":1,"victory":false,"max_hp_per_floor":[66,66,66,66,66,66,66,66,66,66,66,66,66,66,66,66],"card_choices":[{"not_picked":["Reflex","Flying Knee"],"picked":"Poisoned Stab","floor":1.0},{"not_picked":["Acrobatics","Accuracy"],"picked":"Calculated Gamble","floor":2.0},{"not_picked":["Blade Dance","Dagger Spray"],"picked":"Dash","floor":3.0},{"not_picked":["Sucker Punch","Finisher"],"picked":"Dagger Spray","floor":5.0},{"not_picked":["Accuracy","Bane"],"picked":"Blade Dance","floor":6.0},{"not_picked":["Reflex","Acrobatics"],"picked":"Infinite Blades","floor":7.0},{"not_picked":["Outmaneuver","Acrobatics"],"picked":"Masterful Stab","floor":11.0},{"not_picked":["Crippling Poison","Dagger Throw"],"picked":"Wraith Form v2","floor":13.0},{"not_picked":["Backstab","Terror"],"picked":"Dagger Spray","floor":14}],"player_experience":1317144,"relics_obtained":[{"floor":6.0,"key":"Potion Belt"},{"floor":9.0,"key":"Letter Opener"},{"floor":11.0,"key":"PreservedInsect"},{"floor":14,"key":"Bird Faced Urn"}],"event_choices":[{"damage_healed":0.0,"max_hp_gain":0.0,"max_hp_loss":0.0,"gold_gain":0.0,"event_name":"Scrap Ooze","player_choice":"Success","floor":12.0,"gold_loss":0.0,"damage_taken":18.0,"relics_obtained":["Tough Bandages"]}],"is_beta":false,"boss_relics":[],"items_purged_floors":[4],"is_endless":false,"potions_floor_spawned":[1,2,3,6,11],"killed_by":"Slime Boss","ascension_level":20}