{"gold_per_floor":[365,365,384,384,394,422,436,436,485,485,27,43,60,71,71,167,167,180,180,191,191,201,201,216,233,283,283,283,28,62,62,62,157,157,171,190,207,207,225,225,7,22,22,35,65,65,95,112,112,112],"floor_reached":50,"playtime":3999,"items_purged":[],"score":827,"play_id":"0b5ba4e2-0032-4d9f-87be-53dbdef7bdac","local_time":"20190621223905","is_ascension_mode":true,"campfire_choices":[{"floor":10.0,"key":"REST"},{"floor":15.0,"key":"REST"},{"floor":23.0,"key":"REST"},{"floor":28.0,"key":"REST"},{"floor":32.0,"key":"REST"},{"data":"Envenom","floor":40.0,"key":"SMITH"},{"floor":46.0,"key":"REST"},{"data":"After Image","floor":49.0,"key":"SMITH"}],"neow_cost":"TEN_PERCENT_HP_LOSS","seed_source_timestamp":701013670996623,"circlet_count":0,"master_deck":["Defend_G","Defend_G","Defend_G+1","Defend_G+1","Defend_G","Strike_G","Strike_G","Strike_G","Strike_G","Strike_G","Survivor","Neutralize","All Out Attack","Dash+1","Well Laid Plans","Noxious Fumes","Predator","Metamorphosis+1","Envenom+1","Dagger Spray","Swift Strike","Calculated Gamble+1","Masterful Stab","Blade Dance+1","Adrenaline+1","Catalyst+1","Adrenaline+1","Distraction+1","Outmaneuver+1","Underhanded Strike+1","Dash","Riddle With Holes","Escape Plan+1","Crippling Poison+1","After Image+1","Catalyst+1","Bane","Acrobatics+1","Distraction+1","Bane","Dagger Throw+1","Tactician+1","A Thousand Cuts","Backflip+1","Cloak And Dagger+1"],"special_seed":0,"relics":["Ring of the Snake","Toxic Egg 2","Ginger","War Paint","Eternal Feather","Regal Pillow","Snake Skull","Tough Bandages","White Beast Statue","Lee\u0027s Waffle","Shuriken","Question Card","Pen Nib"],"potions_floor_usage":[50,50],"damage_taken":[{"damage":4.0,"enemies":"Small Slimes","floor":1.0,"turns":4.0},{"damage":0.0,"enemies":"Cultist","floor":3.0,"turns":4.0},{"damage":0.0,"enemies":"Jaw Worm","floor":5.0,"turns":3.0},{"damage":16.0,"enemies":"Lagavulin","floor":6.0,"turns":7.0},{"damage":0.0,"enemies":"2 Fungi Beasts","floor":7.0,"turns":4.0},{"damage":5.0,"enemies":"Gremlin Gang","floor":12.0,"turns":4.0},{"damage":12.0,"enemies":"Large Slime","floor":13.0,"turns":5.0},{"damage":2.0,"enemies":"3 Louse","floor":14.0,"turns":3.0},{"damage":37.0,"enemies":"Hexaghost","floor":16.0,"turns":9.0},{"damage":13.0,"enemies":"2 Thieves","floor":18.0,"turns":3.0},{"damage":2.0,"enemies":"Shell Parasite","floor":20.0,"turns":4.0},{"damage":21.0,"enemies":"Centurion and Healer","floor":22.0,"turns":7.0},{"damage":8.0,"enemies":"Cultist and Chosen","floor":24.0,"turns":4.0},{"damage":13.0,"enemies":"Sentry and Sphere","floor":25.0,"turns":4.0},{"damage":5.0,"enemies":"Colosseum Slavers","floor":27.0,"turns":4.0},{"damage":29.0,"enemies":"Slavers","floor":30.0,"turns":4.0},{"damage":26.0,"enemies":"Automaton","floor":33.0,"turns":6.0},{"damage":13.0,"enemies":"3 Darklings","floor":35.0,"turns":6.0},{"damage":4.0,"enemies":"3 Shapes","floor":36.0,"turns":4.0},{"damage":24.0,"enemies":"Sphere and 2 Shapes","floor":37.0,"turns":12.0},{"damage":21.0,"enemies":"3 Darklings","floor":39.0,"turns":3.0},{"damage":35.0,"enemies":"Jaw Worm Horde","floor":42.0,"turns":5.0},{"damage":18.0,"enemies":"Maw","floor":44.0,"turns":6.0},{"damage":4.0,"enemies":"Reptomancer","floor":45.0,"turns":7.0},{"damage":11.0,"enemies":"Nemesis","floor":47.0,"turns":5.0},{"damage":16.0,"enemies":"3 Darklings","floor":48.0,"turns":5.0},{"damage":67,"enemies":"Awakened One","floor":50,"turns":8}],"seed_played":"-8135967709612874536","potions_obtained":[{"floor":1.0,"key":"Poison Potion"},{"floor":13.0,"key":"AttackPotion"},{"floor":14.0,"key":"Ancient Potion"},{"floor":16.0,"key":"GhostInAJar"},{"floor":20.0,"key":"Explosive Potion"},{"floor":25.0,"key":"Block Potion"},{"floor":30.0,"key":"AttackPotion"},{"floor":35.0,"key":"Explosive Potion"},{"floor":36.0,"key":"EssenceOfSteel"},{"floor":37.0,"key":"LiquidBronze"},{"floor":39.0,"key":"SkillPotion"},{"floor":42.0,"key":"SneckoOil"},{"floor":44.0,"key":"Fire Potion"},{"floor":45.0,"key":"GamblersBrew"},{"floor":47.0,"key":"Energy Potion"},{"floor":48.0,"key":"LiquidBronze"}],"is_trial":false,"path_per_floor":["M","?","M","?","M","E","M","T","T","R","$","M","M","M","R","B",null,"M","?","M","?","M","R","M","M","T","?","R","$","E","?","R","B",null,"M","M","M","?","M","R","$","M","T","M","E","R","E","M","R","B"],"character_chosen":"THE_SILENT","items_purchased":["Metamorphosis+1","Envenom","Dagger Spray","Swift Strike","Snake Skull","Riddle With Holes","Escape Plan+1","Lee\u0027s Waffle","Bane"],"campfire_rested":6,"item_purchase_floors":[11,11,11,11,29,29,29,41,41],"current_hp_per_floor":[59,59,59,59,59,43,43,43,43,61,61,56,44,42,60,23,53,40,40,38,38,17,50,42,29,29,24,63,63,34,34,63,37,57,44,40,16,55,34,55,62,27,27,9,5,62,51,35,62,0],"gold":112,"neow_bonus":"TWO_FIFTY_GOLD","is_prod":false,"is_daily":false,"chose_seed":false,"campfire_upgraded":2,"win_rate":0,"timestamp":1561145945,"path_taken":["M","?","M","?","M","E","?","?","T","R","$","M","M","M","R","BOSS","M","?","?","?","M","R","M","M","T","?","R","$","E","?","R","BOSS","M","M","M","?","M","R","$","M","T","M","E","R","E","M","R","BOSS"],"build_version":"2019-01-23","purchased_purges":0,"victory":false,"max_hp_per_floor":[63,63,63,63,63,63,63,63,63,63,63,63,63,63,63,63,63,63,63,63,63,63,63,63,63,63,63,63,63,63,63,63,63,63,63,63,63,55,55,55,62,62,62,62,62,62,62,62,62,62],"card_choices":[{"not_picked":["Concentrate","Prepared"],"picked":"All Out Attack","floor":1.0},{"not_picked":["Deflect","Blade Dance"],"picked":"Dash","floor":3.0},{"not_picked":["Sucker Punch","Bane"],"picked":"Well Laid Plans","floor":5.0},{"not_picked":["Flying Knee","Leg Sweep"],"picked":"Noxious Fumes","floor":6.0},{"not_picked":["Glass Knife","Endless Agony"],"picked":"Predator","floor":7.0},{"not_picked":["Dodge and Roll+1","Sucker Punch"],"picked":"Calculated Gamble+1","floor":12.0},{"not_picked":["Caltrops","Escape Plan+1"],"picked":"Masterful Stab","floor":13.0},{"not_picked":["Slice","Deflect+1"],"picked":"Blade Dance+1","floor":14.0},{"not_picked":["Night Terror+1","Envenom"],"picked":"Adrenaline+1","floor":16.0},{"not_picked":["Acrobatics+1","Dagger Spray+1"],"picked":"Catalyst+1","floor":18.0},{"not_picked":["Underhanded Strike+1","Poisoned Stab"],"picked":"Distraction+1","floor":20.0},{"not_picked":["Flying Knee","Leg Sweep+1"],"picked":"Outmaneuver+1","floor":22.0},{"not_picked":["Calculated Gamble+1","Outmaneuver+1"],"picked":"Underhanded Strike+1","floor":24.0},{"not_picked":["Prepared+1","Terror+1"],"picked":"Dash","floor":25.0},{"not_picked":["Flechettes+1","Tactician+1"],"picked":"Crippling Poison+1","floor":30.0},{"not_picked":["Doppelganger+1","Wraith Form v2"],"picked":"After Image","floor":33.0},{"not_picked":["Deadly Poison+1","Choke+1"],"picked":"Catalyst+1","floor":35.0},{"not_picked":["Poisoned Stab","Outmaneuver+1"],"picked":"Bane","floor":36.0},{"not_picked":["Slice","Well Laid Plans+1"],"picked":"Acrobatics+1","floor":37.0},{"not_picked":["Riddle With Holes","Bouncing Flask+1"],"picked":"Distraction+1","floor":39.0},{"not_picked":["Poisoned Stab+1","Bane"],"picked":"Dagger Throw+1","floor":42.0},{"not_picked":["Heel Hook","Well Laid Plans"],"picked":"Tactician+1","floor":44.0},{"not_picked":["Poisoned Stab","Backflip+1"],"picked":"A Thousand Cuts","floor":45.0},{"not_picked":["Underhanded Strike","Outmaneuver+1","Leg Sweep+1"],"picked":"Backflip+1","floor":47.0},{"not_picked":["Prepared+1","Dodge and Roll+1","Heel Hook"],"picked":"Cloak And Dagger+1","floor":48.0}],"player_experience":1553384,"relics_obtained":[{"floor":6.0,"key":"Toxic Egg 2"},{"floor":8.0,"key":"Ginger"},{"floor":9.0,"key":"War Paint"},{"floor":26.0,"key":"Regal Pillow"},{"floor":30.0,"key":"Tough Bandages"},{"floor":43.0,"key":"Shuriken"},{"floor":45.0,"key":"Question Card"},{"floor":47.0,"key":"Pen Nib"}],"event_choices":[{"damage_healed":0.0,"max_hp_gain":0.0,"max_hp_loss":0.0,"gold_gain":0.0,"event_name":"The Cleric","player_choice":"Leave","floor":2.0,"gold_loss":0.0,"damage_taken":0.0},{"damage_healed":0.0,"max_hp_gain":0.0,"max_hp_loss":0.0,"gold_gain":0.0,"event_name":"Upgrade Shrine","player_choice":"Upgraded","floor":4.0,"gold_loss":0.0,"damage_taken":0.0,"cards_upgraded":["Dash"]},{"damage_healed":0.0,"max_hp_gain":0.0,"max_hp_loss":0.0,"gold_gain":0.0,"event_name":"Duplicator","player_choice":"Copied","floor":19.0,"gold_loss":0.0,"damage_taken":0.0,"cards_obtained":["Adrenaline"]},{"damage_healed":0.0,"max_hp_gain":0.0,"max_hp_loss":0.0,"gold_gain":0.0,"event_name":"Vampires","player_choice":"Ignored","floor":21.0,"gold_loss":0.0,"damage_taken":0.0},{"damage_healed":0.0,"max_hp_gain":0.0,"max_hp_loss":0.0,"gold_gain":0.0,"event_name":"Colosseum","player_choice":"Fight","floor":27.0,"gold_loss":0.0,"damage_taken":0.0},{"damage_healed":0.0,"max_hp_gain":0.0,"max_hp_loss":0.0,"gold_gain":0.0,"event_name":"Colosseum","player_choice":"Fled From Nobs","floor":27.0,"gold_loss":0.0,"damage_taken":0.0},{"damage_healed":0.0,"max_hp_gain":0.0,"max_hp_loss":0.0,"gold_gain":0.0,"event_name":"Ghosts","player_choice":"Ignored","floor":31.0,"gold_loss":0.0,"damage_taken":0.0},{"damage_healed":55.0,"max_hp_gain":0.0,"max_hp_loss":8.0,"gold_gain":0.0,"event_name":"The Moai Head","player_choice":"Heal","floor":38.0,"gold_loss":0.0,"damage_taken":0.0}],"is_beta":false,"boss_relics":[{"not_picked":["Coffee Dripper","Busted Crown"],"picked":"Eternal Feather"},{"not_picked":["WristBlade","Runic Dome"],"picked":"White Beast Statue"}],"items_purged_floors":[],"is_endless":false,"potions_floor_spawned":[1,13,14,16,20,25,30,35,36,37,39,42,44,45,47,48],"killed_by":"Awakened One","ascension_level":9}