{"gold_per_floor":[119,89,104,104,16,16,48,48,48,77,96,106,125,400,400,475,475,485,33,33,50,50,50,69,69,147,178,228,254,269,286,286,286],"floor_reached":33,"playtime":810,"items_purged":["Regret"],"score":590,"play_id":"e877ecea-9b09-4e8e-90e0-b4928b5d14cc","local_time":"20190729161456","is_ascension_mode":true,"campfire_choices":[{"data":"Inflame","floor":6,"key":"SMITH"},{"data":"Whirlwind","floor":8,"key":"SMITH"},{"floor":15,"key":"REST"},{"data":"Shockwave","floor":23,"key":"SMITH"},{"data":"Bash","floor":25,"key":"SMITH"},{"data":"True Grit","floor":32,"key":"SMITH"}],"neow_cost":"NONE","seed_source_timestamp":866554608151600,"circlet_count":0,"master_deck":["AscendersBane","Strike_R","Strike_R","Strike_R","Strike_R","Strike_R","Defend_R","Defend_R","Defend_R","Defend_R","Bash+1","Inflame+1","Whirlwind+1","Shockwave","Shrug It Off","Impervious","Shockwave+1","Shame","True Grit+1"],"relics":["Eternal Feather","Pen Nib","The Courier","Vajra","Velvet Choker","PreservedInsect","Bag of Preparation","Oddly Smooth Stone","Art of War","Meat on the Bone","Shovel","Anchor"],"potions_floor_usage":[7,16,16,29,33,33],"damage_taken":[{"damage":9,"enemies":"Jaw Worm","floor":1,"turns":5},{"damage":2,"enemies":"Cultist","floor":3,"turns":4},{"damage":25,"enemies":"Lagavulin","floor":7,"turns":6},{"damage":32,"enemies":"Gremlin Nob","floor":10,"turns":4},{"damage":0,"enemies":"Small Slimes","floor":11,"turns":2},{"damage":3,"enemies":"Exordium Thugs","floor":12,"turns":2},{"damage":3,"enemies":"2 Fungi Beasts","floor":13,"turns":2},{"damage":35,"enemies":"Slime Boss","floor":16,"turns":6},{"damage":0,"enemies":"Chosen","floor":18,"turns":2},{"damage":0,"enemies":"3 Byrds","floor":21,"turns":5},{"damage":0,"enemies":"Snake Plant","floor":24,"turns":2},{"damage":16,"enemies":"Book of Stabbing","floor":27,"turns":4},{"damage":26,"enemies":"Slavers","floor":29,"turns":3},{"damage":23,"enemies":"Sentry and Sphere","floor":30,"turns":4},{"damage":0,"enemies":"Cultist and Chosen","floor":31,"turns":2},{"damage":40,"enemies":"Champ","floor":33,"turns":15}],"seed_played":"8699744437449345067","potions_obtained":[{"floor":2,"key":"FearPotion"},{"floor":2,"key":"Energy Potion"},{"floor":10,"key":"AttackPotion"},{"floor":16,"key":"Weak Potion"},{"floor":24,"key":"FearPotion"},{"floor":31,"key":"Dexterity Potion"}],"is_trial":false,"path_per_floor":["M","?","M","?","$","R","E","R","T","E","M","M","M","?","R","B",null,"M","$","?","M","?","R","M","R","T","E","?","E","M","M","R","B"],"character_chosen":"IRONCLAD","items_purchased":["Inflame","PreservedInsect","Bag of Preparation","Oddly Smooth Stone"],"campfire_rested":1,"item_purchase_floors":[5,19,19,19],"current_hp_per_floor":[59,59,57,57,57,63,38,44,44,12,12,9,6,6,37,2,57,57,57,57,57,57,66,66,75,75,59,59,45,34,46,55,15],"gold":286,"neow_bonus":"BOSS_RELIC","is_prod":false,"is_daily":false,"chose_seed":false,"campfire_upgraded":5,"win_rate":0,"timestamp":1564384496,"path_taken":["M","?","?","?","?","R","E","R","T","E","M","M","M","?","R","BOSS","M","$","?","M","?","R","?","R","T","E","?","E","M","M","R","BOSS"],"build_version":"2019-07-17","purchased_purges":1,"victory":false,"max_hp_per_floor":[75,75,75,75,75,75,75,75,75,75,75,75,75,75,75,75,75,75,75,75,75,75,75,75,75,75,75,75,75,75,75,75,75],"card_choices":[{"not_picked":["Anger","Pummel","Havoc"],"picked":"SKIP","floor":1},{"not_picked":["True Grit","Sever Soul","Disarm"],"picked":"SKIP","floor":3},{"not_picked":["Thunderclap","Entrench"],"picked":"Whirlwind","floor":7},{"not_picked":["Metallicize","Armaments"],"picked":"Shockwave","floor":10},{"not_picked":["Anger","Armaments","Warcry"],"picked":"SKIP","floor":11},{"not_picked":["Heavy Blade","Dual Wield"],"picked":"Shrug It Off","floor":12},{"not_picked":["Iron Wave","Flex","Cleave"],"picked":"SKIP","floor":13},{"not_picked":["Immolate","Brutality"],"picked":"Impervious","floor":16},{"not_picked":["Ghostly Armor","Pommel Strike"],"picked":"Shockwave","floor":18},{"not_picked":["Clash","Pommel Strike","Shrug It Off"],"picked":"SKIP","floor":21},{"not_picked":["Havoc","Sword Boomerang","Whirlwind"],"picked":"SKIP","floor":24},{"not_picked":["Sword Boomerang","Havoc","Body Slam"],"picked":"SKIP","floor":27},{"not_picked":["Havoc","Body Slam"],"picked":"True Grit","floor":29},{"not_picked":["Brutality","Uppercut","Combust"],"picked":"SKIP","floor":30},{"not_picked":["Body Slam","Clash","Cleave"],"picked":"SKIP","floor":31}],"player_experience":1279689,"relics_obtained":[{"floor":7,"key":"Pen Nib"},{"floor":9,"key":"The Courier"},{"floor":10,"key":"Vajra"},{"floor":26,"key":"Meat on the Bone"},{"floor":27,"key":"Shovel"},{"floor":29,"key":"Anchor"}],"event_choices":[{"damage_healed":0,"gold_gain":0,"player_choice":"Bought 2 Potions","damage_taken":0,"max_hp_gain":0,"max_hp_loss":0,"event_name":"The Woman in Blue","floor":2,"gold_loss":0},{"damage_healed":0,"gold_gain":0,"player_choice":"Got Potions","damage_taken":0,"max_hp_gain":0,"max_hp_loss":0,"event_name":"Lab","floor":4,"gold_loss":0},{"damage_healed":0,"gold_gain":275,"player_choice":"Desecrate","damage_taken":0,"max_hp_gain":0,"max_hp_loss":0,"event_name":"Golden Shrine","floor":14,"gold_loss":0,"cards_obtained":["Regret"]},{"damage_healed":0,"gold_gain":0,"player_choice":"Stole Relic","damage_taken":0,"relics_obtained":["Art of War"],"max_hp_gain":0,"max_hp_loss":0,"event_name":"Addict","floor":20,"gold_loss":0,"cards_obtained":["Shame"]},{"damage_healed":0,"gold_gain":0,"player_choice":"Ignored","damage_taken":0,"max_hp_gain":0,"max_hp_loss":0,"event_name":"Ghosts","floor":22,"gold_loss":0},{"damage_healed":0,"gold_gain":50,"player_choice":"Stole From Cult","damage_taken":0,"max_hp_gain":0,"max_hp_loss":0,"event_name":"Nest","floor":28,"gold_loss":0}],"is_beta":false,"boss_relics":[{"not_picked":["Philosopher\u0027s Stone","Empty Cage"],"picked":"Velvet Choker"}],"items_purged_floors":[19],"is_endless":false,"potions_floor_spawned":[3,10,16,24,27,31],"killed_by":"Champ","ascension_level":20}