{"gold_per_floor":[117,117,132,132,148,148,148,162,162,178,178,23,56,74,74,175,175,193,193,21,31,58,58,93,113,113,123,123,138,138,19,19,124,124,136,136,136,152,552,552,652,678,678,692,14,33,33,44,44,44],"floor_reached":50,"playtime":3331,"items_purged":[],"score":715,"play_id":"dab92b2b-37c1-4e41-a5df-2a3be365906e","local_time":"20190605205832","is_ascension_mode":true,"campfire_choices":[{"data":"Bouncing Flask","floor":6.0,"key":"SMITH"},{"data":"Noxious Fumes","floor":11.0,"key":"SMITH"},{"floor":15.0,"key":"REST"},{"floor":23.0,"key":"REST"},{"floor":28.0,"key":"REST"},{"floor":30.0,"key":"REST"},{"floor":32.0,"key":"REST"},{"floor":40.0,"key":"REST"},{"floor":47,"key":"REST"},{"floor":49,"key":"REST"}],"neow_cost":"TEN_PERCENT_HP_LOSS","seed_source_timestamp":884050272987627,"circlet_count":0,"master_deck":["Defend_G","Defend_G","Defend_G","Defend_G","Strike_G","Strike_G+1","Strike_G","Strike_G+1","Survivor","Neutralize","Deadly Poison","Poisoned Stab+1","Bouncing Flask+1","Noxious Fumes+1","Noxious Fumes","Infinite Blades","Infinite Blades","Envenom","Well Laid Plans","Prepared","Well Laid Plans","Escape Plan","Deadly Poison+1","Flying Knee","Wraith Form v2","Flying Knee+1","Well Laid Plans","Bouncing Flask","Corpse Explosion","Calculated Gamble+1","Escape Plan+1","Infinite Blades","Infinite Blades","Infinite Blades+1","Deadly Poison+1"],"special_seed":0,"relics":["Ring of the Snake","Bird Faced Urn","Ice Cream","Lantern","Tingsha","Fusion Hammer","Red Mask","Whetstone","Oddly Smooth Stone","Old Coin","Potion Belt","Dodecahedron","Pear","Toy Ornithopter"],"potions_floor_usage":[42,44,44,46,48,50,50],"damage_taken":[{"damage":0.0,"enemies":"Cultist","floor":1.0,"turns":4.0},{"damage":4.0,"enemies":"2 Louse","floor":3.0,"turns":4.0},{"damage":6.0,"enemies":"Small Slimes","floor":5.0,"turns":3.0},{"damage":0.0,"enemies":"Blue Slaver","floor":8.0,"turns":3.0},{"damage":1.0,"enemies":"Large Slime","floor":10.0,"turns":4.0},{"damage":15.0,"enemies":"3 Sentries","floor":13.0,"turns":6.0},{"damage":2.0,"enemies":"Exordium Wildlife","floor":14.0,"turns":3.0},{"damage":21.0,"enemies":"The Guardian","floor":16.0,"turns":8.0},{"damage":20.0,"enemies":"Shell Parasite","floor":18.0,"turns":4.0},{"damage":2.0,"enemies":"Chosen","floor":21.0,"turns":4.0},{"damage":39.0,"enemies":"Masked Bandits","floor":22.0,"turns":5.0},{"damage":34.0,"enemies":"Slavers","floor":24.0,"turns":5.0},{"damage":0.0,"enemies":"Sentry and Sphere","floor":25.0,"turns":4.0},{"damage":23.0,"enemies":"3 Cultists","floor":27.0,"turns":4.0},{"damage":4.0,"enemies":"Snecko","floor":29.0,"turns":5.0},{"damage":27.0,"enemies":"Collector","floor":33.0,"turns":8.0},{"damage":18.0,"enemies":"Orb Walker","floor":35.0,"turns":4.0},{"damage":6.0,"enemies":"3 Shapes","floor":38.0,"turns":4.0},{"damage":16.0,"enemies":"Mind Bloom Boss Battle","floor":39.0,"turns":6.0},{"damage":65,"enemies":"Nemesis","floor":42,"turns":7},{"damage":20,"enemies":"Jaw Worm Horde","floor":44,"turns":3},{"damage":6,"enemies":"Maw","floor":46,"turns":6},{"damage":15,"enemies":"Sphere and 2 Shapes","floor":48,"turns":4},{"damage":108,"enemies":"Time Eater","floor":50,"turns":9}],"seed_played":"-4974352879392644115","potions_obtained":[{"floor":5.0,"key":"Fire Potion"},{"floor":10.0,"key":"EssenceOfSteel"},{"floor":21.0,"key":"Dexterity Potion"},{"floor":24.0,"key":"GhostInAJar"},{"floor":29.0,"key":"Regen Potion"},{"floor":33.0,"key":"Fire Potion"},{"floor":38.0,"key":"Weak Potion"},{"floor":39.0,"key":"Swift Potion"},{"floor":44,"key":"SkillPotion"}],"is_trial":false,"path_per_floor":["M","$","M","?","M","R","?","M","T","M","R","$","E","M","R","B",null,"M","?","$","M","?","R","E","M","T","M","R","M","R","$","R","B",null,"M","$","?","M","?","R","?","E","T","M","$","M","R","M","R","B"],"character_chosen":"THE_SILENT","items_purchased":["Lantern","Well Laid Plans","PowerPotion","Block Potion","Well Laid Plans","Bouncing Flask","Pear","Toy Ornithopter","Poison Potion","Energy Potion","GamblersBrew","Infinite Blades"],"campfire_rested":8,"item_purchase_floors":[12,20,20,20,31,31,45,45,45,45,45,45],"current_hp_per_floor":[63,63,59,59,53,53,53,53,53,54,54,54,43,47,63,44,58,48,48,48,60,32,50,32,46,46,35,53,61,63,63,63,48,59,57,57,57,61,59,63,63,10,10,12,22,43,64,68,73,0],"gold":44,"neow_bonus":"ONE_RARE_RELIC","is_prod":false,"is_daily":false,"chose_seed":false,"campfire_upgraded":2,"win_rate":0,"timestamp":1559757512,"path_taken":["M","$","?","?","M","R","?","M","T","M","R","$","E","M","R","BOSS","M","?","$","M","?","R","E","M","T","M","R","M","R","?","R","BOSS","M","$","?","?","?","R","?","E","T","M","$","M","R","M","R","BOSS"],"build_version":"2019-01-23","purchased_purges":0,"victory":false,"max_hp_per_floor":[63,63,63,63,63,63,63,63,63,63,63,63,63,63,63,63,63,63,63,63,63,63,63,63,63,63,63,63,63,63,63,63,63,63,63,63,63,63,63,63,63,63,63,63,73,73,73,73,73,73],"card_choices":[{"not_picked":["Blade Dance","Prepared"],"picked":"Deadly Poison","floor":1.0},{"not_picked":["Deflect","Leg Sweep"],"picked":"Poisoned Stab","floor":3.0},{"not_picked":["All Out Attack","Dodge and Roll"],"picked":"Bouncing Flask","floor":5.0},{"not_picked":["Cloak And Dagger","Deadly Poison"],"picked":"Noxious Fumes","floor":8.0},{"not_picked":["Bane","Concentrate"],"picked":"Noxious Fumes","floor":10.0},{"not_picked":["Cloak And Dagger","Accuracy"],"picked":"Infinite Blades","floor":13.0},{"not_picked":["Prepared","Blade Dance"],"picked":"Infinite Blades","floor":14.0},{"not_picked":["Doppelganger","Adrenaline"],"picked":"Envenom","floor":16.0},{"not_picked":["Dodge and Roll","Blade Dance","Underhanded Strike"],"picked":"SKIP","floor":18.0},{"not_picked":["Deflect","Underhanded Strike","Acrobatics+1"],"picked":"SKIP","floor":21.0},{"not_picked":["Expertise","Skewer"],"picked":"Escape Plan","floor":22.0},{"not_picked":["Dash+1","Quick Slash"],"picked":"Deadly Poison+1","floor":24.0},{"not_picked":["Terror","Acrobatics"],"picked":"Flying Knee","floor":25.0},{"not_picked":["Endless Agony","Deflect"],"picked":"Wraith Form v2","floor":27.0},{"not_picked":["Backflip","Bane+1"],"picked":"Flying Knee+1","floor":29.0},{"not_picked":["Unload","Storm of Steel"],"picked":"Corpse Explosion","floor":33.0},{"not_picked":["Quick Slash","Dodge and Roll+1"],"picked":"Calculated Gamble+1","floor":35.0},{"not_picked":["Reflex+1","Choke+1"],"picked":"Escape Plan+1","floor":38.0},{"not_picked":["Flying Knee","Sucker Punch"],"picked":"Infinite Blades","floor":39.0},{"not_picked":["Phantasmal Killer","Distraction","Blur"],"picked":"SKIP","floor":42},{"not_picked":["Finisher","Dodge and Roll+1","Dagger Throw+1"],"picked":"SKIP","floor":44},{"not_picked":["Backflip","Terror"],"picked":"Infinite Blades+1","floor":46},{"not_picked":["Deflect","Sucker Punch+1"],"picked":"Deadly Poison+1","floor":48}],"player_experience":1464853,"relics_obtained":[{"floor":9.0,"key":"Ice Cream"},{"floor":13.0,"key":"Tingsha"},{"floor":22.0,"key":"Red Mask"},{"floor":24.0,"key":"Whetstone"},{"floor":26.0,"key":"Oddly Smooth Stone"},{"floor":39.0,"key":"Old Coin"},{"floor":42,"key":"Potion Belt"},{"floor":43,"key":"Dodecahedron"}],"event_choices":[{"damage_healed":0.0,"max_hp_gain":0.0,"max_hp_loss":0.0,"gold_gain":0.0,"event_name":"The Cleric","player_choice":"Leave","floor":4.0,"gold_loss":0.0,"damage_taken":0.0},{"damage_healed":0.0,"max_hp_gain":0.0,"max_hp_loss":0.0,"gold_gain":0.0,"event_name":"Living Wall","player_choice":"Grow","floor":7.0,"gold_loss":0.0,"damage_taken":0.0,"cards_upgraded":["Poisoned Stab"]},{"damage_healed":0.0,"max_hp_gain":0.0,"max_hp_loss":0.0,"gold_gain":0.0,"cards_transformed":["Strike_G","Defend_G"],"event_name":"Drug Dealer","player_choice":"Became Test Subject","floor":19.0,"gold_loss":0.0,"damage_taken":0.0,"cards_obtained":["Well Laid Plans","Prepared"]},{"damage_healed":0.0,"max_hp_gain":0.0,"max_hp_loss":0.0,"gold_gain":0.0,"event_name":"Masked Bandits","player_choice":"Fought Bandits","floor":22.0,"gold_loss":0.0,"damage_taken":0.0},{"damage_healed":0.0,"max_hp_gain":0.0,"max_hp_loss":0.0,"gold_gain":0.0,"event_name":"Purifier","player_choice":"Ignored","floor":37.0,"gold_loss":0.0,"damage_taken":0.0},{"damage_healed":0.0,"max_hp_gain":0.0,"max_hp_loss":0.0,"gold_gain":0.0,"event_name":"MindBloom","player_choice":"Fight","floor":39.0,"gold_loss":0.0,"damage_taken":0.0},{"damage_healed":0.0,"max_hp_gain":0.0,"max_hp_loss":0.0,"gold_gain":100.0,"event_name":"Golden Shrine","player_choice":"Pray","floor":41.0,"gold_loss":0.0,"damage_taken":0.0}],"is_beta":false,"boss_relics":[{"not_picked":["Busted Crown","Philosopher\u0027s Stone"],"picked":"Fusion Hammer"},{"not_picked":["Snecko Eye","Runic Dome","Velvet Choker"]}],"items_purged_floors":[],"is_endless":false,"potions_floor_spawned":[5,10,21,24,29,33,38,39,44],"killed_by":"Time Eater","ascension_level":6}