{"gold_per_floor":[119,134,59,59,59,59,69,102,102,115,115,144,144,155,155,155],"floor_reached":16,"playtime":322,"items_purged":[],"score":220,"play_id":"98dc8c09-39b4-4626-8930-c56b4f01c457","local_time":"20190704201842","is_ascension_mode":true,"campfire_choices":[{"data":"Static Discharge","floor":6,"key":"SMITH"},{"floor":11,"key":"REST"},{"floor":15,"key":"REST"}],"neow_cost":"NONE","seed_source_timestamp":474774884096200,"circlet_count":0,"master_deck":["AscendersBane","Strike_B","Strike_B","Defend_B","Defend_B","Defend_B","Defend_B","Zap","Dualcast","Reboot","Rip and Tear","Cold Snap","Static Discharge+1","Recycle","Amplify"],"relics":["Cracked Core","Blood Vial","Shovel","The Courier","Nunchaku"],"potions_floor_usage":[],"damage_taken":[{"damage":2,"enemies":"2 Louse","floor":1,"turns":3},{"damage":2,"enemies":"Jaw Worm","floor":2,"turns":3},{"damage":0,"enemies":"Small Slimes","floor":7,"turns":2},{"damage":27,"enemies":"3 Sentries","floor":8,"turns":5},{"damage":12,"enemies":"3 Louse","floor":10,"turns":2},{"damage":16,"enemies":"Lagavulin","floor":12,"turns":7},{"damage":16,"enemies":"Exordium Wildlife","floor":14,"turns":2},{"damage":29,"enemies":"Hexaghost","floor":16,"turns":7}],"seed_played":"657382618062747107","potions_obtained":[{"floor":7,"key":"Energy Potion"},{"floor":10,"key":"Swift Potion"}],"is_trial":false,"path_per_floor":["M","M","?","?","?","R","M","E","T","M","R","E","?","M","R","B"],"character_chosen":"DEFECT","items_purchased":[],"campfire_rested":2,"item_purchase_floors":[],"current_hp_per_floor":[62,60,60,42,42,42,44,19,19,9,30,16,16,2,23,0],"gold":155,"neow_bonus":"ONE_RANDOM_RARE_CARD","is_prod":false,"is_daily":false,"chose_seed":false,"campfire_upgraded":1,"win_rate":0,"timestamp":1562239122,"path_taken":["M","M","?","?","?","R","M","E","T","M","R","E","?","M","R","BOSS"],"build_version":"2019-07-01","purchased_purges":0,"victory":false,"max_hp_per_floor":[71,71,71,71,71,71,71,71,71,71,71,71,71,71,71,71],"card_choices":[{"not_picked":["Go for the Eyes","Hologram"],"picked":"Rip and Tear","floor":1},{"not_picked":["Barrage","White Noise"],"picked":"Cold Snap","floor":2},{"not_picked":["Steam Power","Turbo"],"picked":"Recycle","floor":7},{"not_picked":["Go for the Eyes","Stack","Sweeping Beam"],"picked":"SKIP","floor":8},{"not_picked":["Steam Power","Beam Cell","Conserve Battery"],"picked":"SKIP","floor":10},{"not_picked":["Go for the Eyes","Streamline"],"picked":"Amplify","floor":12},{"not_picked":["Redo","Heatsinks","Melter"],"picked":"SKIP","floor":14}],"player_experience":925063,"relics_obtained":[{"floor":8,"key":"Shovel"},{"floor":9,"key":"The Courier"},{"floor":12,"key":"Nunchaku"}],"event_choices":[{"cards_removed":["Strike_B"],"damage_healed":0,"gold_gain":0,"player_choice":"Card Removal","damage_taken":0,"max_hp_gain":0,"max_hp_loss":0,"event_name":"The Cleric","floor":3,"gold_loss":75},{"damage_healed":0,"gold_gain":0,"player_choice":"Success","damage_taken":18,"relics_obtained":["Blood Vial"],"max_hp_gain":0,"max_hp_loss":0,"event_name":"Scrap Ooze","floor":4,"gold_loss":0},{"damage_healed":0,"gold_gain":0,"cards_transformed":["Strike_B"],"player_choice":"Change","damage_taken":0,"max_hp_gain":0,"max_hp_loss":0,"event_name":"Living Wall","floor":5,"gold_loss":0,"cards_obtained":["Static Discharge"]},{"damage_healed":0,"gold_gain":0,"player_choice":"Ignored","damage_taken":0,"max_hp_gain":0,"max_hp_loss":0,"event_name":"Liars Game","floor":13,"gold_loss":0}],"is_beta":false,"boss_relics":[],"items_purged_floors":[],"is_endless":false,"potions_floor_spawned":[7,10],"killed_by":"Hexaghost","ascension_level":20}