{"gold_per_floor":[115,40,40,59,59,102,102,135,135,135,156,181,181,206,206,301,301,301,301,301,301,41,41,41,41,41,41,41,41,41,41,41,41,41,41,0,0,0,0,0,0,0,0,0,0,0,0,0,0,0],"floor_reached":50,"playtime":2111,"items_purged":["Injury","Strike_G"],"score":996,"play_id":"71bc782b-d01c-4ccb-8829-2f43d449a375","local_time":"20190720175442","is_ascension_mode":true,"campfire_choices":[{"data":"Deadly Poison","floor":7,"key":"SMITH"},{"data":"Neutralize","floor":10,"key":"SMITH"},{"data":"Bouncing Flask","floor":13,"key":"SMITH"},{"data":"Reflex","floor":15,"key":"SMITH"},{"data":"A Thousand Cuts","floor":23,"key":"SMITH"},{"data":"Cloak And Dagger","floor":25,"key":"SMITH"},{"data":"Flechettes","floor":27,"key":"SMITH"},{"data":"Reflex","floor":32,"key":"SMITH"},{"data":"After Image","floor":40,"key":"SMITH"},{"data":"Calculated Gamble","floor":44,"key":"SMITH"},{"floor":49,"key":"RECALL"}],"neow_cost":"CURSE","seed_source_timestamp":93631259892900,"circlet_count":0,"master_deck":["AscendersBane","Defend_G","Defend_G","Defend_G","Defend_G","Defend_G","Survivor","Neutralize+1","Deadly Poison+1","Unload","Reflex+1","Backflip","Cloak And Dagger+1","Deadly Poison","Bouncing Flask+1","Deflect","A Thousand Cuts+1","Poisoned Stab","Flechettes+1","Neutralize+1","Reflex+1","Tactician+1","Cloak And Dagger+1","After Image+1","Escape Plan","Backflip+1","Calculated Gamble+1","Backflip","PiercingWail","Malaise"],"relics":["Ring of the Snake","Golden Idol","Dodecahedron","Gremlin Horn","Anchor","Ectoplasm","Lantern","Bag of Preparation","Juzu Bracelet","Tough Bandages","Meat on the Bone","HoveringKite","Red Mask","Calipers","Strawberry"],"potions_floor_usage":[6,8,28,31,33,50],"damage_taken":[{"damage":0,"enemies":"Jaw Worm","floor":1,"turns":4},{"damage":0,"enemies":"Small Slimes","floor":4,"turns":4},{"damage":32,"enemies":"Gremlin Nob","floor":6,"turns":4},{"damage":17,"enemies":"Lagavulin","floor":8,"turns":7},{"damage":0,"enemies":"2 Louse","floor":11,"turns":2},{"damage":0,"enemies":"Red Slaver","floor":12,"turns":3},{"damage":0,"enemies":"Large Slime","floor":14,"turns":4},{"damage":9,"enemies":"The Guardian","floor":16,"turns":8},{"damage":0,"enemies":"Chosen","floor":18,"turns":4},{"damage":2,"enemies":"3 Byrds","floor":20,"turns":4},{"damage":5,"enemies":"Shelled Parasite and Fungi","floor":28,"turns":4},{"damage":19,"enemies":"Gremlin Leader","floor":29,"turns":3},{"damage":0,"enemies":"Centurion and Healer","floor":30,"turns":5},{"damage":0,"enemies":"Colosseum Slavers","floor":31,"turns":5},{"damage":0,"enemies":"Colosseum Nobs","floor":31,"turns":4},{"damage":21,"enemies":"Champ","floor":33,"turns":12},{"damage":9,"enemies":"3 Darklings","floor":35,"turns":4},{"damage":0,"enemies":"Orb Walker","floor":38,"turns":3},{"damage":0,"enemies":"3 Darklings","floor":39,"turns":3},{"damage":0,"enemies":"Mind Bloom Boss Battle","floor":41,"turns":7},{"damage":0,"enemies":"4 Shapes","floor":46,"turns":2},{"damage":6,"enemies":"Nemesis","floor":47,"turns":9},{"damage":0,"enemies":"Transient","floor":48,"turns":6},{"damage":48,"enemies":"Donu and Deca","floor":50,"turns":9}],"seed_played":"-3140193371693042210","potions_obtained":[{"floor":1,"key":"SteroidPotion"},{"floor":6,"key":"Regen Potion"},{"floor":14,"key":"GhostInAJar"},{"floor":18,"key":"Block Potion"},{"floor":29,"key":"Block Potion"},{"floor":38,"key":"GamblersBrew"},{"floor":42,"key":"SmokeBomb"}],"is_trial":false,"path_per_floor":["M","$","?","M","?","E","R","E","T","R","M","M","R","M","R","B",null,"M","?","M","?","$","R","?","R","T","R","M","E","M","?","R","B",null,"M","?","?","M","M","R","?","?","T","R","$","M","E","M","R","B"],"character_chosen":"THE_SILENT","items_purchased":["Lantern"],"campfire_rested":0,"item_purchase_floors":[22],"current_hp_per_floor":[59,59,59,59,59,27,27,25,25,25,25,25,25,25,25,16,49,49,49,47,47,47,47,47,47,47,47,42,23,23,23,23,14,49,40,40,40,40,40,40,40,40,40,40,40,40,41,41,41,0],"gold":0,"neow_bonus":"TRANSFORM_TWO_CARDS","is_prod":false,"is_daily":false,"chose_seed":false,"campfire_upgraded":10,"win_rate":0,"timestamp":1563612882,"path_taken":["M","$","?","M","?","E","R","E","T","R","M","M","R","M","R","BOSS","M","?","?","?","?","R","?","R","T","R","?","E","M","?","R","BOSS","M","?","?","M","M","R","?","?","T","R","$","M","E","M","R","BOSS"],"build_version":"2019-07-17","purchased_purges":2,"victory":false,"max_hp_per_floor":[66,66,60,60,60,60,60,60,60,60,60,60,60,60,60,60,60,60,60,60,60,60,60,60,60,60,60,60,60,60,60,60,60,60,60,60,60,60,60,60,60,60,60,60,60,60,67,67,67,67],"card_choices":[{"not_picked":["Bane","Dagger Throw"],"picked":"Reflex","floor":1},{"not_picked":["Outmaneuver","Accuracy"],"picked":"Backflip","floor":4},{"not_picked":["Eviscerate","Quick Slash"],"picked":"Cloak And Dagger","floor":6},{"not_picked":["Underhanded Strike","Phantasmal Killer"],"picked":"Deadly Poison","floor":8},{"not_picked":["Bane","Blade Dance","Skewer"],"picked":"SKIP","floor":11},{"not_picked":["Poisoned Stab","Quick Slash"],"picked":"Bouncing Flask","floor":12},{"not_picked":["Infinite Blades","Choke"],"picked":"Deflect","floor":14},{"not_picked":["Tools of the Trade","Venomology"],"picked":"A Thousand Cuts","floor":16},{"not_picked":["Dash","Eviscerate","Deflect"],"picked":"SKIP","floor":18},{"not_picked":["Bane","Dagger Throw","Flying Knee+1"],"picked":"SKIP","floor":20},{"not_picked":["Prepared","Slice","Endless Agony"],"picked":"SKIP","floor":28},{"not_picked":["Slice+1","Concentrate"],"picked":"Reflex","floor":29},{"not_picked":["Terror","Bouncing Flask"],"picked":"Tactician+1","floor":30},{"not_picked":["Deflect+1","Slice"],"picked":"Cloak And Dagger+1","floor":31},{"not_picked":["Glass Knife","Storm of Steel"],"picked":"After Image","floor":33},{"not_picked":["Underhanded Strike","Dodge and Roll"],"picked":"Escape Plan","floor":35},{"not_picked":["Flying Knee+1","Outmaneuver"],"picked":"Backflip+1","floor":38},{"not_picked":["Noxious Fumes","Blade Dance+1","Terror"],"picked":"SKIP","floor":39},{"not_picked":["Dodge and Roll","Eviscerate"],"picked":"Calculated Gamble","floor":41},{"not_picked":["PiercingWail+1","Dagger Throw+1"],"picked":"Backflip","floor":46},{"not_picked":["Outmaneuver","All Out Attack+1"],"picked":"PiercingWail","floor":47},{"not_picked":["Terror+1","Cloak And Dagger"],"picked":"Malaise","floor":48}],"player_experience":1107263,"relics_obtained":[{"floor":6,"key":"Dodecahedron"},{"floor":8,"key":"Gremlin Horn"},{"floor":9,"key":"Anchor"},{"floor":26,"key":"Bag of Preparation"},{"floor":29,"key":"Juzu Bracelet"},{"floor":31,"key":"Tough Bandages"},{"floor":31,"key":"Meat on the Bone"},{"floor":41,"key":"Calipers"},{"floor":47,"key":"Strawberry"}],"event_choices":[{"damage_healed":0,"gold_gain":0,"player_choice":"Lose Max HP","damage_taken":0,"relics_obtained":["Golden Idol"],"max_hp_gain":0,"max_hp_loss":6,"event_name":"Golden Idol","floor":3,"gold_loss":0},{"damage_healed":0,"gold_gain":0,"player_choice":"Ignored","damage_taken":0,"max_hp_gain":0,"max_hp_loss":0,"event_name":"Liars Game","floor":5,"gold_loss":0},{"damage_healed":0,"gold_gain":50,"player_choice":"Pray","damage_taken":0,"max_hp_gain":0,"max_hp_loss":0,"event_name":"Golden Shrine","floor":19,"gold_loss":0},{"damage_healed":0,"gold_gain":0,"cards_transformed":["Strike_G","Strike_G"],"player_choice":"Became Test Subject","damage_taken":0,"max_hp_gain":0,"max_hp_loss":0,"event_name":"Drug Dealer","floor":21,"gold_loss":0,"cards_obtained":["Poisoned Stab","Flechettes"]},{"damage_healed":0,"gold_gain":0,"player_choice":"Copied","damage_taken":0,"max_hp_gain":0,"max_hp_loss":0,"event_name":"Duplicator","floor":24,"gold_loss":0,"cards_obtained":["Neutralize"]},{"damage_healed":0,"gold_gain":0,"player_choice":"Fight","damage_taken":0,"max_hp_gain":0,"max_hp_loss":0,"event_name":"Colosseum","floor":31,"gold_loss":0},{"damage_healed":0,"gold_gain":0,"player_choice":"Fought Nobs","damage_taken":0,"max_hp_gain":0,"max_hp_loss":0,"event_name":"Colosseum","floor":31,"gold_loss":0},{"damage_healed":0,"gold_gain":0,"player_choice":"Paid","damage_taken":0,"relics_obtained":["Red Mask"],"max_hp_gain":0,"max_hp_loss":0,"event_name":"Tomb of Lord Red Mask","floor":36,"gold_loss":41},{"damage_healed":0,"gold_gain":0,"player_choice":"Ignored","damage_taken":0,"max_hp_gain":0,"max_hp_loss":0,"event_name":"Mysterious Sphere","floor":37,"gold_loss":0},{"damage_healed":0,"gold_gain":0,"player_choice":"Fight","damage_taken":0,"max_hp_gain":0,"max_hp_loss":0,"event_name":"MindBloom","floor":41,"gold_loss":0},{"damage_healed":0,"gold_gain":0,"player_choice":"Got Potions","damage_taken":0,"max_hp_gain":0,"max_hp_loss":0,"event_name":"Lab","floor":42,"gold_loss":0}],"is_beta":false,"boss_relics":[{"not_picked":["Ring of the Serpent","Fusion Hammer"],"picked":"Ectoplasm"},{"not_picked":["Astrolabe","Runic Dome"],"picked":"HoveringKite"}],"items_purged_floors":[2,22],"is_endless":false,"potions_floor_spawned":[1,6,14,18,29,30,38,46],"killed_by":"Donu and Deca","ascension_level":20}