{"gold_per_floor":[18,36,1,20,95,95,125,125,125,155,58,115,115,143,143,143],"floor_reached":16,"playtime":443,"items_purged":[],"score":232,"play_id":"445150a0-49b7-4807-8ffb-de1e760548a2","local_time":"20190625151250","is_ascension_mode":true,"campfire_choices":[{"data":"Sunder","floor":6,"key":"SMITH"},{"data":"Strike_B","floor":8,"key":"PURGE"},{"floor":13,"key":"REST"},{"data":"Defragment","floor":15,"key":"SMITH"}],"neow_cost":"NO_GOLD","seed_source_timestamp":265177308924500,"circlet_count":0,"master_deck":["AscendersBane","Strike_B","Strike_B","Strike_B","Defend_B","Defend_B","Defend_B","Defend_B","Zap","Dualcast","Sunder+1","Melter","Reboot","Defragment+1","Cold Snap","Coolheaded","Seek"],"relics":["Cracked Core","Peace Pipe","Ginger","Singing Bowl","Question Card","Calipers","Meat on the Bone"],"potions_floor_usage":[14,16],"damage_taken":[{"damage":7,"enemies":"2 Louse","floor":1,"turns":3},{"damage":9,"enemies":"Jaw Worm","floor":2,"turns":4},{"damage":3,"enemies":"Small Slimes","floor":4,"turns":3},{"damage":15,"enemies":"3 Sentries","floor":7,"turns":8},{"damage":25,"enemies":"Lagavulin","floor":10,"turns":7},{"damage":8,"enemies":"Gremlin Nob","floor":12,"turns":3},{"damage":9,"enemies":"3 Sentries","floor":14,"turns":7},{"damage":33,"enemies":"Hexaghost","floor":16,"turns":11}],"seed_played":"-6464183123669483506","potions_obtained":[{"floor":1,"key":"Fire Potion"},{"floor":2,"key":"FairyPotion"},{"floor":14,"key":"Explosive Potion"}],"is_trial":false,"path_per_floor":["M","M","?","M","?","R","E","R","T","E","$","?","R","E","R","B"],"character_chosen":"DEFECT","items_purchased":["Defragment","Cold Snap"],"campfire_rested":1,"item_purchase_floors":[11,11],"current_hp_per_floor":[57,48,65,62,51,51,36,36,36,11,11,3,24,15,15,0],"gold":143,"neow_bonus":"ONE_RARE_RELIC","is_prod":false,"is_daily":false,"chose_seed":false,"campfire_upgraded":2,"win_rate":0,"timestamp":1561443170,"path_taken":["M","M","?","M","?","R","E","R","T","E","$","?","R","E","R","BOSS"],"build_version":"2019-01-23","purchased_purges":0,"victory":false,"max_hp_per_floor":[71,71,71,71,71,71,71,71,71,71,71,71,71,71,71,71],"card_choices":[{"not_picked":["Doom and Gloom","Rebound","Hello World"],"picked":"SKIP","floor":1},{"not_picked":["BootSequence","Gash"],"picked":"Sunder","floor":2},{"not_picked":["Barrage","Aggregate","Stack"],"picked":"SKIP","floor":4},{"not_picked":["Beam Cell","Rebound"],"picked":"Melter","floor":7},{"not_picked":["Leap","Go for the Eyes"],"picked":"Reboot","floor":10},{"not_picked":["Compile Driver","Beam Cell","Rebound"],"picked":"Coolheaded","floor":12},{"not_picked":["Coolheaded","Doom and Gloom","Ball Lightning"],"picked":"Seek","floor":14}],"player_experience":799137,"relics_obtained":[{"floor":7,"key":"Ginger"},{"floor":9,"key":"Singing Bowl"},{"floor":10,"key":"Question Card"},{"floor":12,"key":"Calipers"},{"floor":14,"key":"Meat on the Bone"}],"event_choices":[{"damage_healed":17,"gold_gain":0,"player_choice":"Healed","damage_taken":0,"max_hp_gain":0,"max_hp_loss":0,"event_name":"The Cleric","floor":3,"gold_loss":35},{"damage_healed":0,"gold_gain":75,"player_choice":"Gather Gold","damage_taken":11,"max_hp_gain":0,"max_hp_loss":0,"event_name":"World of Goop","floor":5,"gold_loss":0},{"damage_healed":0,"gold_gain":30,"player_choice":"Searched \u00273\u0027 times","damage_taken":0,"max_hp_gain":0,"max_hp_loss":0,"event_name":"Dead Adventurer","floor":12,"gold_loss":0}],"is_beta":false,"boss_relics":[],"items_purged_floors":[],"is_endless":false,"potions_floor_spawned":[1,2,10,14],"killed_by":"Hexaghost","ascension_level":20}