{"gold_per_floor":[113,263,263,276,292,292,318,318,318,331,28,28,60,76,76,155,155,155,80,0,0,0,0,0,0,0,0,0,0,0,0,0,0,0,0,0,0,0,0,0],"floor_reached":40,"playtime":1915,"items_purged":["Doubt"],"score":976,"play_id":"cac52beb-2365-4805-aeeb-97b45334b4c0","local_time":"20190626190826","is_ascension_mode":true,"campfire_choices":[{"data":"Zap","floor":6.0,"key":"SMITH"},{"data":"Barrage","floor":8.0,"key":"SMITH"},{"data":"Capacitor","floor":12.0,"key":"SMITH"},{"data":"White Noise","floor":15.0,"key":"SMITH"},{"data":"Creative AI","floor":23.0,"key":"SMITH"},{"data":"Recycle","floor":32.0,"key":"SMITH"}],"neow_cost":"TEN_PERCENT_HP_LOSS","seed_source_timestamp":364210417923800,"circlet_count":0,"master_deck":["AscendersBane","Defend_B","Defend_B","Defend_B","Zap+1","Dualcast","White Noise+1","Lockon","Capacitor+1","Barrage+1","Cold Snap","Creative AI+1","Recycle+1","Heatsinks","White Noise","White Noise","Heatsinks+1","Glacier","Amplify","Redo+1"],"special_seed":0,"relics":["Cracked Core","Unceasing Top","Bird Faced Urn","Lee\u0027s Waffle","Blue Candle","Ectoplasm","Tiny Chest","Lantern","Frozen Egg 2","Inserter"],"potions_floor_usage":[40],"damage_taken":[{"damage":1.0,"enemies":"2 Louse","floor":1.0,"turns":3.0},{"damage":7.0,"enemies":"Cultist","floor":4.0,"turns":5.0},{"damage":9.0,"enemies":"Jaw Worm","floor":5.0,"turns":3.0},{"damage":36.0,"enemies":"Gremlin Nob","floor":7.0,"turns":4.0},{"damage":3.0,"enemies":"Blue Slaver","floor":10.0,"turns":3.0},{"damage":5.0,"enemies":"Lagavulin","floor":13.0,"turns":6.0},{"damage":6.0,"enemies":"2 Fungi Beasts","floor":14.0,"turns":3.0},{"damage":3.0,"enemies":"Slime Boss","floor":16.0,"turns":6.0},{"damage":46.0,"enemies":"Chosen","floor":18.0,"turns":7.0},{"damage":17.0,"enemies":"2 Thieves","floor":20.0,"turns":3.0},{"damage":29.0,"enemies":"Gremlin Leader","floor":24.0,"turns":6.0},{"damage":48.0,"enemies":"Shelled Parasite and Fungi","floor":25.0,"turns":17.0},{"damage":42.0,"enemies":"Centurion and Healer","floor":28.0,"turns":15.0},{"damage":38.0,"enemies":"Book of Stabbing","floor":29.0,"turns":5.0},{"damage":4.0,"enemies":"Chosen and Byrds","floor":30.0,"turns":3.0},{"damage":5.0,"enemies":"Sentry and Sphere","floor":31.0,"turns":5.0},{"damage":0.0,"enemies":"Collector","floor":33.0,"turns":6.0},{"damage":20.0,"enemies":"3 Darklings","floor":35.0,"turns":6.0},{"damage":32.0,"enemies":"3 Shapes","floor":37.0,"turns":18.0},{"damage":75,"enemies":"Jaw Worm Horde","floor":39,"turns":5},{"damage":19,"enemies":"Nemesis","floor":40,"turns":2}],"seed_played":"-7442001274045344136","potions_obtained":[{"floor":1.0,"key":"SmokeBomb"},{"floor":4.0,"key":"FairyPotion"},{"floor":13.0,"key":"PowerPotion"},{"floor":14.0,"key":"AttackPotion"},{"floor":16.0,"key":"Ancient Potion"},{"floor":24.0,"key":"Regen Potion"},{"floor":28.0,"key":"Weak Potion"},{"floor":29.0,"key":"SkillPotion"},{"floor":33.0,"key":"FairyPotion"},{"floor":35.0,"key":"Ancient Potion"},{"floor":37.0,"key":"PowerPotion"}],"is_trial":false,"path_per_floor":["M","?","?","M","M","R","E","R","T","M","$","R","E","M","R","B",null,"M","?","M","?","?","R","E","M","T","?","M","E","M","M","R","B",null,"M","$","M","?","M","E"],"character_chosen":"DEFECT","items_purchased":["Lee\u0027s Waffle"],"campfire_rested":0,"item_purchase_floors":[11],"current_hp_per_floor":[63,63,63,56,47,47,11,11,11,12,71,71,66,62,62,65,70,47,47,38,38,38,38,27,71,71,50,71,52,66,71,71,71,71,61,61,71,71,10,0],"gold":0,"neow_bonus":"REMOVE_TWO","is_prod":false,"is_daily":false,"chose_seed":false,"campfire_upgraded":6,"win_rate":0,"timestamp":1561543706,"path_taken":["M","?","?","?","M","R","E","R","T","M","$","R","E","M","R","BOSS","M","?","?","?","?","R","E","M","T","?","M","E","M","M","R","BOSS","M","$","M","?","M","E"],"build_version":"2019-01-23","purchased_purges":1,"victory":false,"max_hp_per_floor":[64,64,64,64,64,64,64,64,64,64,71,71,71,71,71,71,71,71,71,71,71,71,71,71,71,71,71,71,71,71,71,71,71,71,71,71,71,71,71,71],"card_choices":[{"not_picked":["Storm","Ball Lightning"],"picked":"White Noise","floor":1.0},{"not_picked":["Gash","Undo","Compile Driver"],"picked":"SKIP","floor":4.0},{"not_picked":["Aggregate","Barrage"],"picked":"Capacitor","floor":5.0},{"not_picked":["Compile Driver","Redo"],"picked":"Barrage","floor":7.0},{"not_picked":["Hologram","Beam Cell","Skim"],"picked":"SKIP","floor":10.0},{"not_picked":["BootSequence","Lockon","Doom and Gloom"],"picked":"SKIP","floor":13.0},{"not_picked":["Blizzard","Force Field"],"picked":"Cold Snap","floor":14.0},{"not_picked":["All For One","Biased Cognition"],"picked":"Creative AI","floor":16.0},{"not_picked":["Leap","Rebound"],"picked":"Recycle","floor":18.0},{"not_picked":["Chaos","Streamline+1"],"picked":"White Noise","floor":20.0},{"not_picked":["Streamline","Turbo"],"picked":"White Noise","floor":24.0},{"not_picked":["Chaos","Steam","Stack"],"picked":"SKIP","floor":25.0},{"not_picked":["Go for the Eyes","Ball Lightning+1","Barrage"],"picked":"SKIP","floor":28.0},{"not_picked":["Beam Cell","Ball Lightning"],"picked":"Heatsinks","floor":29.0},{"not_picked":["Recycle","Undo"],"picked":"Glacier","floor":30.0},{"not_picked":["Leap","Stack","FTL"],"picked":"SKIP","floor":31.0},{"not_picked":["Machine Learning+1","Thunder Strike"],"picked":"Amplify","floor":33.0},{"not_picked":["Lockon+1","Stack+1"],"picked":"Redo+1","floor":35.0},{"not_picked":["Barrage","Cold Snap","Ball Lightning+1"],"picked":"SKIP","floor":37.0},{"not_picked":["Aggregate","Sweeping Beam","Streamline"],"picked":"SKIP","floor":39}],"player_experience":816369,"relics_obtained":[{"floor":7.0,"key":"Unceasing Top"},{"floor":9.0,"key":"Bird Faced Urn"},{"floor":13.0,"key":"Blue Candle"},{"floor":24.0,"key":"Tiny Chest"},{"floor":26.0,"key":"Lantern"},{"floor":29.0,"key":"Frozen Egg 2"}],"event_choices":[{"damage_healed":0.0,"max_hp_gain":0.0,"max_hp_loss":0.0,"gold_gain":150.0,"event_name":"Liars Game","player_choice":"AGREE","floor":2.0,"gold_loss":0.0,"damage_taken":0.0,"cards_obtained":["Doubt"]},{"damage_healed":0.0,"max_hp_gain":0.0,"max_hp_loss":0.0,"gold_gain":0.0,"cards_transformed":["Strike_B"],"event_name":"Transmorgrifier","player_choice":"Transformed","floor":3.0,"gold_loss":0.0,"damage_taken":0.0,"cards_obtained":["Lockon"]},{"damage_healed":0.0,"max_hp_gain":0.0,"max_hp_loss":0.0,"gold_gain":0.0,"cards_transformed":["Strike_B","Strike_B"],"event_name":"Designer","player_choice":"Transformed Cards","floor":19.0,"gold_loss":75.0,"damage_taken":0.0,"cards_obtained":["Heatsinks","Heatsinks"]},{"cards_removed":["Heatsinks"],"damage_healed":0.0,"max_hp_gain":0.0,"max_hp_loss":0.0,"gold_gain":0.0,"event_name":"Back to Basics","player_choice":"Elegance","floor":21.0,"gold_loss":0.0,"damage_taken":0.0},{"damage_healed":0.0,"max_hp_gain":0.0,"max_hp_loss":0.0,"gold_gain":0.0,"event_name":"Cursed Tome","player_choice":"Obtained Book","floor":27.0,"gold_loss":0.0,"damage_taken":21.0},{"damage_healed":0,"gold_gain":0,"player_choice":"Ignored","damage_taken":0,"max_hp_gain":0,"max_hp_loss":0,"event_name":"Mysterious Sphere","floor":38,"gold_loss":0}],"is_beta":false,"boss_relics":[{"not_picked":["Velvet Choker","Calling Bell"],"picked":"Ectoplasm"},{"not_picked":["Empty Cage","Runic Pyramid"],"picked":"Inserter"}],"items_purged_floors":[11],"is_endless":false,"potions_floor_spawned":[1,4,13,14,16,24,28,29,31,33,35,37,39],"killed_by":"Nemesis","ascension_level":20}