{"gold_per_floor":[116,116,116,130,144,144,154,188,211,211,221,246,258,258,258,331,331,331,16,16,16,16,16,16,16,16,16,16,16,16,16,16,16,16,16,16,16,16,16,16,16,16,16,16,16,16,16,16,16,16],"floor_reached":50,"playtime":1881,"items_purged":[],"score":1146,"play_id":"e73dc67c-3d7f-42ee-9239-55446881a37f","local_time":"20190726164831","is_ascension_mode":true,"campfire_choices":[{"data":"Immolate","floor":6,"key":"SMITH"},{"data":"Inflame","floor":10,"key":"SMITH"},{"data":"Bash","floor":15,"key":"SMITH"},{"data":"Carnage","floor":23,"key":"SMITH"},{"data":"Armaments","floor":28,"key":"SMITH"},{"floor":30,"key":"DIG"},{"floor":32,"key":"DIG"},{"floor":44,"key":"DIG"},{"floor":47,"key":"DIG"},{"floor":49,"key":"RECALL"}],"neow_cost":"CURSE","seed_source_timestamp":608294884170400,"circlet_count":0,"master_deck":["AscendersBane","Strike_R+1","Defend_R","Defend_R+1","Defend_R+1","Defend_R","Immolate+1","Inflame+1","True Grit","Pommel Strike","Shrug It Off","Anger","Brutality","Battle Trance","Offering","Carnage+1","Entrench","Seeing Red","Armaments+1","Shockwave","Burning Pact+1","Sentinel","Battle Trance","Impervious","Shrug It Off+1","Body Slam","Second Wind","Juggernaut","Fire Breathing","Shockwave+1"],"relics":["Burning Blood","Bronze Scales","Whetstone","War Paint","Ectoplasm","FossilizedHelix","Red Mask","Happy Flower","Prayer Wheel","Shovel","Pantograph","Letter Opener","Runic Dome","Bird Faced Urn","Boot","Champion Belt","Meat on the Bone"],"potions_floor_usage":[16,16,27,33,50,50],"damage_taken":[{"damage":7,"enemies":"Jaw Worm","floor":1,"turns":2},{"damage":0,"enemies":"2 Louse","floor":4,"turns":2},{"damage":6,"enemies":"Cultist","floor":5,"turns":3},{"damage":0,"enemies":"3 Louse","floor":7,"turns":3},{"damage":24,"enemies":"Lagavulin","floor":8,"turns":6},{"damage":13,"enemies":"Gremlin Gang","floor":11,"turns":2},{"damage":35,"enemies":"Gremlin Nob","floor":12,"turns":4},{"damage":4,"enemies":"Looter","floor":13,"turns":3},{"damage":31,"enemies":"Hexaghost","floor":16,"turns":9},{"damage":4,"enemies":"Spheric Guardian","floor":18,"turns":3},{"damage":0,"enemies":"Masked Bandits","floor":21,"turns":2},{"damage":0,"enemies":"Chosen","floor":24,"turns":3},{"damage":25,"enemies":"Gremlin Leader","floor":25,"turns":5},{"damage":32,"enemies":"Book of Stabbing","floor":27,"turns":4},{"damage":0,"enemies":"3 Cultists","floor":29,"turns":3},{"damage":0,"enemies":"Snake Plant","floor":31,"turns":4},{"damage":37,"enemies":"Collector","floor":33,"turns":8},{"damage":1,"enemies":"3 Shapes","floor":35,"turns":2},{"damage":0,"enemies":"Orb Walker","floor":36,"turns":2},{"damage":0,"enemies":"Sphere and 2 Shapes","floor":37,"turns":3},{"damage":7,"enemies":"Transient","floor":39,"turns":6},{"damage":41,"enemies":"Reptomancer","floor":40,"turns":6},{"damage":34,"enemies":"Giant Head","floor":42,"turns":8},{"damage":55,"enemies":"Awakened One","floor":50,"turns":10}],"seed_played":"-2895915201203877171","potions_obtained":[{"floor":1,"key":"SpeedPotion"},{"floor":12,"key":"Regen Potion"},{"floor":13,"key":"Block Potion"},{"floor":21,"key":"GamblersBrew"},{"floor":25,"key":"LiquidBronze"},{"floor":29,"key":"Fire Potion"},{"floor":40,"key":"SpeedPotion"}],"is_trial":false,"path_per_floor":["M","?","?","M","M","R","M","E","T","R","M","E","M","?","R","B",null,"M","$","?","?","?","R","M","E","T","E","R","M","R","M","R","B",null,"M","M","M","?","M","E","$","E","T","R","?","?","R","$","R","B"],"character_chosen":"IRONCLAD","items_purchased":["FossilizedHelix"],"campfire_rested":0,"item_purchase_floors":[19],"current_hp_per_floor":[67,67,67,73,73,73,75,57,57,57,50,21,23,28,28,18,65,67,67,67,73,73,73,79,60,60,34,34,40,40,46,46,40,70,75,80,80,80,79,44,44,24,24,24,24,24,24,24,24,0],"gold":16,"neow_bonus":"THREE_RARE_CARDS","is_prod":false,"is_daily":false,"chose_seed":false,"campfire_upgraded":5,"win_rate":0,"timestamp":1564127311,"path_taken":["M","?","?","M","M","R","M","E","T","R","M","E","?","?","R","BOSS","M","$","?","?","?","R","M","E","T","E","R","?","R","M","R","BOSS","M","M","M","?","?","E","$","E","T","R","?","?","R","?","R","BOSS"],"build_version":"2019-07-17","purchased_purges":0,"victory":false,"max_hp_per_floor":[75,75,75,75,75,75,75,75,75,75,75,75,75,80,80,80,80,80,80,80,80,80,80,80,80,80,80,80,80,80,80,80,80,80,80,80,80,80,80,80,80,80,80,80,80,80,80,80,80,80],"card_choices":[{"not_picked":["Juggernaut","Exhume"],"picked":"Immolate","floor":0},{"not_picked":["Hemokinesis","Heavy Blade"],"picked":"Inflame","floor":1},{"not_picked":["Hemokinesis","Pommel Strike"],"picked":"True Grit","floor":4},{"not_picked":["Headbutt","Rupture"],"picked":"Pommel Strike","floor":5},{"not_picked":["Sword Boomerang","Anger"],"picked":"Shrug It Off","floor":7},{"not_picked":["Pommel Strike","Havoc"],"picked":"Anger","floor":8},{"not_picked":["Pommel Strike","Twin Strike"],"picked":"Brutality","floor":11},{"not_picked":["Rupture","Headbutt","Warcry"],"picked":"SKIP","floor":12},{"not_picked":["Rupture","Headbutt","Warcry"],"picked":"SKIP","floor":12},{"not_picked":["Flame Barrier","Iron Wave"],"picked":"Battle Trance","floor":13},{"not_picked":["Exhume","Berserk"],"picked":"Offering","floor":16},{"not_picked":["Clothesline+1","True Grit","Iron Wave"],"picked":"SKIP","floor":18},{"not_picked":["Sword Boomerang","Cleave"],"picked":"Seeing Red","floor":21},{"not_picked":["Heavy Blade+1","Iron Wave"],"picked":"Armaments","floor":25},{"not_picked":["Flex","Twin Strike+1","Wild Strike"],"picked":"SKIP","floor":27},{"not_picked":["Battle Trance","Thunderclap"],"picked":"Shockwave","floor":29},{"not_picked":["Carnage","Havoc"],"picked":"Burning Pact+1","floor":29},{"not_picked":["Warcry","Rampage"],"picked":"Sentinel","floor":31},{"not_picked":["Headbutt","Double Tap"],"picked":"Battle Trance","floor":31},{"not_picked":["Exhume","Feed"],"picked":"Impervious","floor":33},{"not_picked":["Rupture","Perfected Strike"],"picked":"Shrug It Off+1","floor":35},{"not_picked":["Sever Soul","Searing Blow+1"],"picked":"Body Slam","floor":35},{"not_picked":["Sword Boomerang","Clash+1"],"picked":"Second Wind","floor":36},{"not_picked":["Searing Blow+1","Fire Breathing","Combust"],"picked":"SKIP","floor":36},{"not_picked":["Body Slam","Second Wind"],"picked":"Juggernaut","floor":37},{"not_picked":["Headbutt","Heavy Blade+1","Sentinel"],"picked":"SKIP","floor":37},{"not_picked":["Headbutt+1","Rage"],"picked":"Shockwave+1","floor":39},{"not_picked":["Inflame+1","Entrench","Heavy Blade"],"picked":"SKIP","floor":39},{"not_picked":["Battle Trance+1","Perfected Strike","Wild Strike+1"],"picked":"SKIP","floor":40},{"not_picked":["Anger","Thunderclap","Wild Strike"],"picked":"SKIP","floor":42}],"player_experience":1218501,"relics_obtained":[{"floor":8,"key":"Bronze Scales"},{"floor":9,"key":"Whetstone"},{"floor":12,"key":"War Paint"},{"floor":21,"key":"Red Mask"},{"floor":25,"key":"Happy Flower"},{"floor":26,"key":"Prayer Wheel"},{"floor":27,"key":"Shovel"},{"floor":30,"key":"Pantograph"},{"floor":32,"key":"Letter Opener"},{"floor":40,"key":"Bird Faced Urn"},{"floor":42,"key":"Boot"},{"floor":44,"key":"Champion Belt"},{"floor":47,"key":"Meat on the Bone"}],"event_choices":[{"cards_removed":["Shame"],"damage_healed":0,"gold_gain":0,"player_choice":"Forget","damage_taken":0,"max_hp_gain":0,"max_hp_loss":0,"event_name":"Living Wall","floor":2,"gold_loss":0},{"damage_healed":0,"gold_gain":0,"player_choice":"Ignored","damage_taken":0,"max_hp_gain":0,"max_hp_loss":0,"event_name":"Liars Game","floor":3,"gold_loss":0},{"damage_healed":0,"gold_gain":0,"player_choice":"Donut","damage_taken":0,"max_hp_gain":5,"max_hp_loss":0,"event_name":"Big Fish","floor":14,"gold_loss":0},{"damage_healed":0,"gold_gain":0,"cards_transformed":["Strike_R","Strike_R"],"player_choice":"Became Test Subject","damage_taken":0,"max_hp_gain":0,"max_hp_loss":0,"event_name":"Drug Dealer","floor":20,"gold_loss":0,"cards_obtained":["Carnage","Entrench"]},{"damage_healed":0,"gold_gain":0,"player_choice":"Fought Bandits","damage_taken":0,"max_hp_gain":0,"max_hp_loss":0,"event_name":"Masked Bandits","floor":21,"gold_loss":0},{"cards_removed":["Strike_R"],"damage_healed":0,"gold_gain":0,"player_choice":"Purged","damage_taken":0,"max_hp_gain":0,"max_hp_loss":0,"event_name":"Purifier","floor":22,"gold_loss":0},{"damage_healed":0,"gold_gain":0,"cards_transformed":["Strike_R"],"player_choice":"Transformed","damage_taken":0,"max_hp_gain":0,"max_hp_loss":0,"event_name":"Transmorgrifier","floor":38,"gold_loss":0,"cards_obtained":["Fire Breathing"]},{"damage_healed":0,"gold_gain":0,"player_choice":"Ignored","damage_taken":0,"max_hp_gain":0,"max_hp_loss":0,"event_name":"The Moai Head","floor":45,"gold_loss":0},{"cards_removed":["Bash"],"damage_healed":0,"gold_gain":0,"player_choice":"Removed Attack","damage_taken":0,"max_hp_gain":0,"max_hp_loss":0,"event_name":"Falling","floor":46,"gold_loss":0}],"is_beta":false,"boss_relics":[{"not_picked":["Velvet Choker","Calling Bell"],"picked":"Ectoplasm"},{"not_picked":["Tiny House","Cursed Key"],"picked":"Runic Dome"}],"items_purged_floors":[],"is_endless":false,"potions_floor_spawned":[1,12,13,21,25,29,40],"killed_by":"Awakened One","ascension_level":20}