{"gold_per_floor":[119,119,136,150,166,166,241,241,241,252,278,278,294,11,11,83,83,101,117,129,53,53],"floor_reached":22,"playtime":690,"items_purged":[],"score":376,"play_id":"6a0a9248-50e9-4280-afb1-f5d9c8b4314c","local_time":"20190627174204","is_ascension_mode":true,"campfire_choices":[{"data":"Defragment","floor":6,"key":"SMITH"},{"data":"Recycle","floor":8,"key":"SMITH"},{"floor":15,"key":"DIG"}],"neow_cost":"NONE","seed_source_timestamp":56215675435900,"circlet_count":0,"master_deck":["AscendersBane","Strike_B","Strike_B","Strike_B","Strike_B","Defend_B","Defend_B","Defend_B","Defend_B","Zap","Dualcast","Recycle+1","Pain","Defragment+1","Cold Snap","Loop","Coolheaded","Seek","Blizzard","Ball Lightning","Recycle","Defragment"],"relics":["Cracked Core","NeowsBlessing","WarpedTongs","Question Card","Shovel","Meat on the Bone","Pear","Inserter"],"potions_floor_usage":[5,11,16],"damage_taken":[{"damage":0,"enemies":"Jaw Worm","floor":1,"turns":1},{"damage":0,"enemies":"Cultist","floor":3,"turns":1},{"damage":0,"enemies":"2 Louse","floor":4,"turns":1},{"damage":27,"enemies":"Large Slime","floor":5,"turns":6},{"damage":16,"enemies":"Lots of Slimes","floor":10,"turns":6},{"damage":17,"enemies":"3 Sentries","floor":11,"turns":6},{"damage":6,"enemies":"3 Louse","floor":13,"turns":7},{"damage":31,"enemies":"The Guardian","floor":16,"turns":14},{"damage":28,"enemies":"Chosen","floor":18,"turns":6},{"damage":8,"enemies":"Spheric Guardian","floor":19,"turns":8},{"damage":39,"enemies":"Snake Plant","floor":20,"turns":5},{"damage":22,"enemies":"Centurion and Healer","floor":22,"turns":2}],"seed_played":"7888546242394361523","potions_obtained":[{"floor":4,"key":"Regen Potion"},{"floor":10,"key":"Strength Potion"},{"floor":13,"key":"SteroidPotion"},{"floor":20,"key":"GamblersBrew"}],"is_trial":false,"path_per_floor":["M","?","M","M","M","R","?","R","T","M","E","?","M","$","R","B",null,"M","M","M","$","M"],"character_chosen":"DEFECT","items_purchased":["Meat on the Bone","Defragment"],"campfire_rested":0,"item_purchase_floors":[14,21],"current_hp_per_floor":[64,64,64,64,51,51,40,40,40,24,7,71,65,65,75,44,72,44,48,21,21,0],"gold":53,"neow_bonus":"THREE_ENEMY_KILL","is_prod":false,"is_daily":false,"chose_seed":false,"campfire_upgraded":2,"win_rate":0,"timestamp":1561624924,"path_taken":["M","?","M","M","?","R","?","R","T","M","E","?","?","?","R","BOSS","M","?","M","$","M"],"build_version":"2019-01-23","purchased_purges":0,"victory":false,"max_hp_per_floor":[71,71,71,71,71,71,71,71,71,71,71,71,71,71,81,81,81,81,81,81,81,81],"card_choices":[{"not_picked":["Leap","Beam Cell"],"picked":"Recycle","floor":1},{"not_picked":["Leap","Consume"],"picked":"Defragment","floor":3},{"not_picked":["Redo","Blizzard","Gash"],"picked":"SKIP","floor":4},{"not_picked":["BootSequence","Streamline"],"picked":"Cold Snap","floor":5},{"not_picked":["Compile Driver","Turbo","Beam Cell"],"picked":"Blizzard","floor":10},{"not_picked":["Compile Driver","Darkness","Hologram"],"picked":"Loop","floor":11},{"not_picked":["Ball Lightning","Reboot","Hologram"],"picked":"Coolheaded","floor":13},{"not_picked":["Amplify","Reboot","Multi-Cast"],"picked":"Seek","floor":16},{"not_picked":["Cold Snap","Gash","Rip and Tear"],"picked":"Blizzard","floor":18},{"not_picked":["Leap+1","Hologram","Gash"],"picked":"Ball Lightning","floor":19},{"not_picked":["Steam","Sweeping Beam","Storm"],"picked":"Recycle","floor":20}],"player_experience":829932,"relics_obtained":[{"floor":9,"key":"Question Card"},{"floor":11,"key":"Shovel"},{"floor":15,"key":"Pear"}],"event_choices":[{"damage_healed":0,"gold_gain":0,"player_choice":"Rummage","damage_taken":0,"relics_obtained":["WarpedTongs"],"max_hp_gain":0,"max_hp_loss":0,"event_name":"Accursed Blacksmith","floor":2,"gold_loss":0,"cards_obtained":["Pain"]},{"damage_healed":0,"gold_gain":75,"player_choice":"Gather Gold","damage_taken":11,"max_hp_gain":0,"max_hp_loss":0,"event_name":"World of Goop","floor":7,"gold_loss":0},{"cards_removed":["Blizzard"],"damage_healed":64,"gold_gain":0,"player_choice":"Offered Uncommon","damage_taken":0,"max_hp_gain":0,"max_hp_loss":0,"event_name":"Bonfire Elementals","floor":12,"gold_loss":0}],"is_beta":false,"boss_relics":[{"not_picked":["Snecko Eye","Black Star"],"picked":"Inserter"}],"items_purged_floors":[],"is_endless":false,"potions_floor_spawned":[4,10,13,20],"killed_by":"Centurion and Healer","ascension_level":20}