{"gold_per_floor":[119,119,119,44,59,98,98,98,125,141,172,172,38,54,54,153,153,168,168,188,188,204,204],"floor_reached":23,"playtime":709,"items_purged":["Strike_G"],"score":448,"play_id":"6556513b-e3d0-4a50-8cf8-bd60decc65a4","local_time":"20190715160114","is_ascension_mode":true,"campfire_choices":[{"data":"Catalyst","floor":7,"key":"SMITH"},{"floor":12,"key":"REST"},{"data":"Poisoned Stab","floor":15,"key":"SMITH"}],"neow_cost":"NONE","seed_source_timestamp":224037680524800,"circlet_count":0,"master_deck":["AscendersBane","Strike_G+1","Strike_G+1","Strike_G+1","Defend_G+1","Defend_G+1","Defend_G+1","Defend_G+1","Defend_G+1","Survivor","Neutralize+1","Catalyst+1","Well Laid Plans","Escape Plan","Deflect","Cloak And Dagger","Poisoned Stab+1","Unload","Blur","Bouncing Flask","Acrobatics","Deadly Poison","Catalyst+1","Caltrops+1"],"relics":["Ring of the Snake","NeowsBlessing","Golden Idol","Happy Flower","Letter Opener","Lantern","StoneCalendar","Orrery"],"potions_floor_usage":[11,11],"damage_taken":[{"damage":0,"enemies":"Jaw Worm","floor":1,"turns":1},{"damage":0,"enemies":"Small Slimes","floor":5,"turns":1},{"damage":0,"enemies":"Gremlin Nob","floor":6,"turns":1},{"damage":0,"enemies":"2 Louse","floor":10,"turns":3},{"damage":14,"enemies":"3 Sentries","floor":11,"turns":13},{"damage":0,"enemies":"Lots of Slimes","floor":14,"turns":3},{"damage":3,"enemies":"Hexaghost","floor":16,"turns":9},{"damage":13,"enemies":"Spheric Guardian","floor":18,"turns":4},{"damage":13,"enemies":"Shell Parasite","floor":20,"turns":2},{"damage":18,"enemies":"Snake Plant","floor":22,"turns":2},{"damage":0,"enemies":"Book of Stabbing","floor":23,"turns":3}],"seed_played":"-467496479626638417","potions_obtained":[{"floor":1,"key":"Swift Potion"},{"floor":6,"key":"Block Potion"}],"is_trial":false,"path_per_floor":["M","?","?","?","M","E","R","?","T","M","E","R","$","M","R","B",null,"M","?","M","?","M","E"],"character_chosen":"THE_SILENT","items_purchased":["Poisoned Stab"],"campfire_rested":1,"item_purchase_floors":[13],"current_hp_per_floor":[59,59,41,41,41,41,41,15,15,15,1,19,19,19,19,16,49,36,36,23,23,5,5],"gold":204,"neow_bonus":"THREE_ENEMY_KILL","is_prod":false,"is_daily":false,"chose_seed":false,"campfire_upgraded":2,"win_rate":0,"timestamp":1563174074,"path_taken":["M","?","?","?","M","E","R","?","T","M","E","R","?","M","R","BOSS","M","?","M","?","?","E"],"build_version":"2019-07-05","purchased_purges":1,"victory":false,"max_hp_per_floor":[66,60,60,60,60,60,60,60,60,60,60,60,60,60,60,60,60,60,60,60,60,60,60],"card_choices":[{"not_picked":["Bane","Crippling Poison"],"picked":"Catalyst","floor":1},{"not_picked":["Outmaneuver","Choke"],"picked":"Well Laid Plans","floor":5},{"not_picked":["Quick Slash","Dodge and Roll"],"picked":"Escape Plan","floor":6},{"not_picked":["Prepared","Storm of Steel"],"picked":"Deflect","floor":10},{"not_picked":["Leg Sweep","Sucker Punch"],"picked":"Cloak And Dagger","floor":11},{"not_picked":["Riddle With Holes","Flying Knee","Prepared"],"picked":"SKIP","floor":14},{"not_picked":["Wraith Form v2","Storm of Steel"],"picked":"Unload","floor":16},{"not_picked":["Cloak And Dagger","Underhanded Strike"],"picked":"Blur","floor":17},{"not_picked":["Outmaneuver","Leg Sweep"],"picked":"Bouncing Flask","floor":17},{"not_picked":["Quick Slash","Cloak And Dagger"],"picked":"Acrobatics","floor":17},{"not_picked":["Sucker Punch","Bane"],"picked":"Deadly Poison","floor":17},{"not_picked":["Outmaneuver","Endless Agony","Cloak And Dagger"],"picked":"SKIP","floor":18},{"not_picked":["Outmaneuver","Poisoned Stab","Flechettes"],"picked":"SKIP","floor":20},{"not_picked":["Endless Agony","All Out Attack+1"],"picked":"Caltrops+1","floor":22}],"player_experience":1038624,"relics_obtained":[{"floor":6,"key":"Happy Flower"},{"floor":9,"key":"Lantern"},{"floor":11,"key":"StoneCalendar"}],"event_choices":[{"damage_healed":0,"gold_gain":0,"player_choice":"Lose Max HP","damage_taken":0,"relics_obtained":["Golden Idol"],"max_hp_gain":0,"max_hp_loss":6,"event_name":"Golden Idol","floor":2,"gold_loss":0},{"damage_healed":0,"gold_gain":0,"player_choice":"Entered Light","damage_taken":18,"max_hp_gain":0,"max_hp_loss":0,"event_name":"Shining Light","floor":3,"gold_loss":0,"cards_upgraded":["Neutralize","Defend_G"]},{"cards_removed":["Strike_G"],"damage_healed":0,"gold_gain":0,"player_choice":"Card Removal","damage_taken":0,"max_hp_gain":0,"max_hp_loss":0,"event_name":"The Cleric","floor":4,"gold_loss":75},{"damage_healed":0,"gold_gain":0,"player_choice":"Success","damage_taken":26,"relics_obtained":["Letter Opener"],"max_hp_gain":0,"max_hp_loss":0,"event_name":"Scrap Ooze","floor":8,"gold_loss":0},{"damage_healed":0,"gold_gain":0,"player_choice":"Simplicity","damage_taken":0,"max_hp_gain":0,"max_hp_loss":0,"event_name":"Back to Basics","floor":19,"gold_loss":0,"cards_upgraded":["Strike_G","Strike_G","Strike_G","Defend_G","Defend_G","Defend_G","Defend_G"]},{"damage_healed":0,"gold_gain":0,"player_choice":"Copied","damage_taken":0,"max_hp_gain":0,"max_hp_loss":0,"event_name":"Duplicator","floor":21,"gold_loss":0,"cards_obtained":["Catalyst"]}],"is_beta":false,"boss_relics":[{"not_picked":["Ring of the Serpent","Lizard Tail"],"picked":"Orrery"}],"items_purged_floors":[13],"is_endless":false,"potions_floor_spawned":[1,6],"killed_by":"Book of Stabbing","ascension_level":20}