{"gold_per_floor":[112,130,3,33,33,33,51,76,76,76,95,95,107,107,107,210,210,224,9,27,44,44,44,44,44,44,55,55,55,68,80,80,180,180,194,194,0,0,0,0,10,30,30,30,30,43,60,60,60,60],"floor_reached":51,"playtime":1121,"items_purged":["Parasite","Defend_R"],"score":647,"play_id":"7f46e38b-dedd-4299-b1f8-a4bb3f18c518","local_time":"20190729012545","is_ascension_mode":false,"campfire_choices":[{"data":"Bash","floor":6.0,"key":"SMITH"},{"data":"Flex","floor":10.0,"key":"SMITH"},{"data":"Flex","floor":15.0,"key":"SMITH"},{"data":"Battle Trance","floor":23.0,"key":"SMITH"},{"data":"Corruption","floor":25.0,"key":"SMITH"},{"data":"Whirlwind","floor":32.0,"key":"SMITH"},{"data":"Demon Form","floor":40,"key":"SMITH"},{"data":"Seeing Red","floor":45,"key":"SMITH"},{"floor":49,"key":"REST"}],"neow_cost":"CURSE","seed_source_timestamp":7576950800678,"circlet_count":0,"master_deck":["Strike_R","Strike_R","Strike_R","Defend_R","Defend_R","Defend_R","Bash+1","Seeing Red+1","Battle Trance+1","Uppercut+1","Clash","Clash","Flex+1","Corruption+1","Flex+1","Fiend Fire","Double Tap+1","Flex+1","Carnage+1","Writhe","Shockwave+1","Whirlwind+1","Demon Form+1","Panacea+1","Jack Of All Trades+1","Deep Breath+1","True Grit+1","Parasite","True Grit+1","Whirlwind+1","Pommel Strike+1","Armaments+1"],"special_seed":0,"relics":["Black Blood","Tiny Chest","Art of War","Blue Candle","Toxic Egg 2","Sozu","Gremlin Horn","Nilry\u0027s Codex","Meat on the Bone","Chemical X","Red Mask","Prayer Wheel","Self Forming Clay"],"potions_floor_usage":[50,50],"damage_taken":[{"damage":7.0,"enemies":"Small Slimes","floor":1.0,"turns":4.0},{"damage":1.0,"enemies":"Cultist","floor":2.0,"turns":3.0},{"damage":3.0,"enemies":"Jaw Worm","floor":7.0,"turns":2.0},{"damage":6.0,"enemies":"Gremlin Nob","floor":8.0,"turns":3.0},{"damage":5.0,"enemies":"3 Louse","floor":11.0,"turns":2.0},{"damage":2.0,"enemies":"Blue Slaver","floor":13.0,"turns":3.0},{"damage":51.0,"enemies":"Hexaghost","floor":16.0,"turns":8.0},{"damage":5.0,"enemies":"Spheric Guardian","floor":18.0,"turns":3.0},{"damage":20.0,"enemies":"2 Thieves","floor":20.0,"turns":3.0},{"damage":4.0,"enemies":"Centurion and Healer","floor":21.0,"turns":3.0},{"damage":8.0,"enemies":"3 Cultists","floor":27.0,"turns":3.0},{"damage":0.0,"enemies":"Sentry and Sphere","floor":30.0,"turns":3.0},{"damage":5.0,"enemies":"Snake Plant","floor":31.0,"turns":3.0},{"damage":9.0,"enemies":"Collector","floor":33.0,"turns":5.0},{"damage":9.0,"enemies":"Orb Walker","floor":35.0,"turns":3.0},{"damage":7,"enemies":"3 Darklings","floor":41,"turns":2},{"damage":44,"enemies":"Transient","floor":42,"turns":5},{"damage":8,"enemies":"Writhing Mass","floor":46,"turns":4},{"damage":28,"enemies":"Jaw Worm Horde","floor":47,"turns":4},{"damage":37,"enemies":"Awakened One","floor":50,"turns":6}],"seed_played":"-1400492058768590928","potions_obtained":[{"floor":1.0,"key":"SteroidPotion"},{"floor":2.0,"key":"Swift Potion"},{"floor":7.0,"key":"PowerPotion"},{"floor":16.0,"key":"Regen Potion"}],"is_trial":false,"path_per_floor":["M","M","$","?","?","R","M","E","T","R","M","$","M","T","R","B",null,"M","$","M","M","?","R","?","R","T","M","?","?","M","M","R","B",null,"M","?","$","?","?","R","M","M","T","T","R","M","M","$","R","B",null],"character_chosen":"IRONCLAD","items_purchased":["Clash","Double Tap+1","Flex+1","Chemical X"],"campfire_rested":1,"item_purchase_floors":[3,19,19,37],"current_hp_per_floor":[79,80,77,74,74,74,77,77,77,77,77,77,77,77,77,32,77,77,77,63,65,65,65,49,49,49,47,47,33,51,52,52,61,82,82,82,82,72,72,72,75,53,53,53,53,55,49,49,73,58],"gold":60,"neow_bonus":"TRANSFORM_TWO_CARDS","is_prod":false,"is_daily":false,"chose_seed":false,"campfire_upgraded":8,"win_rate":0,"timestamp":1564385145,"path_taken":["M","M","$","?","?","R","?","E","T","R","M","$","M","?","R","BOSS","M","$","M","M","?","R","?","R","T","M","?","?","?","M","R","BOSS","M","?","$","?","?","R","M","M","T","?","R","?","M","$","R","BOSS"],"build_version":"2019-07-17","purchased_purges":2,"victory":true,"max_hp_per_floor":[80,80,77,77,77,77,77,77,77,77,77,77,77,77,77,77,77,77,77,77,77,77,77,77,77,77,77,77,82,82,82,82,82,82,82,82,82,82,82,82,82,82,82,82,82,82,82,82,82,82],"card_choices":[{"not_picked":["Dropkick","Warcry"],"picked":"Uppercut","floor":1.0},{"not_picked":["Pommel Strike","Armaments"],"picked":"Clash","floor":2.0},{"not_picked":["Pommel Strike","Cleave"],"picked":"Flex","floor":7.0},{"not_picked":["Pommel Strike","Battle Trance"],"picked":"Corruption","floor":8.0},{"not_picked":["Sword Boomerang","Armaments","Seeing Red"],"picked":"SKIP","floor":11.0},{"not_picked":["Wild Strike","Clothesline","Flex"],"picked":"SKIP","floor":13.0},{"not_picked":["Wild Strike","Clothesline"],"picked":"Flex","floor":13.0},{"not_picked":["Barricade","Impervious+1"],"picked":"Fiend Fire","floor":16.0},{"not_picked":["Thunderclap","Iron Wave","Hemokinesis"],"picked":"SKIP","floor":18.0},{"not_picked":["Sever Soul","Anger+1","Evolve+1"],"picked":"SKIP","floor":20.0},{"not_picked":["Body Slam","Twin Strike"],"picked":"Carnage+1","floor":21.0},{"not_picked":["Blood for Blood","Clothesline+1"],"picked":"Shockwave+1","floor":27.0},{"not_picked":["Pommel Strike","Twin Strike","Ghostly Armor+1"],"picked":"SKIP","floor":30.0},{"not_picked":["Spot Weakness+1","Searing Blow"],"picked":"Whirlwind","floor":31.0},{"not_picked":["Reaper","Barricade"],"picked":"Demon Form","floor":33.0},{"not_picked":["Iron Wave","Shockwave+1","Warcry+1"],"picked":"SKIP","floor":35.0},{"not_picked":["Chrysalis+1","PanicButton+1"],"picked":"Panacea+1","floor":38},{"not_picked":["Apotheosis+1","Panache"],"picked":"Jack Of All Trades+1","floor":38},{"not_picked":["Dramatic Entrance","Magnetism"],"picked":"Deep Breath+1","floor":38},{"not_picked":["Anger","Intimidate+1","Sever Soul"],"picked":"SKIP","floor":41},{"not_picked":["Warcry+1","Thunderclap"],"picked":"True Grit+1","floor":42},{"not_picked":["Sword Boomerang","Cleave+1"],"picked":"True Grit+1","floor":46},{"not_picked":["Reaper","Hemokinesis"],"picked":"Whirlwind+1","floor":46},{"not_picked":["Cleave+1","Metallicize"],"picked":"Pommel Strike+1","floor":47},{"not_picked":["Dropkick+1","Clash"],"picked":"Armaments+1","floor":47}],"player_experience":1587926,"relics_obtained":[{"floor":8.0,"key":"Art of War"},{"floor":9.0,"key":"Blue Candle"},{"floor":14.0,"key":"Toxic Egg 2"},{"floor":24.0,"key":"Nilry\u0027s Codex"},{"floor":26.0,"key":"Meat on the Bone"},{"floor":43,"key":"Prayer Wheel"},{"floor":44,"key":"Self Forming Clay"}],"event_choices":[{"damage_healed":0.0,"max_hp_gain":0.0,"max_hp_loss":0.0,"gold_gain":0.0,"event_name":"Scrap Ooze","player_choice":"Success","floor":4.0,"gold_loss":0.0,"damage_taken":3.0,"relics_obtained":["Tiny Chest"]},{"damage_healed":0.0,"max_hp_gain":0.0,"max_hp_loss":0.0,"gold_gain":0.0,"event_name":"Upgrade Shrine","player_choice":"Upgraded","floor":5.0,"gold_loss":0.0,"damage_taken":0.0,"cards_upgraded":["Uppercut"]},{"damage_healed":0.0,"max_hp_gain":0.0,"max_hp_loss":0.0,"gold_gain":0.0,"event_name":"The Mausoleum","player_choice":"Opened","floor":22.0,"gold_loss":0.0,"damage_taken":0.0,"relics_obtained":["Gremlin Horn"],"cards_obtained":["Writhe"]},{"damage_healed":0.0,"max_hp_gain":0.0,"max_hp_loss":0.0,"gold_gain":0.0,"event_name":"Cursed Tome","player_choice":"Obtained Book","floor":24.0,"gold_loss":0.0,"damage_taken":16.0},{"damage_healed":0.0,"max_hp_gain":0.0,"max_hp_loss":0.0,"gold_gain":0.0,"event_name":"Ghosts","player_choice":"Ignored","floor":28.0,"gold_loss":0.0,"damage_taken":0.0},{"damage_healed":0.0,"max_hp_gain":5.0,"max_hp_loss":0.0,"gold_gain":0.0,"event_name":"Forgotten Altar","player_choice":"Shed Blood","floor":29.0,"gold_loss":0.0,"damage_taken":19.0},{"damage_healed":0,"gold_gain":0,"player_choice":"Ignored","damage_taken":0,"max_hp_gain":0,"max_hp_loss":0,"event_name":"Mysterious Sphere","floor":36,"gold_loss":0},{"damage_healed":0,"gold_gain":0,"player_choice":"Memory 3","damage_taken":10,"max_hp_gain":0,"max_hp_loss":0,"event_name":"SensoryStone","floor":38,"gold_loss":0},{"damage_healed":0,"gold_gain":0,"player_choice":"Paid","damage_taken":0,"relics_obtained":["Red Mask"],"max_hp_gain":0,"max_hp_loss":0,"event_name":"Tomb of Lord Red Mask","floor":39,"gold_loss":0}],"is_beta":false,"boss_relics":[{"not_picked":["Velvet Choker","Runic Cube"],"picked":"Sozu"},{"not_picked":["Orrery","Runic Pyramid"],"picked":"Black Blood"}],"items_purged_floors":[3,19],"is_endless":false,"potions_floor_spawned":[1,2,7,16,27,35,47],"ascension_level":0}