{"gold_per_floor":[119,130,149,74,74,117,117,131,131,131,158,26,105,140,140,236,236,251,251,251,176,122,122,147,147,147,197,213,5,5,48,48,138,138,162,220,220,220,553,572,572,597,621,621,621,638,668,249,249,249,249],"floor_reached":52,"playtime":1758,"items_purged":["Strike_R"],"score":2010,"play_id":"fcef6dec-42bd-4496-9fc1-7e4aa30604c6","local_time":"20190614160321","is_ascension_mode":true,"campfire_choices":[{"data":"Bash","floor":15,"key":"SMITH"},{"floor":25,"key":"REST"},{"data":"Chrysalis","floor":32,"key":"SMITH"},{"data":"Heavy Blade","floor":41,"key":"SMITH"},{"data":"Dark Embrace","floor":44,"key":"SMITH"},{"data":"Armaments","floor":49,"key":"SMITH"}],"neow_cost":"","seed_source_timestamp":0,"circlet_count":0,"master_deck":["AscendersBane","Defend_R","Defend_R","Bash+1","Anger+1","Evolve","Shrug It Off","Disarm","Twin Strike","Disarm","Shrug It Off","Sentinel","Dark Embrace+1","Pommel Strike","Corruption","True Grit","Chrysalis+1","Dropkick","Armaments+1","Reaper","Iron Wave+1","Infernal Blade+1","Power Through+1","Heavy Blade+1","Heavy Blade+1","Exhume","Inflame","Dropkick","Burning Pact"],"relics":["Burning Blood","Inserter","Runic Capacitor","Symbiotic Virus","Brimstone","Philosopher\u0027s Stone","Cables","DataDisk","Ginger","Bottled Tornado","Centennial Puzzle","Pantograph","Boot","Sozu","Enchiridion","Whetstone","Potion Belt","Happy Flower","Astrolabe","Magic Flower","Bronze Scales","Pen Nib","Nunchaku","Singing Bowl","Frozen Eye"],"potions_floor_usage":[8,14,16],"damage_taken":[{"damage":4,"enemies":"Cultist","floor":1,"turns":3},{"damage":0,"enemies":"Jaw Worm","floor":2,"turns":2},{"damage":8,"enemies":"2 Louse","floor":3,"turns":2},{"damage":11,"enemies":"Gremlin Nob","floor":6,"turns":3},{"damage":11,"enemies":"Exordium Wildlife","floor":8,"turns":3},{"damage":31,"enemies":"Lagavulin Event","floor":13,"turns":4},{"damage":16,"enemies":"3 Sentries","floor":14,"turns":5},{"damage":13,"enemies":"The Guardian","floor":16,"turns":7},{"damage":17,"enemies":"Shell Parasite","floor":18,"turns":5},{"damage":27,"enemies":"3 Byrds","floor":24,"turns":4},{"damage":17,"enemies":"Shelled Parasite and Fungi","floor":28,"turns":3},{"damage":14,"enemies":"Book of Stabbing","floor":31,"turns":3},{"damage":28,"enemies":"Automaton","floor":33,"turns":6},{"damage":48,"enemies":"3 Darklings","floor":35,"turns":3},{"damage":35,"enemies":"2 Orb Walkers","floor":36,"turns":4},{"damage":0,"enemies":"Orb Walker","floor":40,"turns":2},{"damage":16,"enemies":"Nemesis","floor":42,"turns":3},{"damage":55,"enemies":"Jaw Worm Horde","floor":46,"turns":4},{"damage":8,"enemies":"Reptomancer","floor":47,"turns":2},{"damage":53,"enemies":"Time Eater","floor":50,"turns":7},{"damage":31,"enemies":"Awakened One","floor":51,"turns":6}],"seed_played":"-8526931560848553683","potions_obtained":[{"floor":2,"key":"Poison Potion"},{"floor":6,"key":"Dexterity Potion"},{"floor":8,"key":"SkillPotion"}],"is_trial":true,"path_per_floor":["M","M","M","$","?","E","?","M","T","?","T","$","?","E","R","B",null,"M","?","?","?","$","?","M","R","T","T","M","$","?","E","R","B",null,"M","?","$","?","?","M","R","E","T","R","T","M","E","$","R","B","B",null],"character_chosen":"IRONCLAD","items_purchased":["Twin Strike","Disarm","Armaments","Chrysalis","Frozen Eye","Inflame","Dropkick","Burning Pact"],"campfire_rested":1,"item_purchase_floors":[12,12,22,29,48,48,48,48],"current_hp_per_floor":[70,75,73,73,47,42,67,62,62,55,55,55,30,20,20,38,66,55,55,34,34,34,34,13,35,35,35,24,24,24,16,16,19,61,61,75,75,71,71,71,71,71,71,71,71,71,73,73,73,73,64],"gold":249,"neow_bonus":"","is_prod":false,"is_daily":false,"chose_seed":false,"campfire_upgraded":5,"win_rate":0,"timestamp":1560495801,"path_taken":["M","M","?","$","?","E","?","?","T","?","?","$","?","E","R","BOSS","M","?","?","?","$","?","M","R","T","?","?","$","?","E","R","BOSS","M","?","$","?","?","M","R","E","T","R","?","?","E","$","R","BOSS","BOSS"],"build_version":"2019-01-23","purchased_purges":1,"victory":true,"max_hp_per_floor":[75,75,75,75,75,75,75,75,75,75,75,75,75,75,75,75,75,75,75,75,75,75,75,75,75,75,75,75,75,75,75,75,75,75,75,75,75,71,71,71,71,71,71,71,71,71,73,73,73,73,73],"card_choices":[{"not_picked":["Pommel Strike","Iron Wave"],"picked":"Anger","floor":1},{"not_picked":["Body Slam","Warcry"],"picked":"Evolve","floor":2},{"not_picked":["Clash","Warcry"],"picked":"Shrug It Off","floor":3},{"not_picked":["Feel No Pain","Clash"],"picked":"Disarm","floor":6},{"not_picked":["Clothesline","Wild Strike","Pommel Strike"],"picked":"SKIP","floor":8},{"not_picked":["Corruption","Sentinel"],"picked":"Shrug It Off","floor":13},{"not_picked":["Perfected Strike","Warcry"],"picked":"Sentinel","floor":14},{"not_picked":["Double Tap","Exhume"],"picked":"Dark Embrace","floor":16},{"not_picked":["Iron Wave","Clothesline+1"],"picked":"Pommel Strike","floor":18},{"not_picked":["Searing Blow","Iron Wave+1","Thunderclap"],"picked":"SKIP","floor":24},{"not_picked":["Hemokinesis","Flex"],"picked":"True Grit","floor":28},{"not_picked":["True Grit","Carnage","Bloodletting"],"picked":"SKIP","floor":31},{"not_picked":["Double Tap","Offering"],"picked":"Reaper","floor":33},{"not_picked":["Burning Pact","Warcry"],"picked":"Heavy Blade","floor":35},{"not_picked":["Sword Boomerang","Twin Strike"],"picked":"Heavy Blade+1","floor":36},{"not_picked":["Reckless Charge","Rage","Whirlwind"],"picked":"SKIP","floor":40},{"not_picked":["Dropkick","Warcry","Rage+1"],"picked":"SKIP","floor":42},{"not_picked":["Iron Wave+1","Body Slam"],"picked":"Exhume","floor":46},{"not_picked":["Pommel Strike","Fiend Fire","Evolve"],"picked":"Singing Bowl","floor":47}],"player_experience":648942,"relics_obtained":[{"floor":6,"key":"Ginger"},{"floor":9,"key":"Bottled Tornado"},{"floor":11,"key":"Centennial Puzzle"},{"floor":13,"key":"Pantograph"},{"floor":14,"key":"Boot"},{"floor":20,"key":"Enchiridion"},{"floor":26,"key":"Whetstone"},{"floor":27,"key":"Potion Belt"},{"floor":31,"key":"Happy Flower"},{"floor":36,"key":"Magic Flower"},{"floor":42,"key":"Bronze Scales"},{"floor":43,"key":"Pen Nib"},{"floor":45,"key":"Nunchaku"},{"floor":47,"key":"Singing Bowl"}],"event_choices":[{"damage_healed":0,"gold_gain":0,"player_choice":"Take Damage","damage_taken":26,"relics_obtained":["Golden Idol"],"max_hp_gain":0,"max_hp_loss":0,"event_name":"Golden Idol","floor":5,"gold_loss":0},{"damage_healed":25,"gold_gain":0,"player_choice":"Banana","damage_taken":0,"max_hp_gain":0,"max_hp_loss":0,"event_name":"Big Fish","floor":7,"gold_loss":0},{"cards_removed":["Strike_R"],"damage_healed":0,"gold_gain":0,"player_choice":"Card Removal","damage_taken":7,"max_hp_gain":0,"max_hp_loss":0,"event_name":"Golden Wing","floor":10,"gold_loss":0},{"damage_healed":0,"gold_gain":0,"player_choice":"Searched \u00272\u0027 times","damage_taken":0,"max_hp_gain":0,"max_hp_loss":0,"event_name":"Dead Adventurer","floor":13,"gold_loss":0},{"damage_healed":0,"gold_gain":0,"player_choice":"Read","damage_taken":0,"max_hp_gain":0,"max_hp_loss":0,"event_name":"The Library","floor":19,"gold_loss":0,"cards_obtained":["Corruption"]},{"damage_healed":0,"gold_gain":0,"player_choice":"Obtained Book","damage_taken":21,"max_hp_gain":0,"max_hp_loss":0,"event_name":"Cursed Tome","floor":20,"gold_loss":0},{"cards_removed":["Strike_R"],"damage_healed":0,"gold_gain":0,"player_choice":"Gave Gold","damage_taken":0,"max_hp_gain":0,"max_hp_loss":0,"event_name":"Beggar","floor":21,"gold_loss":75},{"damage_healed":0,"gold_gain":0,"player_choice":"Ignored","damage_taken":0,"max_hp_gain":0,"max_hp_loss":0,"event_name":"The Mausoleum","floor":23,"gold_loss":0},{"damage_healed":0,"gold_gain":0,"cards_transformed":["Defend_R","Strike_R"],"player_choice":"Became Test Subject","damage_taken":0,"max_hp_gain":0,"max_hp_loss":0,"event_name":"Drug Dealer","floor":30,"gold_loss":0,"cards_obtained":["Dropkick","Armaments"]},{"damage_healed":0,"gold_gain":0,"player_choice":"Fight","damage_taken":0,"max_hp_gain":0,"max_hp_loss":0,"event_name":"Mysterious Sphere","floor":36,"gold_loss":0},{"damage_healed":0,"gold_gain":0,"player_choice":"Max HP","damage_taken":0,"max_hp_gain":0,"max_hp_loss":4,"event_name":"Winding Halls","floor":38,"gold_loss":0},{"damage_healed":0,"gold_gain":333,"player_choice":"Gave Idol","damage_taken":0,"max_hp_gain":0,"max_hp_loss":0,"event_name":"The Moai Head","floor":39,"relics_lost":["Golden Idol"],"gold_loss":0}],"is_beta":false,"boss_relics":[{"not_picked":["Velvet Choker","Cursed Key"],"picked":"Sozu"},{"not_picked":["Tiny House","Calling Bell"],"picked":"Astrolabe"}],"items_purged_floors":[4],"is_endless":false,"potions_floor_spawned":[2,6,8,18,24,31,36,40,42,46],"ascension_level":20}