{"gold_per_floor":[110,110,124,137,156,156,191,191,191,191,201,226,8,18,18,93,93,112,60,60,60,60,60,87,87,111,136,61,111,142,173,173,252,252,265,66,76,92,141,141,175,189,215,245,245,275,275,275,275,275,275,275,275,41,72,72],"floor_reached":57,"playtime":2801,"items_purged":["Shame","Strike_R"],"score":3054,"play_id":"f7fc9117-fe3e-40c3-84b7-070d3ef63302","local_time":"20190627171241","is_ascension_mode":true,"campfire_choices":[{"data":"Bash","floor":6.0,"key":"SMITH"},{"data":"Clothesline","floor":8.0,"key":"SMITH"},{"data":"Evolve","floor":10.0,"key":"SMITH"},{"data":"Dark Embrace","floor":15.0,"key":"SMITH"},{"data":"Armaments","floor":23.0,"key":"SMITH"},{"data":"Fiend Fire","floor":25.0,"key":"SMITH"},{"data":"Whirlwind","floor":32,"key":"SMITH"},{"data":"Feel No Pain","floor":40,"key":"SMITH"},{"data":"Body Slam","floor":45,"key":"SMITH"},{"floor":47,"key":"RECALL"},{"data":"Chrysalis","floor":49,"key":"SMITH"},{"data":"Discovery","floor":53,"key":"SMITH"}],"neow_cost":"NONE","seed_source_timestamp":52267936682900,"circlet_count":0,"master_deck":["AscendersBane","Strike_R","Defend_R","Defend_R","Defend_R","Defend_R","Bash+1","Shrug It Off","Clothesline+1","Evolve+1","Headbutt","Ghostly Armor","Power Through","Dark Embrace+1","Fiend Fire+1","Second Wind","Armaments+1","Pommel Strike","Battle Trance","Sentinel","Whirlwind+1","Power Through","Impervious","Body Slam+1","Feel No Pain+1","Disarm","Evolve","Corruption+1","Battle Trance+1","Exhume","Discovery","Chrysalis+1","Discovery+1"],"special_seed":0,"relics":["Coffee Dripper","Mango","WingedGreaves","Pocketwatch","Lee\u0027s Waffle","Eternal Feather","Strawberry","Dream Catcher","Vajra","Turnip","Red Mask","Charon\u0027s Ashes","Runic Dome","Gambling Chip","PreservedInsect","Centennial Puzzle","Potion Belt","Anchor"],"potions_floor_usage":[38,55,56,56,56],"damage_taken":[{"damage":2.0,"enemies":"2 Louse","floor":1.0,"turns":3.0},{"damage":0.0,"enemies":"Cultist","floor":3.0,"turns":3.0},{"damage":0.0,"enemies":"Small Slimes","floor":4.0,"turns":3.0},{"damage":3.0,"enemies":"Blue Slaver","floor":5.0,"turns":5.0},{"damage":25.0,"enemies":"Gremlin Nob","floor":7.0,"turns":5.0},{"damage":6.0,"enemies":"Looter","floor":11.0,"turns":3.0},{"damage":18.0,"enemies":"Lagavulin","floor":12.0,"turns":7.0},{"damage":1.0,"enemies":"3 Louse","floor":14.0,"turns":5.0},{"damage":27.0,"enemies":"Slime Boss","floor":16.0,"turns":11.0},{"damage":0.0,"enemies":"Spheric Guardian","floor":18.0,"turns":10.0},{"damage":10.0,"enemies":"Book of Stabbing","floor":24.0,"turns":6.0},{"damage":20.0,"enemies":"Slavers","floor":27.0,"turns":9.0},{"damage":18,"enemies":"Masked Bandits","floor":30,"turns":6},{"damage":0,"enemies":"Book of Stabbing","floor":31,"turns":4},{"damage":0,"enemies":"Collector","floor":33,"turns":14},{"damage":23,"enemies":"3 Darklings","floor":35,"turns":3},{"damage":10,"enemies":"Orb Walker","floor":37,"turns":5},{"damage":11,"enemies":"3 Darklings","floor":38,"turns":5},{"damage":21,"enemies":"2 Orb Walkers","floor":39,"turns":4},{"damage":4,"enemies":"Nemesis","floor":41,"turns":5},{"damage":0,"enemies":"Spire Growth","floor":42,"turns":4},{"damage":13,"enemies":"Reptomancer","floor":44,"turns":4},{"damage":0,"enemies":"Giant Head","floor":46,"turns":2},{"damage":12,"enemies":"Time Eater","floor":50,"turns":5},{"damage":15,"enemies":"Donu and Deca","floor":51,"turns":3},{"damage":18,"enemies":"Shield and Spear","floor":55,"turns":3},{"damage":2,"enemies":"The Heart","floor":56,"turns":5}],"seed_played":"1340072715746496778","potions_obtained":[{"floor":1.0,"key":"Block Potion"},{"floor":3.0,"key":"SkillPotion"},{"floor":7.0,"key":"SneckoOil"},{"floor":11.0,"key":"FearPotion"},{"floor":14.0,"key":"Ancient Potion"},{"floor":18.0,"key":"Regen Potion"},{"floor":31,"key":"Strength Potion"},{"floor":33,"key":"LiquidBronze"},{"floor":35,"key":"Strength Potion"},{"floor":37,"key":"SpeedPotion"},{"floor":38,"key":"Fruit Juice"},{"floor":39,"key":"SteroidPotion"},{"floor":44,"key":"Dexterity Potion"}],"is_trial":false,"path_per_floor":["M","?","M","M","M","R","E","R","T","R","M","E","$","M","R","B",null,"M","$","?","?","?","R","E","R","T","E","$","?","?","E","R","B",null,"M","$","M","M","?","R","E","M","T","E","R","E","R","?","R","B","B",null,"R","$","E","B",null],"character_chosen":"IRONCLAD","items_purchased":["Lee\u0027s Waffle","Armaments","Body Slam","Feel No Pain","Disarm","PowerPotion","BloodPotion"],"campfire_rested":0,"item_purchase_floors":[13,19,36,36,36,54,54],"current_hp_per_floor":[66,66,66,66,63,63,52,52,52,52,46,28,96,95,95,68,89,89,89,89,89,96,103,103,103,103,83,83,83,65,65,77,77,97,74,74,64,58,37,52,48,48,48,35,53,53,71,61,79,67,52,94,108,108,100,98],"gold":72,"neow_bonus":"BOSS_RELIC","is_prod":false,"is_daily":false,"chose_seed":false,"campfire_upgraded":11,"win_rate":0,"timestamp":1561623161,"path_taken":["M","?","M","M","M","R","E","R","T","R","M","E","$","M","R","BOSS","M","$","?","?","?","R","E","R","T","E","?","?","?","E","R","BOSS","M","$","M","M","?","R","E","M","T","E","R","E","R","?","R","BOSS","BOSS","R","$","E","BOSS"],"build_version":"2019-01-23","purchased_purges":2,"victory":true,"max_hp_per_floor":[75,75,75,75,75,75,89,89,89,89,89,89,96,96,96,96,96,96,96,96,96,103,103,103,103,103,103,103,103,103,103,103,103,103,103,103,103,108,108,108,108,108,108,108,108,108,108,108,108,108,108,108,108,108,108,108],"card_choices":[{"not_picked":["Power Through","Havoc"],"picked":"Shrug It Off","floor":1.0},{"not_picked":["Blood for Blood","Combust"],"picked":"Clothesline","floor":3.0},{"not_picked":["Pummel","Body Slam"],"picked":"Evolve","floor":4.0},{"not_picked":["Body Slam","Perfected Strike","Cleave"],"picked":"SKIP","floor":5.0},{"not_picked":["Pummel","Anger"],"picked":"Headbutt","floor":7.0},{"not_picked":["Clash","Cleave"],"picked":"Ghostly Armor","floor":11.0},{"not_picked":["Clash","Body Slam"],"picked":"Power Through","floor":12.0},{"not_picked":["Iron Wave","Pommel Strike"],"picked":"Dark Embrace","floor":14.0},{"not_picked":["Dark Embrace","Bludgeon"],"picked":"Fiend Fire","floor":16.0},{"not_picked":["Body Slam+1","Cleave"],"picked":"Second Wind","floor":18.0},{"not_picked":["Seeing Red","Warcry"],"picked":"Sentinel","floor":24.0},{"not_picked":["Flex+1","Intimidate","Cleave"],"picked":"SKIP","floor":27.0},{"not_picked":["Dual Wield","Iron Wave"],"picked":"Whirlwind","floor":30},{"not_picked":["Exhume","Flame Barrier"],"picked":"Power Through","floor":31},{"not_picked":["Bludgeon","Double Tap"],"picked":"Impervious","floor":33},{"not_picked":["Blood for Blood","Armaments","Cleave"],"picked":"SKIP","floor":35},{"not_picked":["Iron Wave","Carnage"],"picked":"Evolve","floor":37},{"not_picked":["Body Slam","Havoc"],"picked":"Corruption+1","floor":38},{"not_picked":["Perfected Strike","Hemokinesis+1","Clash"],"picked":"SKIP","floor":41},{"not_picked":["Metallicize","Infernal Blade","Spot Weakness"],"picked":"SKIP","floor":42},{"not_picked":["Headbutt","Corruption"],"picked":"Battle Trance+1","floor":44},{"not_picked":["Pommel Strike+1","Ghostly Armor"],"picked":"Exhume","floor":46},{"not_picked":["HandOfGreed","Swift Strike"],"picked":"Discovery","floor":48},{"not_picked":["Thinking Ahead","Transmutation"],"picked":"Chrysalis","floor":48},{"not_picked":["PanicButton","Enlightenment"],"picked":"Discovery","floor":48},{"not_picked":["Twin Strike","Cleave","Anger"],"picked":"SKIP","floor":55}],"player_experience":826207,"relics_obtained":[{"floor":7.0,"key":"Mango"},{"floor":9.0,"key":"WingedGreaves"},{"floor":12.0,"key":"Pocketwatch"},{"floor":24.0,"key":"Dream Catcher"},{"floor":26.0,"key":"Vajra"},{"floor":27.0,"key":"Turnip"},{"floor":30,"key":"Red Mask"},{"floor":31,"key":"Charon\u0027s Ashes"},{"floor":39,"key":"Gambling Chip"},{"floor":41,"key":"PreservedInsect"},{"floor":44,"key":"Centennial Puzzle"},{"floor":46,"key":"Potion Belt"},{"floor":55,"key":"Anchor"}],"event_choices":[{"cards_removed":["Strike_R"],"damage_healed":0.0,"max_hp_gain":0.0,"max_hp_loss":0.0,"gold_gain":0.0,"event_name":"Purifier","player_choice":"Purged","floor":2.0,"gold_loss":0.0,"damage_taken":0.0},{"damage_healed":0.0,"max_hp_gain":0.0,"max_hp_loss":0.0,"gold_gain":0.0,"cards_transformed":["Strike_R","Strike_R"],"event_name":"Drug Dealer","player_choice":"Became Test Subject","floor":20.0,"gold_loss":0.0,"damage_taken":0.0,"cards_obtained":["Pommel Strike","Battle Trance"]},{"damage_healed":0.0,"max_hp_gain":0.0,"max_hp_loss":0.0,"gold_gain":0.0,"event_name":"Vampires","player_choice":"Ignored","floor":21.0,"gold_loss":0.0,"damage_taken":0.0},{"damage_healed":0.0,"max_hp_gain":0.0,"max_hp_loss":0.0,"gold_gain":0.0,"event_name":"Addict","player_choice":"Stole Relic","floor":22.0,"gold_loss":0.0,"damage_taken":0.0,"relics_obtained":["Strawberry"],"cards_obtained":["Shame"]},{"damage_healed":0.0,"max_hp_gain":0.0,"max_hp_loss":0.0,"gold_gain":50.0,"event_name":"Nest","player_choice":"Stole From Cult","floor":29.0,"gold_loss":0.0,"damage_taken":0.0},{"damage_healed":0,"gold_gain":0,"player_choice":"Fought Bandits","damage_taken":0,"max_hp_gain":0,"max_hp_loss":0,"event_name":"Masked Bandits","floor":30,"gold_loss":0},{"damage_healed":0,"gold_gain":0,"player_choice":"Fight","damage_taken":0,"max_hp_gain":0,"max_hp_loss":0,"event_name":"Mysterious Sphere","floor":39,"gold_loss":0},{"damage_healed":0,"gold_gain":0,"player_choice":"Memory 3","damage_taken":10,"max_hp_gain":0,"max_hp_loss":0,"event_name":"SensoryStone","floor":48,"gold_loss":0}],"is_beta":false,"boss_relics":[{"not_picked":["Velvet Choker","Calling Bell"],"picked":"Eternal Feather"},{"not_picked":["Runic Pyramid","Black Star"],"picked":"Runic Dome"}],"items_purged_floors":[28,54],"is_endless":false,"potions_floor_spawned":[1,3,7,11,14,18,31,33,35,37,38,39,44],"ascension_level":20}