{"gold_per_floor":[112,112,123,123,123,123,149,149,221,221,248,258,258,291,291,363,363,381,296,122,122,44,44,70,83,108,125,125],"floor_reached":28,"playtime":586,"items_purged":[],"score":604,"play_id":"fa4f50f8-a454-4c92-a135-0fe7731bb4d4","local_time":"20190722172706","is_ascension_mode":true,"campfire_choices":[{"data":"Zap","floor":6.0,"key":"SMITH"},{"data":"Ball Lightning","floor":8.0,"key":"SMITH"},{"data":"Dualcast","floor":10.0,"key":"SMITH"},{"data":"Creative AI","floor":15.0,"key":"SMITH"},{"data":"Defragment","floor":23.0,"key":"SMITH"}],"neow_cost":"NONE","seed_source_timestamp":266262679133100,"circlet_count":0,"master_deck":["AscendersBane","Zap+1","Dualcast+1","Ball Lightning+1","Creative AI+1","Cold Snap","Seek","Go for the Eyes","Gash","BootSequence","Meteor Strike","Reboot","Lockon","Heatsinks","Storm","Electrodynamics","Defragment+1","Defragment","Consume","Hologram","Redo+1"],"special_seed":0,"relics":["Cracked Core","NeowsBlessing","PreservedInsect","Calipers","Dead Branch","Symbiotic Virus","Potion Belt","Ginger","Pandora\u0027s Box","Orichalcum","Molten Egg 2","Omamori"],"potions_floor_usage":[28,28,28],"damage_taken":[{"damage":0.0,"enemies":"Cultist","floor":1.0,"turns":1.0},{"damage":0.0,"enemies":"Small Slimes","floor":3.0,"turns":1.0},{"damage":0.0,"enemies":"3 Sentries","floor":7.0,"turns":1.0},{"damage":0.0,"enemies":"Gremlin Nob","floor":11.0,"turns":2.0},{"damage":2.0,"enemies":"Jaw Worm","floor":12.0,"turns":2.0},{"damage":5.0,"enemies":"3 Sentries","floor":14.0,"turns":4.0},{"damage":52.0,"enemies":"Hexaghost","floor":16.0,"turns":8.0},{"damage":12.0,"enemies":"Spheric Guardian","floor":18.0,"turns":4.0},{"damage":12.0,"enemies":"Book of Stabbing","floor":24.0,"turns":3.0},{"damage":11.0,"enemies":"Shell Parasite","floor":25.0,"turns":3.0},{"damage":13.0,"enemies":"Centurion and Healer","floor":27.0,"turns":3.0},{"damage":16,"enemies":"Slavers","floor":28,"turns":1}],"seed_played":"-3334426188962971637","potions_obtained":[{"floor":3.0,"key":"Block Potion"},{"floor":12.0,"key":"LiquidBronze"},{"floor":14.0,"key":"Swift Potion"},{"floor":18.0,"key":"Dexterity Potion"},{"floor":25.0,"key":"Dexterity Potion"},{"floor":27.0,"key":"Ancient Potion"}],"is_trial":false,"path_per_floor":["M","T","M","?","T","R","E","R","T","R","E","M","?","E","R","B",null,"M","?","$","?","$","R","E","M","T","M","E"],"character_chosen":"DEFECT","items_purchased":["Electrodynamics","Defragment"],"campfire_rested":0,"item_purchase_floors":[20,22],"current_hp_per_floor":[64,64,64,69,69,69,69,69,69,69,69,67,67,62,62,10,60,48,48,48,48,48,48,36,25,25,12,0],"gold":125,"neow_bonus":"THREE_ENEMY_KILL","is_prod":false,"is_daily":false,"chose_seed":false,"campfire_upgraded":5,"win_rate":0,"timestamp":1563784026,"path_taken":["M","?","?","?","?","R","E","R","T","R","E","M","?","E","R","BOSS","M","?","$","?","?","R","E","M","T","?","E"],"build_version":"2019-07-17","purchased_purges":0,"victory":false,"max_hp_per_floor":[71,71,71,76,76,76,76,76,76,76,76,76,76,76,76,76,76,76,76,76,76,76,76,76,76,76,76,76],"card_choices":[{"not_picked":["Gash","Hologram","Sweeping Beam"],"picked":"SKIP","floor":1.0},{"not_picked":["Fusion","Stack","Leap"],"picked":"SKIP","floor":3.0},{"not_picked":["Storm","Rebound"],"picked":"Ball Lightning","floor":7.0},{"not_picked":["Barrage","Beam Cell","Compile Driver"],"picked":"SKIP","floor":11.0},{"not_picked":["Gash","Lockon"],"picked":"Creative AI","floor":12.0},{"not_picked":["Leap","Sunder"],"picked":"Cold Snap","floor":14.0},{"not_picked":["Meteor Strike","Buffer"],"picked":"Seek","floor":16.0},{"not_picked":["Storm","Redo","Sunder"],"picked":"SKIP","floor":18.0},{"not_picked":["Go for the Eyes","Compile Driver+1"],"picked":"Consume","floor":24.0},{"not_picked":["Doom and Gloom+1","Beam Cell+1"],"picked":"Hologram","floor":25.0},{"not_picked":["Leap","Steam"],"picked":"Redo+1","floor":27.0}],"player_experience":1130765,"relics_obtained":[{"floor":2.0,"key":"PreservedInsect"},{"floor":5.0,"key":"Calipers"},{"floor":7.0,"key":"Dead Branch"},{"floor":9.0,"key":"Symbiotic Virus"},{"floor":11.0,"key":"Potion Belt"},{"floor":14.0,"key":"Ginger"},{"floor":24.0,"key":"Molten Egg 2"},{"floor":26.0,"key":"Omamori"}],"event_choices":[{"damage_healed":0.0,"max_hp_gain":5.0,"max_hp_loss":0.0,"gold_gain":0.0,"event_name":"Big Fish","player_choice":"Donut","floor":4.0,"gold_loss":0.0,"damage_taken":0.0},{"damage_healed":0.0,"max_hp_gain":0.0,"max_hp_loss":0.0,"gold_gain":0.0,"event_name":"Liars Game","player_choice":"Ignored","floor":13.0,"gold_loss":0.0,"damage_taken":0.0},{"damage_healed":0.0,"max_hp_gain":0.0,"max_hp_loss":0.0,"gold_gain":0.0,"event_name":"Addict","player_choice":"Obtained Relic","floor":19.0,"gold_loss":85.0,"damage_taken":0.0,"relics_obtained":["Orichalcum"]},{"damage_healed":0.0,"max_hp_gain":0.0,"max_hp_loss":0.0,"gold_gain":0.0,"event_name":"The Library","player_choice":"Read","floor":21.0,"gold_loss":0.0,"damage_taken":0.0,"cards_obtained":["Defragment"]}],"is_beta":false,"boss_relics":[{"not_picked":["Lizard Tail","Orrery"],"picked":"Pandora\u0027s Box"}],"items_purged_floors":[],"is_endless":false,"potions_floor_spawned":[3,12,14,18,25,27],"killed_by":"Slavers","ascension_level":20}