{"gold_per_floor":[118,118,29,29,45,45,45,57,83,110,110,135,164,180,180,180],"floor_reached":16,"playtime":340,"items_purged":[],"score":266,"play_id":"b771f341-1edc-439e-be18-7f3589307515","local_time":"20190708205138","is_ascension_mode":true,"campfire_choices":[{"data":"Self Repair","floor":6,"key":"SMITH"},{"floor":11,"key":"REST"},{"data":"Barrage","floor":15,"key":"SMITH"}],"neow_cost":"CURSE","seed_source_timestamp":58658788558900,"circlet_count":0,"master_deck":["AscendersBane","Strike_B","Strike_B","Strike_B","Strike_B","Defend_B","Defend_B","Defend_B","Defend_B","Zap","Dualcast+1","Electrodynamics+1","Self Repair+1","Ball Lightning","Barrage+1","Core Surge","Darkness","Turbo"],"relics":["Cracked Core","Juzu Bracelet","Shuriken","Pear","Odd Mushroom"],"potions_floor_usage":[10,16],"damage_taken":[{"damage":8,"enemies":"Small Slimes","floor":1,"turns":2},{"damage":12,"enemies":"Jaw Worm","floor":5,"turns":2},{"damage":1,"enemies":"Cultist","floor":8,"turns":3},{"damage":0,"enemies":"3 Sentries","floor":10,"turns":2},{"damage":35,"enemies":"Lagavulin","floor":12,"turns":7},{"damage":17,"enemies":"The Mushroom Lair","floor":13,"turns":3},{"damage":7,"enemies":"2 Fungi Beasts","floor":14,"turns":2},{"damage":19,"enemies":"Hexaghost","floor":16,"turns":7}],"seed_played":"-5566354977175645876","potions_obtained":[{"floor":1,"key":"Energy Potion"},{"floor":13,"key":"Weak Potion"}],"is_trial":false,"path_per_floor":["M","?","$","?","M","R","$","M","T","E","R","E","?","M","R","B"],"character_chosen":"DEFECT","items_purchased":["Self Repair"],"campfire_rested":1,"item_purchase_floors":[3],"current_hp_per_floor":[56,49,49,28,23,23,23,32,32,32,53,38,21,24,24,5],"gold":180,"neow_bonus":"THREE_RARE_CARDS","is_prod":false,"is_daily":false,"chose_seed":false,"campfire_upgraded":2,"win_rate":0,"timestamp":1562586698,"path_taken":["M","?","$","?","M","R","?","M","T","E","R","E","?","M","R","BOSS"],"build_version":"2019-07-05","purchased_purges":0,"victory":false,"max_hp_per_floor":[71,71,71,71,71,71,71,71,71,71,71,81,81,81,81,81],"card_choices":[{"not_picked":["Multi-Cast","All For One"],"picked":"Electrodynamics","floor":0},{"not_picked":["Conserve Battery","Storm","Barrage"],"picked":"SKIP","floor":1},{"not_picked":["Turbo","Beam Cell"],"picked":"Ball Lightning","floor":5},{"not_picked":["Barrage","Gash","Sweeping Beam"],"picked":"SKIP","floor":8},{"not_picked":["Gash","Sweeping Beam"],"picked":"Barrage","floor":8},{"not_picked":["Gash","FTL"],"picked":"Core Surge","floor":10},{"not_picked":["Compile Driver","Aggregate"],"picked":"Darkness","floor":12},{"not_picked":["Reprogram","Gash"],"picked":"Turbo","floor":13},{"not_picked":["Sweeping Beam","Double Energy","Rebound"],"picked":"SKIP","floor":14}],"player_experience":954805,"relics_obtained":[{"floor":9,"key":"Juzu Bracelet"},{"floor":10,"key":"Shuriken"},{"floor":12,"key":"Pear"},{"floor":13,"key":"Odd Mushroom"}],"event_choices":[{"cards_removed":["Normality"],"damage_healed":0,"gold_gain":0,"player_choice":"Card Removal","damage_taken":7,"max_hp_gain":0,"max_hp_loss":0,"event_name":"Golden Wing","floor":2,"gold_loss":0},{"damage_healed":0,"gold_gain":0,"player_choice":"Entered Light","damage_taken":21,"max_hp_gain":0,"max_hp_loss":0,"event_name":"Shining Light","floor":4,"gold_loss":0,"cards_upgraded":["Dualcast","Electrodynamics"]},{"damage_healed":0,"gold_gain":0,"player_choice":"Fought Mushrooms","damage_taken":0,"max_hp_gain":0,"max_hp_loss":0,"event_name":"Mushrooms","floor":13,"gold_loss":0}],"is_beta":false,"boss_relics":[],"items_purged_floors":[],"is_endless":false,"potions_floor_spawned":[1,13],"killed_by":"Hexaghost","ascension_level":20}