{"gold_per_floor":[10,23,39,39,53,53,64,64,64,91,105,105,116,131,131,230,230,248,268,284,284,57,87,87,87,139,155,155,155,168,187,187,187],"floor_reached":33,"playtime":2231,"items_purged":[],"score":273,"play_id":"6ef4b004-648b-4b87-9717-36adf08773d8","local_time":"20190228171918","is_ascension_mode":false,"campfire_choices":[{"data":"Tools of the Trade","floor":6,"key":"SMITH"},{"floor":8,"key":"RECALL"},{"data":"Masterful Stab","floor":12,"key":"SMITH"},{"floor":15,"key":"REST"},{"floor":24,"key":"REST"},{"floor":32,"key":"REST"}],"neow_cost":"NO_GOLD","seed_source_timestamp":788014975139479,"circlet_count":0,"master_deck":["Defend_G","Defend_G","Defend_G","Defend_G","Defend_G","Strike_G","Strike_G","Strike_G","Strike_G","Strike_G","Survivor","Neutralize","Expertise","Masterful Stab+1","Tools of the Trade+1","Adrenaline","Quick Slash","Unload","Prepared","Endless Agony","Endless Agony","Burst","Masterful Stab","Tactician"],"relics":["Ring of the Snake","Tingsha","Centennial Puzzle","Strawberry","Lizard Tail","Bronze Scales","Darkstone Periapt","Ancient Tea Set"],"potions_floor_usage":[10,10,16,19,23,30],"damage_taken":[{"damage":0,"enemies":"Small Slimes","floor":1,"turns":3},{"damage":0,"enemies":"2 Louse","floor":2,"turns":4},{"damage":0,"enemies":"Jaw Worm","floor":3,"turns":4},{"damage":0,"enemies":"2 Fungi Beasts","floor":5,"turns":4},{"damage":0,"enemies":"Looter","floor":7,"turns":3},{"damage":7,"enemies":"Lagavulin","floor":10,"turns":8},{"damage":0,"enemies":"Blue Slaver","floor":11,"turns":4},{"damage":0,"enemies":"2 Fungi Beasts","floor":13,"turns":2},{"damage":12,"enemies":"Exordium Thugs","floor":14,"turns":4},{"damage":6,"enemies":"Slime Boss","floor":16,"turns":7},{"damage":1,"enemies":"Chosen","floor":18,"turns":4},{"damage":7,"enemies":"3 Byrds","floor":19,"turns":5},{"damage":8,"enemies":"Centurion and Healer","floor":20,"turns":8},{"damage":25,"enemies":"Book of Stabbing","floor":23,"turns":5},{"damage":32,"enemies":"Snake Plant","floor":27,"turns":4},{"damage":19,"enemies":"Shelled Parasite and Fungi","floor":30,"turns":6},{"damage":22,"enemies":"Snecko","floor":31,"turns":5},{"damage":118,"enemies":"Automaton","floor":33,"turns":10}],"seed_played":"3706194642060510424","potions_obtained":[{"floor":3,"key":"AttackPotion"},{"floor":7,"key":"Weak Potion"},{"floor":13,"key":"Strength Potion"},{"floor":14,"key":"Block Potion"},{"floor":20,"key":"AttackPotion"},{"floor":27,"key":"Regen Potion"}],"is_trial":false,"path_per_floor":["M","M","M","?","M","R","M","R","T","E","M","R","M","M","R","B",null,"M","M","M","?","$","E","R","?","T","M","?","T","M","M","R","B"],"character_chosen":"THE_SILENT","items_purchased":["Bronze Scales","Endless Agony"],"campfire_rested":3,"item_purchase_floors":[22,22],"current_hp_per_floor":[70,70,70,70,70,70,70,70,70,70,70,70,70,58,77,71,77,76,69,61,61,61,36,59,59,59,27,52,52,48,26,49,0],"gold":187,"neow_bonus":"ONE_RARE_RELIC","is_prod":false,"is_daily":false,"chose_seed":false,"campfire_upgraded":2,"win_rate":0,"timestamp":1551367158,"path_taken":["M","M","M","?","M","R","M","R","T","E","M","R","M","M","R","BOSS","M","M","M","?","$","E","R","?","T","M","?","?","M","M","R","BOSS"],"build_version":"2019-01-23","purchased_purges":0,"victory":false,"max_hp_per_floor":[70,70,70,70,70,70,70,70,70,77,77,77,77,77,77,77,77,77,77,77,77,77,77,77,77,77,77,77,77,77,77,77,77],"card_choices":[{"not_picked":["Dagger Spray","Setup"],"picked":"Expertise","floor":1},{"not_picked":["Choke","Riddle With Holes","Flying Knee"],"picked":"SKIP","floor":2},{"not_picked":["Deflect","Quick Slash"],"picked":"Masterful Stab","floor":3},{"not_picked":["Bane","Prepared"],"picked":"Tools of the Trade","floor":5},{"not_picked":["Slice","Deadly Poison","Backflip"],"picked":"SKIP","floor":7},{"not_picked":["Setup","Deflect","Flying Knee"],"picked":"SKIP","floor":10},{"not_picked":["Deflect","Slice","Quick Slash"],"picked":"SKIP","floor":11},{"not_picked":["Backflip","Deflect"],"picked":"Adrenaline","floor":13},{"not_picked":["Backflip","Riddle With Holes"],"picked":"Quick Slash","floor":14},{"not_picked":["Corpse Explosion","Phantasmal Killer"],"picked":"Unload","floor":16},{"not_picked":["Predator","Sucker Punch","Heel Hook"],"picked":"SKIP","floor":18},{"not_picked":["Dagger Spray","Backflip+1"],"picked":"Prepared","floor":19},{"not_picked":["Blade Dance","Bane"],"picked":"Endless Agony","floor":20},{"not_picked":["Dagger Spray","Deflect","Poisoned Stab"],"picked":"SKIP","floor":23},{"not_picked":["Leg Sweep","Bane+1"],"picked":"Burst","floor":27},{"not_picked":["Cloak And Dagger","Deflect+1"],"picked":"Masterful Stab","floor":30},{"not_picked":["Flying Knee","Acrobatics+1"],"picked":"Tactician","floor":31}],"player_experience":1003062,"relics_obtained":[{"floor":9,"key":"Centennial Puzzle"},{"floor":10,"key":"Strawberry"},{"floor":23,"key":"Darkstone Periapt"},{"floor":29,"key":"Ancient Tea Set"}],"event_choices":[{"damage_healed":0,"gold_gain":0,"player_choice":"Leave","damage_taken":0,"max_hp_gain":0,"max_hp_loss":0,"event_name":"The Cleric","floor":4,"gold_loss":0},{"damage_healed":0,"gold_gain":0,"player_choice":"Ignored","damage_taken":0,"max_hp_gain":0,"max_hp_loss":0,"event_name":"Cursed Tome","floor":21,"gold_loss":0},{"damage_healed":0,"gold_gain":0,"player_choice":"Ignored","damage_taken":0,"max_hp_gain":0,"max_hp_loss":0,"event_name":"Beggar","floor":25,"gold_loss":0},{"damage_healed":25,"gold_gain":0,"player_choice":"Heal","damage_taken":0,"max_hp_gain":0,"max_hp_loss":0,"event_name":"The Library","floor":28,"gold_loss":0}],"is_beta":false,"boss_relics":[{"not_picked":["Coffee Dripper","Empty Cage"],"picked":"Lizard Tail"}],"items_purged_floors":[],"is_endless":false,"potions_floor_spawned":[3,7,13,14,20,27],"killed_by":"Automaton","ascension_level":0}