{"gold_per_floor":[114,129,129,129,204,204,239,255,279,315,315,328,341,382,382,481,481,501,501,501],"floor_reached":20,"playtime":635,"items_purged":[],"score":534,"play_id":"3f43c18c-5aab-4f50-8879-f61d77bcf519","local_time":"20190612152732","is_ascension_mode":true,"campfire_choices":[{"data":"Zap","floor":6,"key":"SMITH"},{"data":"Capacitor","floor":15,"key":"SMITH"}],"neow_cost":"NONE","seed_source_timestamp":351242591972300,"circlet_count":0,"master_deck":["AscendersBane","Strike_B","Strike_B","Strike_B","Defend_B+1","Defend_B","Defend_B","Defend_B","Zap+1","Dualcast+1","Capacitor+1","Ball Lightning","Coolheaded","Hologram","Cold Snap","Biased Cognition","Electrodynamics","Defragment"],"relics":["Cracked Core","NeowsBlessing","Golden Idol","War Paint","Vajra","DataDisk","Pen Nib","Snecko Eye"],"potions_floor_usage":[10,10,16,16],"damage_taken":[{"damage":0,"enemies":"Jaw Worm","floor":1,"turns":1},{"damage":0,"enemies":"2 Louse","floor":2,"turns":1},{"damage":0,"enemies":"3 Sentries","floor":7,"turns":1},{"damage":5,"enemies":"Small Slimes","floor":8,"turns":3},{"damage":0,"enemies":"Gremlin Nob","floor":10,"turns":4},{"damage":6,"enemies":"Looter","floor":12,"turns":3},{"damage":0,"enemies":"Blue Slaver","floor":13,"turns":3},{"damage":0,"enemies":"Lagavulin","floor":14,"turns":7},{"damage":16,"enemies":"The Guardian","floor":16,"turns":11},{"damage":36,"enemies":"Shell Parasite","floor":18,"turns":6},{"damage":22,"enemies":"3 Byrds","floor":20,"turns":2}],"seed_played":"7519543433831598872","potions_obtained":[{"floor":1,"key":"PowerPotion"},{"floor":7,"key":"Energy Potion"},{"floor":8,"key":"PowerPotion"},{"floor":14,"key":"Block Potion"},{"floor":16,"key":"Fruit Juice"}],"is_trial":false,"path_per_floor":["M","M","?","?","?","R","E","M","T","E","T","M","M","E","R","B",null,"M","?","M"],"character_chosen":"DEFECT","items_purchased":[],"campfire_rested":0,"item_purchase_floors":[],"current_hp_per_floor":[64,64,64,57,46,46,46,41,41,41,41,35,35,35,35,24,58,22,22,0],"gold":501,"neow_bonus":"THREE_ENEMY_KILL","is_prod":false,"is_daily":false,"chose_seed":false,"campfire_upgraded":2,"win_rate":0,"timestamp":1560320852,"path_taken":["M","M","?","?","?","R","E","M","T","E","?","M","?","E","R","BOSS","M","?","M"],"build_version":"2019-01-23","purchased_purges":0,"victory":false,"max_hp_per_floor":[71,71,64,64,64,64,64,64,64,64,64,64,64,64,64,69,69,69,69,69],"card_choices":[{"not_picked":["Reprogram","Go for the Eyes"],"picked":"Capacitor","floor":1},{"not_picked":["Melter","Blizzard"],"picked":"Ball Lightning","floor":2},{"not_picked":["Rip and Tear","FTL"],"picked":"Coolheaded","floor":7},{"not_picked":["Rebound","Sweeping Beam"],"picked":"Hologram","floor":8},{"not_picked":["Blizzard","BootSequence","Reinforced Body"],"picked":"SKIP","floor":10},{"not_picked":["Chaos","Gash","Redo"],"picked":"SKIP","floor":12},{"not_picked":["Redo","Fusion"],"picked":"Cold Snap","floor":13},{"not_picked":["Self Repair","Fission"],"picked":"Biased Cognition","floor":14},{"not_picked":["All For One","Fission"],"picked":"Electrodynamics","floor":16},{"not_picked":["Stack","Gash"],"picked":"Defragment","floor":18}],"player_experience":609655,"relics_obtained":[{"floor":7,"key":"War Paint"},{"floor":9,"key":"Vajra"},{"floor":10,"key":"DataDisk"},{"floor":14,"key":"Pen Nib"}],"event_choices":[{"damage_healed":0,"gold_gain":0,"player_choice":"Lose Max HP","damage_taken":0,"relics_obtained":["Golden Idol"],"max_hp_gain":0,"max_hp_loss":7,"event_name":"Golden Idol","floor":3,"gold_loss":0},{"cards_removed":["Strike_B"],"damage_healed":0,"gold_gain":0,"player_choice":"Card Removal","damage_taken":7,"max_hp_gain":0,"max_hp_loss":0,"event_name":"Golden Wing","floor":4,"gold_loss":0},{"damage_healed":0,"gold_gain":75,"player_choice":"Gather Gold","damage_taken":11,"max_hp_gain":0,"max_hp_loss":0,"event_name":"World of Goop","floor":5,"gold_loss":0},{"damage_healed":0,"gold_gain":0,"player_choice":"Ignored","damage_taken":0,"max_hp_gain":0,"max_hp_loss":0,"event_name":"Vampires","floor":19,"gold_loss":0}],"is_beta":false,"boss_relics":[{"not_picked":["Empty Cage","Fusion Hammer"],"picked":"Snecko Eye"}],"items_purged_floors":[],"is_endless":false,"potions_floor_spawned":[1,7,8,14,16],"killed_by":"3 Byrds","ascension_level":20}