{"gold_per_floor":[113,130,130,130,151,151,190,205,205,205,130,153,166,201,201,201],"floor_reached":16,"playtime":1030,"items_purged":[],"score":224,"play_id":"ef5652c8-c331-4d47-adb3-e76a2d1cef17","local_time":"20190730213149","is_ascension_mode":true,"campfire_choices":[{"data":"Poisoned Stab","floor":6.0,"key":"SMITH"},{"data":"Neutralize","floor":10,"key":"SMITH"},{"floor":15,"key":"REST"}],"neow_cost":"TEN_PERCENT_HP_LOSS","seed_source_timestamp":103612871445170,"circlet_count":0,"master_deck":["AscendersBane","Strike_G","Strike_G","Strike_G","Strike_G","Defend_G","Defend_G","Defend_G","Defend_G","Defend_G","Survivor","Neutralize+1","After Image","Noxious Fumes+1","Quick Slash","Poisoned Stab+1","Dagger Spray","Dagger Spray","PiercingWail","Escape Plan","Night Terror"],"special_seed":0,"relics":["Ring of the Snake","Golden Idol","Art of War","Letter Opener","Nunchaku"],"potions_floor_usage":[7,13,14],"damage_taken":[{"damage":0.0,"enemies":"2 Louse","floor":1.0,"turns":4.0},{"damage":0.0,"enemies":"Small Slimes","floor":2.0,"turns":6.0},{"damage":3.0,"enemies":"Cultist","floor":5.0,"turns":6.0},{"damage":4,"enemies":"Lagavulin","floor":7,"turns":7},{"damage":2,"enemies":"Red Slaver","floor":8,"turns":4},{"damage":1,"enemies":"Blue Slaver","floor":12,"turns":5},{"damage":8,"enemies":"Large Slime","floor":13,"turns":6},{"damage":28,"enemies":"Gremlin Nob","floor":14,"turns":5},{"damage":20,"enemies":"Slime Boss","floor":16,"turns":6}],"seed_played":"-8983273606232427357","potions_obtained":[{"floor":1.0,"key":"GhostInAJar"},{"floor":5.0,"key":"Block Potion"},{"floor":7,"key":"Block Potion"}],"is_trial":false,"path_per_floor":["M","M","?","?","M","R","E","M","T","R","?","M","M","E","R","B"],"character_chosen":"THE_SILENT","items_purchased":[],"campfire_rested":1,"item_purchase_floors":[],"current_hp_per_floor":[59,59,59,54,51,51,47,45,45,45,45,44,36,8,24,4],"gold":201,"neow_bonus":"THREE_RARE_CARDS","is_prod":false,"is_daily":false,"chose_seed":false,"campfire_upgraded":2,"win_rate":0,"timestamp":1564515109,"path_taken":["M","M","?","?","M","R","E","M","T","R","?","M","M","E","R","BOSS"],"build_version":"2019-07-17","purchased_purges":0,"victory":false,"max_hp_per_floor":[60,60,60,54,54,54,54,54,54,54,54,54,54,54,54,54],"card_choices":[{"not_picked":["Venomology","Malaise"],"picked":"After Image","floor":0.0},{"not_picked":["Bane","Acrobatics"],"picked":"Noxious Fumes","floor":1.0},{"not_picked":["Concentrate","Catalyst"],"picked":"Quick Slash","floor":2.0},{"not_picked":["Bane","Underhanded Strike"],"picked":"Poisoned Stab","floor":5.0},{"not_picked":["Choke","Quick Slash"],"picked":"Dagger Spray","floor":7},{"not_picked":["Backstab","Deflect"],"picked":"Dagger Spray","floor":8},{"not_picked":["Sucker Punch","Dagger Spray"],"picked":"PiercingWail","floor":12},{"not_picked":["Eviscerate","Distraction"],"picked":"Escape Plan","floor":13},{"not_picked":["Underhanded Strike","Dash"],"picked":"Night Terror","floor":14}],"player_experience":1337591,"relics_obtained":[{"floor":7,"key":"Art of War"},{"floor":9,"key":"Letter Opener"},{"floor":14,"key":"Nunchaku"}],"event_choices":[{"damage_healed":0.0,"max_hp_gain":0.0,"max_hp_loss":0.0,"gold_gain":0.0,"event_name":"Living Wall","player_choice":"Grow","floor":3.0,"gold_loss":0.0,"damage_taken":0.0,"cards_upgraded":["Noxious Fumes"]},{"damage_healed":0.0,"max_hp_gain":0.0,"max_hp_loss":6.0,"gold_gain":0.0,"event_name":"Golden Idol","player_choice":"Lose Max HP","floor":4.0,"gold_loss":0.0,"damage_taken":0.0,"relics_obtained":["Golden Idol"]},{"cards_removed":["Strike_G"],"damage_healed":0,"gold_gain":0,"player_choice":"Card Removal","damage_taken":0,"max_hp_gain":0,"max_hp_loss":0,"event_name":"The Cleric","floor":11,"gold_loss":75}],"is_beta":false,"boss_relics":[],"items_purged_floors":[],"is_endless":false,"potions_floor_spawned":[1,5,7],"killed_by":"Slime Boss","ascension_level":20}