{"gold_per_floor":[15,26,36,36,36,36,61,72,98,98,98,142,142,165,165,258,321,337,355,355],"floor_reached":20,"playtime":755,"items_purged":[],"score":418,"play_id":"97379f94-8665-4c5c-8862-14eaade0d19d","local_time":"20190615203540","is_ascension_mode":true,"campfire_choices":[{"floor":6,"key":"REST"},{"data":"Strike_R","floor":11,"key":"SMITH"},{"floor":13,"key":"REST"},{"data":"True Grit","floor":15,"key":"SMITH"}],"neow_cost":"NO_GOLD","seed_source_timestamp":107841612743400,"circlet_count":0,"master_deck":["AscendersBane","Strike_R","Strike_R+1","Defend_R","Defend_R+1","Defend_R","Defend_R+1","Bash+1","Evolve","Seeing Red","True Grit+1","Inflame","Demon Form","Heavy Blade","Corruption"],"relics":["Burning Blood","Boot","Pen Nib","Golden Idol","Bag of Marbles","Tiny House"],"potions_floor_usage":[7,16,16,18],"damage_taken":[{"damage":6,"enemies":"Cultist","floor":1,"turns":4},{"damage":4,"enemies":"2 Louse","floor":2,"turns":4},{"damage":11,"enemies":"Small Slimes","floor":3,"turns":5},{"damage":17,"enemies":"3 Sentries","floor":7,"turns":13},{"damage":0,"enemies":"3 Louse","floor":8,"turns":7},{"damage":48,"enemies":"Lagavulin","floor":12,"turns":8},{"damage":8,"enemies":"Large Slime","floor":14,"turns":8},{"damage":9,"enemies":"The Guardian","floor":16,"turns":13},{"damage":30,"enemies":"Spheric Guardian","floor":18,"turns":7},{"damage":28,"enemies":"Chosen","floor":19,"turns":7},{"damage":0,"enemies":"Colosseum Slavers","floor":20,"turns":1}],"seed_played":"1835980926583289318","potions_obtained":[{"floor":3,"key":"Block Potion"},{"floor":7,"key":"Explosive Potion"},{"floor":12,"key":"PowerPotion"},{"floor":14,"key":"PowerPotion"},{"floor":17,"key":"Block Potion"},{"floor":18,"key":"Weak Potion"}],"is_trial":false,"path_per_floor":["M","M","M","?","?","R","E","M","T","?","R","E","R","M","R","B",null,"M","M","?"],"character_chosen":"IRONCLAD","items_purchased":[],"campfire_rested":2,"item_purchase_floors":[],"current_hp_per_floor":[68,70,65,58,35,57,46,52,52,52,52,10,30,28,28,25,62,38,16,16],"gold":355,"neow_bonus":"REMOVE_TWO","is_prod":false,"is_daily":false,"chose_seed":false,"campfire_upgraded":2,"win_rate":0,"timestamp":1560598540,"path_taken":["M","M","?","?","?","R","E","M","T","?","R","E","R","M","R","BOSS","M","M","?"],"build_version":"2019-01-23","purchased_purges":0,"victory":false,"max_hp_per_floor":[75,75,75,75,75,75,75,75,75,68,68,68,68,68,68,68,73,73,73,73],"card_choices":[{"not_picked":["Headbutt","Metallicize","Thunderclap"],"picked":"SKIP","floor":1},{"not_picked":["Fire Breathing","Wild Strike"],"picked":"Evolve","floor":2},{"not_picked":["Flex","Thunderclap","Wild Strike"],"picked":"SKIP","floor":3},{"not_picked":["Flex","Thunderclap"],"picked":"Seeing Red","floor":7},{"not_picked":["Dual Wield","Brutality"],"picked":"True Grit","floor":8},{"not_picked":["Clash","Reckless Charge","Perfected Strike"],"picked":"SKIP","floor":12},{"not_picked":["Clash","Reckless Charge","Perfected Strike"],"picked":"SKIP","floor":12},{"not_picked":["Pommel Strike","Havoc"],"picked":"Inflame","floor":14},{"not_picked":["Brutality","Exhume"],"picked":"Demon Form","floor":16},{"not_picked":["Seeing Red","Cleave"],"picked":"Heavy Blade","floor":17},{"not_picked":["Rupture","Warcry","Clothesline"],"picked":"SKIP","floor":18},{"not_picked":["Reckless Charge","Rampage"],"picked":"Corruption","floor":19}],"player_experience":672496,"relics_obtained":[{"floor":7,"key":"Boot"},{"floor":9,"key":"Pen Nib"},{"floor":12,"key":"Bag of Marbles"}],"event_choices":[{"cards_removed":["Strike_R"],"damage_healed":0,"gold_gain":0,"player_choice":"Card Removal","damage_taken":7,"max_hp_gain":0,"max_hp_loss":0,"event_name":"Golden Wing","floor":4,"gold_loss":0},{"damage_healed":0,"gold_gain":0,"player_choice":"Entered Light","damage_taken":23,"max_hp_gain":0,"max_hp_loss":0,"event_name":"Shining Light","floor":5,"gold_loss":0,"cards_upgraded":["Defend_R","Bash"]},{"damage_healed":0,"gold_gain":0,"player_choice":"Lose Max HP","damage_taken":0,"relics_obtained":["Golden Idol"],"max_hp_gain":0,"max_hp_loss":7,"event_name":"Golden Idol","floor":10,"gold_loss":0},{"damage_healed":0,"gold_gain":0,"player_choice":"Fight","damage_taken":0,"max_hp_gain":0,"max_hp_loss":0,"event_name":"Colosseum","floor":20,"gold_loss":0}],"is_beta":false,"boss_relics":[{"not_picked":["Lizard Tail","Black Star"],"picked":"Tiny House"}],"items_purged_floors":[],"is_endless":false,"potions_floor_spawned":[3,7,12,14,18],"killed_by":"Colosseum Slavers","ascension_level":20}