{"gold_per_floor":[111,111,111,140,162,174,15,15,15,44,44],"floor_reached":11,"playtime":420,"items_purged":[],"score":142,"play_id":"19a70f30-4c3e-4c5e-b2e9-2be9ebceefc7","local_time":"20190610192516","is_ascension_mode":true,"campfire_choices":[{"data":"Zap","floor":6,"key":"SMITH"},{"data":"Coolheaded","floor":8,"key":"SMITH"}],"neow_cost":"NONE","seed_source_timestamp":192918185612900,"circlet_count":0,"master_deck":["AscendersBane","Strike_B","Strike_B","Strike_B","Strike_B","Defend_B","Defend_B","Defend_B","Defend_B","Zap+1","Dualcast","Writhe","Injury","Coolheaded+1","Fission"],"relics":["Calling Bell","Orichalcum","Shuriken","Incense Burner","MawBank","PreservedInsect","Lantern","Smiling Mask"],"potions_floor_usage":[10,10],"damage_taken":[{"damage":3,"enemies":"2 Louse","floor":1,"turns":3},{"damage":4,"enemies":"Jaw Worm","floor":4,"turns":6},{"damage":1,"enemies":"Cultist","floor":5,"turns":5},{"damage":12,"enemies":"Lagavulin","floor":10,"turns":6},{"damage":55,"enemies":"Exordium Wildlife","floor":11,"turns":5}],"seed_played":"1533376985716189613","potions_obtained":[{"floor":1,"key":"FearPotion"},{"floor":4,"key":"Swift Potion"}],"is_trial":false,"path_per_floor":["M","?","T","M","M","R","$","R","T","E","M"],"character_chosen":"DEFECT","items_purchased":["PreservedInsect"],"campfire_rested":0,"item_purchase_floors":[7],"current_hp_per_floor":[61,61,61,57,56,56,56,56,56,44,0],"gold":44,"neow_bonus":"BOSS_RELIC","is_prod":false,"is_daily":false,"chose_seed":false,"campfire_upgraded":2,"win_rate":0,"timestamp":1560162316,"path_taken":["M","?","?","M","?","R","$","R","T","E","M"],"build_version":"2019-01-23","purchased_purges":0,"victory":false,"max_hp_per_floor":[71,71,71,71,71,71,71,71,71,71,71],"card_choices":[{"not_picked":["Compile Driver","Hologram","Auto Shields"],"picked":"SKIP","floor":1},{"not_picked":["Conserve Battery","Beam Cell","Redo"],"picked":"SKIP","floor":4},{"not_picked":["Barrage","Steam Power"],"picked":"Coolheaded","floor":5},{"not_picked":["Redo","Stack"],"picked":"Fission","floor":10}],"player_experience":560806,"relics_obtained":[{"floor":0,"key":"Orichalcum"},{"floor":0,"key":"Shuriken"},{"floor":0,"key":"Incense Burner"},{"floor":3,"key":"MawBank"},{"floor":9,"key":"Lantern"},{"floor":10,"key":"Smiling Mask"}],"event_choices":[{"cards_removed":["Doubt"],"damage_healed":0,"gold_gain":0,"player_choice":"Forget","damage_taken":0,"max_hp_gain":0,"max_hp_loss":0,"event_name":"Living Wall","floor":2,"gold_loss":0}],"is_beta":false,"boss_relics":[],"items_purged_floors":[],"is_endless":false,"potions_floor_spawned":[1,4],"killed_by":"Exordium Wildlife","ascension_level":20}