{"gold_per_floor":[113,113,113,132,146,146,177,187,187,187,202,202,202,216,216,320,320,340,220,238,238],"floor_reached":21,"playtime":1841,"items_purged":[],"score":262,"play_id":"77c6ae86-b33e-42aa-ba0d-9a6bf881557d","local_time":"20190611183246","is_ascension_mode":true,"campfire_choices":[{"data":"Reflex","floor":6.0,"key":"SMITH"},{"floor":10.0,"key":"REST"},{"floor":13.0,"key":"REST"},{"floor":15,"key":"REST"}],"neow_cost":"NONE","seed_source_timestamp":1395320408932422,"circlet_count":0,"master_deck":["Defend_G","Defend_G","Defend_G","Defend_G","Strike_G","Strike_G","Strike_G","Strike_G","Strike_G","Survivor","Neutralize","Reflex+1","Dagger Throw","Tools of the Trade","Dagger Throw","A Thousand Cuts","Endless Agony","Underhanded Strike","Calculated Gamble","Masterful Stab"],"special_seed":0,"relics":["Ring of the Snake","NeowsBlessing","Matryoshka","Torii","Omamori","FossilizedHelix","Black Star"],"potions_floor_usage":[14,18],"damage_taken":[{"damage":0.0,"enemies":"Small Slimes","floor":1.0,"turns":1.0},{"damage":0.0,"enemies":"2 Louse","floor":4.0,"turns":1.0},{"damage":0.0,"enemies":"Cultist","floor":5.0,"turns":1.0},{"damage":39.0,"enemies":"3 Sentries","floor":7.0,"turns":12.0},{"damage":4.0,"enemies":"Gremlin Gang","floor":8.0,"turns":8.0},{"damage":0.0,"enemies":"Looter","floor":11.0,"turns":4.0},{"damage":16,"enemies":"Exordium Thugs","floor":14,"turns":7},{"damage":46,"enemies":"The Guardian","floor":16,"turns":22},{"damage":19,"enemies":"3 Byrds","floor":18,"turns":7},{"damage":17,"enemies":"Shell Parasite","floor":20,"turns":10},{"damage":27,"enemies":"Colosseum Slavers","floor":21,"turns":3}],"seed_played":"-3131705141250233565","potions_obtained":[{"floor":1.0,"key":"Regen Potion"},{"floor":4.0,"key":"FearPotion"},{"floor":16,"key":"AttackPotion"}],"is_trial":false,"path_per_floor":["M","?","?","M","M","R","E","M","T","R","M","$","R","M","R","B",null,"M","$","M","?"],"character_chosen":"THE_SILENT","items_purchased":["Underhanded Strike","Calculated Gamble"],"campfire_rested":3,"item_purchase_floors":[19,19],"current_hp_per_floor":[63,51,51,51,51,51,27,23,23,44,44,44,65,49,70,24,59,40,40,23,0],"gold":238,"neow_bonus":"THREE_ENEMY_KILL","is_prod":false,"is_daily":false,"chose_seed":false,"campfire_upgraded":1,"win_rate":0,"timestamp":1560267166,"path_taken":["M","?","?","?","M","R","E","M","T","R","M","$","R","M","R","BOSS","M","$","?","?"],"build_version":"2019-01-23","purchased_purges":0,"victory":false,"max_hp_per_floor":[70,70,70,70,70,70,70,70,70,70,70,70,70,70,70,70,70,70,70,70,70],"card_choices":[{"not_picked":["Outmaneuver","Flying Knee"],"picked":"Reflex","floor":1.0},{"not_picked":["Cloak And Dagger","Deflect","Bane"],"picked":"SKIP","floor":4.0},{"not_picked":["Quick Slash","Masterful Stab"],"picked":"Dagger Throw","floor":5.0},{"not_picked":["Dodge and Roll","Blade Dance"],"picked":"Tools of the Trade","floor":7.0},{"not_picked":["Slice","Outmaneuver","Cloak And Dagger"],"picked":"SKIP","floor":8.0},{"not_picked":["Flying Knee","Dagger Spray","Poisoned Stab"],"picked":"SKIP","floor":11.0},{"not_picked":["Dodge and Roll","Dagger Spray"],"picked":"Dagger Throw","floor":14},{"not_picked":["Burst","Envenom"],"picked":"A Thousand Cuts","floor":16},{"not_picked":["Setup","Finisher"],"picked":"Endless Agony","floor":18},{"not_picked":["Riddle With Holes","Sucker Punch"],"picked":"Masterful Stab","floor":20}],"player_experience":1512666,"relics_obtained":[{"floor":7.0,"key":"Torii"},{"floor":9.0,"key":"Omamori"},{"floor":9.0,"key":"FossilizedHelix"}],"event_choices":[{"damage_healed":0.0,"max_hp_gain":0.0,"max_hp_loss":0.0,"gold_gain":0.0,"event_name":"Scrap Ooze","player_choice":"Success","floor":2.0,"gold_loss":0.0,"damage_taken":12.0,"relics_obtained":["Matryoshka"]},{"cards_removed":["Defend_G"],"damage_healed":0.0,"max_hp_gain":0.0,"max_hp_loss":0.0,"gold_gain":0.0,"event_name":"Wheel of Change","player_choice":"Card Removal","floor":3.0,"gold_loss":0.0,"damage_taken":0.0},{"damage_healed":0,"gold_gain":0,"player_choice":"Fight","damage_taken":0,"max_hp_gain":0,"max_hp_loss":0,"event_name":"Colosseum","floor":21,"gold_loss":0}],"is_beta":false,"boss_relics":[{"not_picked":["Velvet Choker","Sozu"],"picked":"Black Star"}],"items_purged_floors":[],"is_endless":false,"potions_floor_spawned":[1,4,16],"killed_by":"Colosseum Slavers","ascension_level":9}