{"gold_per_floor":[115,12,162,173,173,173,206,206,206,226,288,288,125,140,140,212,212,228,309,279,292,303,303,334,346,346,74,87,101,115,115,115,194,194,204,204,604,604,425,425,454,467,541,556,572,572,641,659,659,659,659,659,659,45,76,76],"floor_reached":57,"playtime":2613,"items_purged":["Strike_B","Defend_B","Strike_B"],"score":2723,"play_id":"b422ed94-c9eb-4dae-a468-8a3c5ee87bfb","local_time":"20190624161720","is_ascension_mode":true,"campfire_choices":[{"data":"Zap","floor":6.0,"key":"SMITH"},{"data":"Capacitor","floor":8.0,"key":"SMITH"},{"data":"Hologram","floor":12.0,"key":"SMITH"},{"data":"White Noise","floor":15.0,"key":"SMITH"},{"data":"Defragment","floor":23.0,"key":"SMITH"},{"data":"Consume","floor":32.0,"key":"SMITH"},{"data":"Amplify","floor":40.0,"key":"SMITH"},{"floor":49.0,"key":"RECALL"},{"data":"Coolheaded","floor":53.0,"key":"SMITH"}],"neow_cost":"NONE","seed_source_timestamp":179832106967500,"circlet_count":0,"master_deck":["AscendersBane","Strike_B","Defend_B","Defend_B","Defend_B","Zap+1","Dualcast","Cold Snap","Ball Lightning","Capacitor+1","Turbo","Hologram+1","White Noise+1","White Noise","Core Surge","Consume+1","Static Discharge","Defragment+1","Glacier","Amplify+1","Multi-Cast","Coolheaded+1","Coolheaded","Bandage Up","Capacitor","Echo Form","Darkness+1","Darkness+1","Purity","Creative AI"],"special_seed":0,"relics":["Cracked Core","NeowsBlessing","Spirit Poop","Bird Faced Urn","Cables","Tiny Chest","Coffee Dripper","Pocketwatch","Letter Opener","Bottled Tornado","Nuclear Battery","Old Coin","Bottled Flame","Sundial","Meat on the Bone","Art of War","Anchor","Gambling Chip"],"potions_floor_usage":[56,56],"damage_taken":[{"damage":0.0,"enemies":"Cultist","floor":1.0,"turns":1.0},{"damage":0.0,"enemies":"Jaw Worm","floor":4.0,"turns":1.0},{"damage":0.0,"enemies":"Lagavulin","floor":7.0,"turns":1.0},{"damage":6.0,"enemies":"2 Louse","floor":10.0,"turns":2.0},{"damage":24.0,"enemies":"3 Sentries","floor":11.0,"turns":8.0},{"damage":9.0,"enemies":"Red Slaver","floor":14.0,"turns":4.0},{"damage":33.0,"enemies":"The Guardian","floor":16.0,"turns":13.0},{"damage":8.0,"enemies":"3 Byrds","floor":18.0,"turns":3.0},{"damage":18.0,"enemies":"Spheric Guardian","floor":21.0,"turns":4.0},{"damage":20.0,"enemies":"Centurion and Healer","floor":22.0,"turns":7.0},{"damage":20.0,"enemies":"Book of Stabbing","floor":24.0,"turns":5.0},{"damage":0.0,"enemies":"Snecko","floor":25.0,"turns":6.0},{"damage":14.0,"enemies":"Snake Plant","floor":28.0,"turns":6.0},{"damage":4.0,"enemies":"Shelled Parasite and Fungi","floor":29.0,"turns":6.0},{"damage":23.0,"enemies":"Centurion and Healer","floor":30.0,"turns":10.0},{"damage":20.0,"enemies":"Champ","floor":33.0,"turns":12.0},{"damage":24.0,"enemies":"Orb Walker","floor":35.0,"turns":3.0},{"damage":0.0,"enemies":"Mind Bloom Boss Battle","floor":37.0,"turns":6.0},{"damage":25.0,"enemies":"Giant Head","floor":41.0,"turns":10.0},{"damage":20.0,"enemies":"3 Darklings","floor":42.0,"turns":4.0},{"damage":18.0,"enemies":"Transient","floor":44.0,"turns":6.0},{"damage":11.0,"enemies":"4 Shapes","floor":45.0,"turns":7.0},{"damage":9.0,"enemies":"Sphere and 2 Shapes","floor":48.0,"turns":6.0},{"damage":71.0,"enemies":"Awakened One","floor":50.0,"turns":12.0},{"damage":30.0,"enemies":"Donu and Deca","floor":51.0,"turns":10.0},{"damage":25.0,"enemies":"Shield and Spear","floor":55.0,"turns":5.0},{"damage":62,"enemies":"The Heart","floor":56,"turns":12}],"seed_played":"-446680771183535320","potions_obtained":[{"floor":4.0,"key":"SkillPotion"},{"floor":10.0,"key":"Regen Potion"},{"floor":14.0,"key":"SteroidPotion"},{"floor":16.0,"key":"Explosive Potion"},{"floor":18.0,"key":"EssenceOfSteel"},{"floor":20.0,"key":"SkillPotion"},{"floor":21.0,"key":"EntropicBrew"},{"floor":25.0,"key":"Block Potion"},{"floor":33.0,"key":"Energy Potion"},{"floor":42.0,"key":"EntropicBrew"}],"is_trial":false,"path_per_floor":["M","$","?","M","?","R","E","R","T","M","E","R","$","M","R","B",null,"M","T","?","M","M","R","E","M","T","$","M","M","M","?","R","B",null,"M","?","?","?","$","R","E","M","T","M","M","?","T","M","R","B","B",null,"R","$","E","B",null],"character_chosen":"DEFECT","items_purchased":["Ball Lightning","Capacitor","White Noise","Bottled Tornado","Capacitor","Art of War","Anchor","Energy Potion","Purity"],"campfire_rested":0,"item_purchase_floors":[2,2,13,27,39,54,54,54,54],"current_hp_per_floor":[64,64,64,64,64,64,64,64,64,58,51,51,51,46,46,19,58,56,56,56,38,26,26,14,22,22,22,18,26,21,21,21,17,58,42,42,54,49,49,49,71,71,71,71,71,71,71,71,71,28,30,61,61,61,52,52],"gold":76,"neow_bonus":"THREE_ENEMY_KILL","is_prod":false,"is_daily":false,"chose_seed":false,"campfire_upgraded":8,"win_rate":0,"timestamp":1561360640,"path_taken":["M","?","?","M","?","R","E","R","T","?","E","R","$","M","R","BOSS","M","?","?","M","?","R","E","M","T","?","M","M","M","?","R","BOSS","M","?","?","?","?","R","E","M","T","?","M","?","?","?","R","BOSS","BOSS","R","$","E","BOSS"],"build_version":"2019-01-23","purchased_purges":3,"victory":true,"max_hp_per_floor":[71,71,71,71,71,71,71,71,71,71,71,71,71,71,71,71,71,71,71,71,71,71,71,71,71,71,71,71,71,71,71,71,71,71,71,71,71,71,71,71,71,71,71,71,71,71,71,71,71,71,71,71,71,71,71,71],"card_choices":[{"not_picked":["Barrage","Rebound"],"picked":"Cold Snap","floor":1.0},{"not_picked":["Stack","Reinforced Body"],"picked":"Turbo","floor":4.0},{"not_picked":["Hyperbeam","Aggregate","Steam"],"picked":"SKIP","floor":7.0},{"not_picked":["Steam","Sweeping Beam","Conserve Battery"],"picked":"SKIP","floor":10.0},{"not_picked":["BootSequence","Ball Lightning"],"picked":"Hologram","floor":11.0},{"not_picked":["Cold Snap","Double Energy"],"picked":"White Noise","floor":14.0},{"not_picked":["Amplify","All For One"],"picked":"Core Surge","floor":16.0},{"not_picked":["Redo","Double Energy"],"picked":"Consume","floor":18.0},{"not_picked":["Barrage","Ball Lightning"],"picked":"Static Discharge","floor":21.0},{"not_picked":["Beam Cell","Ball Lightning"],"picked":"Defragment","floor":22.0},{"not_picked":["Consume","Streamline"],"picked":"Glacier","floor":24.0},{"not_picked":["Redo","FTL","Rebound"],"picked":"SKIP","floor":25.0},{"not_picked":["Turbo","Compile Driver+1"],"picked":"Amplify","floor":28.0},{"not_picked":["Compile Driver","Conserve Battery","Rebound"],"picked":"SKIP","floor":29.0},{"not_picked":["Fusion","Streamline","Barrage"],"picked":"SKIP","floor":30.0},{"not_picked":["Buffer","All For One"],"picked":"Multi-Cast","floor":33.0},{"not_picked":["Fusion","Auto Shields"],"picked":"Coolheaded","floor":35.0},{"not_picked":["Force Field","Sweeping Beam+1"],"picked":"Coolheaded","floor":37.0},{"not_picked":["Trip","Good Instincts"],"picked":"Bandage Up","floor":38.0},{"not_picked":["Cold Snap","Redo+1"],"picked":"Echo Form","floor":41.0},{"not_picked":["Chaos","Tempest+1","Beam Cell"],"picked":"SKIP","floor":42.0},{"not_picked":["Streamline+1","Stack"],"picked":"Darkness+1","floor":44.0},{"not_picked":["Fusion","Chaos","Rebound"],"picked":"SKIP","floor":45.0},{"not_picked":["Barrage","Stack"],"picked":"Darkness+1","floor":48.0},{"not_picked":["Go for the Eyes","Blizzard"],"picked":"Creative AI","floor":55.0}],"player_experience":785825,"relics_obtained":[{"floor":7.0,"key":"Bird Faced Urn"},{"floor":9.0,"key":"Cables"},{"floor":11.0,"key":"Tiny Chest"},{"floor":24.0,"key":"Pocketwatch"},{"floor":26.0,"key":"Letter Opener"},{"floor":37.0,"key":"Old Coin"},{"floor":41.0,"key":"Bottled Flame"},{"floor":43.0,"key":"Sundial"},{"floor":47.0,"key":"Meat on the Bone"},{"floor":55.0,"key":"Gambling Chip"}],"event_choices":[{"damage_healed":0.0,"max_hp_gain":0.0,"max_hp_loss":0.0,"gold_gain":150.0,"event_name":"Liars Game","player_choice":"AGREE","floor":3.0,"gold_loss":0.0,"damage_taken":0.0,"cards_obtained":["Doubt"]},{"cards_removed":["Doubt"],"damage_healed":0.0,"max_hp_gain":0.0,"max_hp_loss":0.0,"gold_gain":0.0,"event_name":"Bonfire Elementals","player_choice":"Offered Curse","floor":5.0,"gold_loss":0.0,"damage_taken":0.0,"relics_obtained":["Spirit Poop"]},{"damage_healed":0.0,"max_hp_gain":0.0,"max_hp_loss":0.0,"gold_gain":0.0,"event_name":"The Woman in Blue","player_choice":"Bought 2 Potions","floor":20.0,"gold_loss":0.0,"damage_taken":0.0},{"damage_healed":0.0,"max_hp_gain":0.0,"max_hp_loss":0.0,"gold_gain":0.0,"event_name":"The Mausoleum","player_choice":"Ignored","floor":31.0,"gold_loss":0.0,"damage_taken":0.0},{"cards_removed":["Strike_B"],"damage_healed":0.0,"max_hp_gain":0.0,"max_hp_loss":0.0,"gold_gain":0.0,"event_name":"Falling","player_choice":"Removed Attack","floor":36.0,"gold_loss":0.0,"damage_taken":0.0},{"damage_healed":0.0,"max_hp_gain":0.0,"max_hp_loss":0.0,"gold_gain":0.0,"event_name":"MindBloom","player_choice":"Fight","floor":37.0,"gold_loss":0.0,"damage_taken":0.0},{"damage_healed":0.0,"max_hp_gain":0.0,"max_hp_loss":0.0,"gold_gain":0.0,"event_name":"SensoryStone","player_choice":"Memory 2","floor":38.0,"gold_loss":0.0,"damage_taken":5.0},{"damage_healed":0.0,"max_hp_gain":0.0,"max_hp_loss":0.0,"gold_gain":0.0,"event_name":"Mysterious Sphere","player_choice":"Ignored","floor":46.0,"gold_loss":0.0,"damage_taken":0.0}],"is_beta":false,"boss_relics":[{"not_picked":["Inserter","Busted Crown"],"picked":"Coffee Dripper"},{"not_picked":["Black Star","Velvet Choker"],"picked":"Nuclear Battery"}],"items_purged_floors":[13,39,54],"is_endless":false,"potions_floor_spawned":[4,10,14,16,18,21,25,33,42,44,45],"ascension_level":20}