{"gold_per_floor":[360,6,22,36,49,84,84,84,84,110,110,126,137,170,170,247,247,259,174,191,210,2,34,34,63,63,63,79,94,123,123,123,196,196,215,231,247,24,70,70,100,200,223,223,50,50,75,24,24,24],"floor_reached":51,"playtime":5261,"items_purged":["Shame"],"score":1549,"play_id":"a829728e-2a17-4b56-890a-6786364e37a0","local_time":"20190516225441","is_ascension_mode":true,"campfire_choices":[{"data":"Neutralize","floor":7,"key":"SMITH"},{"data":"Survivor","floor":11,"key":"SMITH"},{"data":"PiercingWail","floor":15,"key":"SMITH"},{"data":"Footwork","floor":24,"key":"SMITH"},{"data":"Noxious Fumes","floor":32,"key":"SMITH"},{"floor":40,"key":"REST"},{"floor":44,"key":"REST"},{"data":"1","floor":49,"key":"LIFT"}],"neow_cost":"CURSE","seed_source_timestamp":377273379964273,"circlet_count":0,"master_deck":["AscendersBane","Defend_G","Defend_G","Defend_G","Defend_G","Defend_G","Strike_G","Strike_G","Survivor+1","Neutralize+1","PiercingWail+1","Cloak And Dagger+1","Flying Knee","Blur+1","Crippling Poison+1","Bouncing Flask+1","Dodge and Roll+1","Terror+1","Malaise+1","Cloak And Dagger+1","Caltrops+1","Corpse Explosion+1","Blade Dance+1","Deflect+1","Footwork+1","Heel Hook","Crippling Poison+1","Blur+1","Deadly Poison+1","Noxious Fumes+1","Adrenaline+1","Blade Dance+1","Catalyst+1","Leg Sweep+1","Bouncing Flask+1","Noxious Fumes+1","Acrobatics+1"],"relics":["Ring of the Snake","Toxic Egg 2","Nunchaku","Meat on the Bone","Gremlin Horn","Ornamental Fan","Astrolabe","Art of War","Anchor","Mango","Orichalcum","PreservedInsect","Dream Catcher","Dodecahedron","Philosopher\u0027s Stone","Chemical X","Girya","Singing Bowl","Du-Vu Doll","Vajra","Boot","Sundial","Bronze Scales"],"potions_floor_usage":[16,16,25,28,33,39,41,50,50],"damage_taken":[{"damage":1,"enemies":"Small Slimes","floor":1,"turns":4},{"damage":2,"enemies":"2 Louse","floor":3,"turns":4},{"damage":0,"enemies":"Cultist","floor":4,"turns":4},{"damage":1,"enemies":"Exordium Wildlife","floor":5,"turns":3},{"damage":19,"enemies":"3 Sentries","floor":6,"turns":10},{"damage":10,"enemies":"Lagavulin","floor":10,"turns":9},{"damage":0,"enemies":"Looter","floor":12,"turns":3},{"damage":5,"enemies":"Blue Slaver","floor":13,"turns":4},{"damage":4,"enemies":"3 Sentries","floor":14,"turns":8},{"damage":2,"enemies":"Hexaghost","floor":16,"turns":8},{"damage":6,"enemies":"Chosen","floor":18,"turns":8},{"damage":1,"enemies":"Spheric Guardian","floor":20,"turns":4},{"damage":4,"enemies":"Snake Plant","floor":21,"turns":4},{"damage":45,"enemies":"Gremlin Leader","floor":23,"turns":7},{"damage":0,"enemies":"Slavers","floor":25,"turns":5},{"damage":10,"enemies":"Snecko","floor":28,"turns":5},{"damage":9,"enemies":"Centurion and Healer","floor":29,"turns":6},{"damage":0,"enemies":"Book of Stabbing","floor":30,"turns":6},{"damage":4,"enemies":"Automaton","floor":33,"turns":11},{"damage":1,"enemies":"3 Shapes","floor":35,"turns":4},{"damage":0,"enemies":"Orb Walker","floor":36,"turns":4},{"damage":8,"enemies":"Maw","floor":37,"turns":7},{"damage":7,"enemies":"2 Orb Walkers","floor":39,"turns":2},{"damage":8,"enemies":"Giant Head","floor":41,"turns":7},{"damage":2,"enemies":"Mind Bloom Boss Battle","floor":42,"turns":6},{"damage":0,"enemies":"Nemesis","floor":47,"turns":5},{"damage":16,"enemies":"Awakened One","floor":50,"turns":13}],"seed_played":"5009318918083582346","potions_obtained":[{"floor":1,"key":"PowerPotion"},{"floor":5,"key":"EssenceOfSteel"},{"floor":10,"key":"SteroidPotion"},{"floor":14,"key":"EntropicBrew"},{"floor":16,"key":"Strength Potion"},{"floor":25,"key":"Ancient Potion"},{"floor":29,"key":"Energy Potion"},{"floor":33,"key":"Ancient Potion"},{"floor":39,"key":"LiquidBronze"},{"floor":47,"key":"LiquidBronze"}],"is_trial":false,"path_per_floor":["M","$","M","M","M","E","R","?","T","E","R","M","M","E","R","B",null,"M","?","M","M","$","E","R","E","T","?","M","M","E","T","R","B",null,"M","M","M","$","?","R","E","?","T","R","$","T","E","$","R","B",null],"character_chosen":"THE_SILENT","items_purchased":["Toxic Egg 2","Anchor","Footwork","Chemical X","Boot","Acrobatics+1"],"campfire_rested":2,"item_purchase_floors":[2,22,22,38,45,48],"current_hp_per_floor":[58,58,56,56,55,36,36,36,36,38,38,38,45,41,41,39,59,53,53,52,48,48,29,29,41,41,80,70,61,61,61,61,57,74,73,73,65,65,58,80,72,70,70,80,80,80,82,82,82,66],"gold":24,"neow_bonus":"TWO_FIFTY_GOLD","is_prod":false,"is_daily":false,"chose_seed":false,"campfire_upgraded":5,"win_rate":0,"timestamp":1558040081,"path_taken":["M","$","M","M","M","E","R","?","T","E","R","M","M","E","R","BOSS","M","?","M","M","$","E","R","E","T","?","?","M","E","?","R","BOSS","M","M","M","$","?","R","E","?","T","R","?","?","E","$","R","BOSS"],"build_version":"2019-01-23","purchased_purges":1,"victory":true,"max_hp_per_floor":[66,66,66,66,66,66,66,66,66,66,66,66,66,66,66,66,66,66,66,66,66,66,80,80,80,80,80,80,80,80,80,80,80,80,80,80,80,80,80,80,80,80,80,80,80,80,82,82,82,82],"card_choices":[{"not_picked":["Expertise","Underhanded Strike"],"picked":"PiercingWail","floor":1},{"not_picked":["Flying Knee","Dagger Throw"],"picked":"Cloak And Dagger+1","floor":3},{"not_picked":["Underhanded Strike","Escape Plan+1"],"picked":"Flying Knee","floor":4},{"not_picked":["Quick Slash","Catalyst+1"],"picked":"Blur+1","floor":5},{"not_picked":["Dagger Throw","Poisoned Stab"],"picked":"Crippling Poison+1","floor":6},{"not_picked":["Acrobatics+1","Prepared+1"],"picked":"Bouncing Flask+1","floor":10},{"not_picked":["Dagger Spray","Prepared+1"],"picked":"Dodge and Roll+1","floor":12},{"not_picked":["Phantasmal Killer+1","Prepared+1"],"picked":"Backstab","floor":13},{"not_picked":["Setup+1","Outmaneuver+1"],"picked":"Terror+1","floor":14},{"not_picked":["Burst+1","Adrenaline+1"],"picked":"Malaise+1","floor":16},{"not_picked":["Backstab+1","Expertise+1"],"picked":"Blade Dance+1","floor":18},{"not_picked":["Terror+1","Flying Knee"],"picked":"Deflect+1","floor":21},{"not_picked":["Backflip+1","Deflect+1"],"picked":"Heel Hook","floor":23},{"not_picked":["Prepared+1","Dagger Throw"],"picked":"Crippling Poison+1","floor":25},{"not_picked":["Sucker Punch","Outmaneuver+1"],"picked":"Blur+1","floor":28},{"not_picked":["A Thousand Cuts","Crippling Poison+1"],"picked":"Deadly Poison+1","floor":29},{"not_picked":["Outmaneuver+1","Well Laid Plans+1"],"picked":"Noxious Fumes","floor":30},{"not_picked":["Storm of Steel+1","Phantasmal Killer+1"],"picked":"Adrenaline+1","floor":33},{"not_picked":["Distraction+1","Slice"],"picked":"Blade Dance+1","floor":36},{"not_picked":["Acrobatics+1","Caltrops"],"picked":"Catalyst+1","floor":39},{"not_picked":["Bane","Deadly Poison+1"],"picked":"Leg Sweep+1","floor":40},{"not_picked":["Eviscerate","Storm of Steel+1"],"picked":"Bouncing Flask+1","floor":41},{"not_picked":["Poisoned Stab","Dagger Spray"],"picked":"Noxious Fumes+1","floor":42},{"not_picked":["Storm of Steel+1","Riddle With Holes+1","Slice"],"picked":"Singing Bowl","floor":47}],"player_experience":901448,"relics_obtained":[{"floor":6,"key":"Nunchaku"},{"floor":9,"key":"Meat on the Bone"},{"floor":10,"key":"Gremlin Horn"},{"floor":14,"key":"Ornamental Fan"},{"floor":23,"key":"Mango"},{"floor":25,"key":"Orichalcum"},{"floor":26,"key":"PreservedInsect"},{"floor":30,"key":"Dream Catcher"},{"floor":31,"key":"Dodecahedron"},{"floor":39,"key":"Girya"},{"floor":41,"key":"Singing Bowl"},{"floor":42,"key":"Du-Vu Doll"},{"floor":43,"key":"Vajra"},{"floor":46,"key":"Sundial"},{"floor":47,"key":"Bronze Scales"}],"event_choices":[{"damage_healed":0,"gold_gain":0,"player_choice":"Ignored","damage_taken":0,"max_hp_gain":0,"max_hp_loss":0,"event_name":"Golden Wing","floor":8,"gold_loss":0},{"damage_healed":0,"gold_gain":0,"player_choice":"Obtained Relic","damage_taken":0,"relics_obtained":["Art of War"],"max_hp_gain":0,"max_hp_loss":0,"event_name":"Addict","floor":19,"gold_loss":85},{"cards_removed":["Backstab"],"damage_healed":39,"gold_gain":0,"player_choice":"Offered Uncommon","damage_taken":0,"max_hp_gain":0,"max_hp_loss":0,"event_name":"Bonfire Elementals","floor":27,"gold_loss":0},{"damage_healed":0,"gold_gain":0,"player_choice":"Fight","damage_taken":0,"max_hp_gain":0,"max_hp_loss":0,"event_name":"Mysterious Sphere","floor":39,"gold_loss":0},{"damage_healed":0,"gold_gain":0,"player_choice":"Fight","damage_taken":0,"max_hp_gain":0,"max_hp_loss":0,"event_name":"MindBloom","floor":42,"gold_loss":0}],"is_beta":false,"boss_relics":[{"not_picked":["HoveringKite","Coffee Dripper"],"picked":"Astrolabe"},{"not_picked":["Velvet Choker","Pandora\u0027s Box"],"picked":"Philosopher\u0027s Stone"}],"items_purged_floors":[2],"is_endless":false,"potions_floor_spawned":[1,5,10,14,16,20,25,29,33,35,39,47],"ascension_level":16}