{"gold_per_floor":[112,125,125,138,138,138,169,169,195,222,242,168,199,217,217,217],"floor_reached":16,"playtime":1014,"items_purged":[],"score":240,"play_id":"fa96a48b-ae3f-4e2c-aeca-d046c4e9f017","local_time":"20190730004139","is_ascension_mode":true,"campfire_choices":[{"floor":6,"key":"REST"},{"floor":8,"key":"REST"},{"floor":15,"key":"REST"}],"neow_cost":"CURSE","seed_source_timestamp":28645926197423,"circlet_count":0,"master_deck":["AscendersBane","Strike_G","Strike_G","Strike_G","Strike_G","Strike_G","Defend_G","Defend_G","Defend_G","Defend_G","Defend_G","Survivor","Neutralize","Clumsy","Dagger Spray","Poisoned Stab","Sucker Punch","Noxious Fumes","Malaise","Calculated Gamble","Deflect"],"relics":["Ring of the Snake","WingedGreaves","Bag of Preparation","Strawberry","Art of War","Bag of Marbles","Oddly Smooth Stone"],"potions_floor_usage":[7,7,10],"damage_taken":[{"damage":4,"enemies":"Small Slimes","floor":1,"turns":4},{"damage":3,"enemies":"2 Louse","floor":2,"turns":3},{"damage":7,"enemies":"Jaw Worm","floor":4,"turns":4},{"damage":38,"enemies":"Lagavulin","floor":7,"turns":6},{"damage":9,"enemies":"3 Sentries","floor":10,"turns":6},{"damage":0,"enemies":"Gremlin Gang","floor":11,"turns":1},{"damage":30,"enemies":"Gremlin Nob","floor":13,"turns":4},{"damage":2,"enemies":"3 Louse","floor":14,"turns":4},{"damage":30,"enemies":"Hexaghost","floor":16,"turns":13}],"seed_played":"-5604323319003343425","potions_obtained":[{"floor":2,"key":"FearPotion"},{"floor":4,"key":"AttackPotion"},{"floor":7,"key":"Block Potion"}],"is_trial":false,"path_per_floor":["M","M","?","M","?","R","E","R","T","E","M","?","E","M","R","B"],"character_chosen":"THE_SILENT","items_purchased":[],"campfire_rested":3,"item_purchase_floors":[],"current_hp_per_floor":[55,52,57,50,32,53,22,45,45,36,36,36,6,4,27,0],"gold":217,"neow_bonus":"ONE_RARE_RELIC","is_prod":false,"is_daily":false,"chose_seed":false,"campfire_upgraded":0,"win_rate":0,"timestamp":1564440099,"path_taken":["M","M","?","M","?","R","E","R","T","E","M","?","E","M","R","BOSS"],"build_version":"2019-07-17","purchased_purges":0,"victory":false,"max_hp_per_floor":[66,66,71,71,71,71,78,78,78,78,78,78,78,78,78,78],"card_choices":[{"not_picked":["Tactician","Setup"],"picked":"Dagger Spray","floor":1},{"not_picked":["Quick Slash","Backflip"],"picked":"Poisoned Stab","floor":2},{"not_picked":["Acrobatics","Eviscerate"],"picked":"Sucker Punch","floor":4},{"not_picked":["Slice","Deflect"],"picked":"Noxious Fumes","floor":7},{"not_picked":["Escape Plan","Acrobatics"],"picked":"Malaise","floor":11},{"not_picked":["Quick Slash","Outmaneuver"],"picked":"Calculated Gamble","floor":13},{"not_picked":["Poisoned Stab","Infinite Blades"],"picked":"Deflect","floor":14}],"player_experience":1333513,"relics_obtained":[{"floor":7,"key":"Strawberry"},{"floor":9,"key":"Art of War"},{"floor":10,"key":"Bag of Marbles"},{"floor":13,"key":"Oddly Smooth Stone"}],"event_choices":[{"damage_healed":0,"gold_gain":0,"player_choice":"Donut","damage_taken":0,"max_hp_gain":5,"max_hp_loss":0,"event_name":"Big Fish","floor":3,"gold_loss":0},{"damage_healed":0,"gold_gain":0,"player_choice":"Success","damage_taken":18,"relics_obtained":["Bag of Preparation"],"max_hp_gain":0,"max_hp_loss":0,"event_name":"Scrap Ooze","floor":5,"gold_loss":0},{"damage_healed":0,"gold_gain":0,"player_choice":"Left Gold","damage_taken":0,"max_hp_gain":0,"max_hp_loss":0,"event_name":"World of Goop","floor":12,"gold_loss":74}],"is_beta":false,"boss_relics":[],"items_purged_floors":[],"is_endless":false,"potions_floor_spawned":[2,4,7],"killed_by":"Hexaghost","ascension_level":20}