{"gold_per_floor":[119,129,39,39,56,56,85,95,95,51,51,64,64,89,89,161,161,179,104,104,65,84,116,116,166,218,251,24,52,71,71,71,148,148,166,91,16,36,36,36,36,36,36,53,82,99,173,188,188,188,188,188,188,88,119,119],"floor_reached":57,"playtime":2967,"items_purged":["Bash","Bludgeon+1"],"score":2837,"play_id":"6d71974b-a299-4a64-b812-7b3494c5a9c0","local_time":"20190623150212","is_ascension_mode":true,"campfire_choices":[{"data":"Armaments","floor":6.0,"key":"SMITH"},{"data":"Evolve","floor":11.0,"key":"SMITH"},{"data":"Shockwave","floor":13.0,"key":"SMITH"},{"data":"Feel No Pain","floor":15.0,"key":"SMITH"},{"floor":24.0,"key":"REST"},{"floor":32,"key":"REST"},{"data":"Dark Embrace","floor":40,"key":"SMITH"},{"data":"Power Through","floor":42,"key":"SMITH"},{"floor":49,"key":"RECALL"},{"data":"Bloodletting","floor":53,"key":"SMITH"}],"neow_cost":"PERCENT_DAMAGE","seed_source_timestamp":89160996656700,"circlet_count":0,"master_deck":["AscendersBane","Defend_R","Defend_R","Defend_R","Defend_R","Armaments+1","Shockwave+1","Feel No Pain+1","Flame Barrier","Evolve+1","Juggernaut","Shrug It Off","Power Through+1","Pommel Strike","Clumsy","Reaper","Second Wind","Body Slam","Dark Embrace+1","Reaper","Body Slam","Flame Barrier+1","Parasite","Seeing Red+1","Spot Weakness","Bloodletting+1","Regret","Offering"],"special_seed":0,"relics":["Burning Blood","Orichalcum","Blue Candle","Incense Burner","Cursed Key","Bronze Scales","Centennial Puzzle","Question Card","Vajra","Red Mask","Runic Cube","Molten Egg 2","Meat on the Bone","Self Forming Clay"],"potions_floor_usage":[41,56,56],"damage_taken":[{"damage":0.0,"enemies":"Cultist","floor":1.0,"turns":3.0},{"damage":7.0,"enemies":"Jaw Worm","floor":2.0,"turns":2.0},{"damage":7.0,"enemies":"Small Slimes","floor":5.0,"turns":3.0},{"damage":10.0,"enemies":"Lagavulin","floor":7.0,"turns":5.0},{"damage":0.0,"enemies":"2 Fungi Beasts","floor":8.0,"turns":5.0},{"damage":5.0,"enemies":"Exordium Wildlife","floor":12.0,"turns":3.0},{"damage":18.0,"enemies":"Gremlin Nob","floor":14.0,"turns":4.0},{"damage":20.0,"enemies":"Slime Boss","floor":16.0,"turns":8.0},{"damage":4.0,"enemies":"3 Byrds","floor":18.0,"turns":5.0},{"damage":17.0,"enemies":"Spheric Guardian","floor":22.0,"turns":6.0},{"damage":49.0,"enemies":"Gremlin Leader","floor":23.0,"turns":10.0},{"damage":18.0,"enemies":"Book of Stabbing","floor":27.0,"turns":6.0},{"damage":27.0,"enemies":"Masked Bandits","floor":29.0,"turns":4.0},{"damage":0,"enemies":"Cultist and Chosen","floor":30,"turns":6},{"damage":0,"enemies":"Champ","floor":33,"turns":11},{"damage":32,"enemies":"3 Darklings","floor":35,"turns":7},{"damage":2,"enemies":"3 Shapes","floor":38,"turns":4},{"damage":6,"enemies":"Reptomancer","floor":41,"turns":2},{"damage":8,"enemies":"Jaw Worm Horde","floor":44,"turns":6},{"damage":19,"enemies":"Nemesis","floor":45,"turns":7},{"damage":10,"enemies":"Transient","floor":46,"turns":6},{"damage":13,"enemies":"Spire Growth","floor":48,"turns":5},{"damage":42,"enemies":"Awakened One","floor":50,"turns":8},{"damage":14,"enemies":"Donu and Deca","floor":51,"turns":11},{"damage":27,"enemies":"Shield and Spear","floor":55,"turns":5},{"damage":60,"enemies":"The Heart","floor":56,"turns":6}],"seed_played":"1762804131317719223","potions_obtained":[{"floor":5.0,"key":"LiquidBronze"},{"floor":7.0,"key":"Energy Potion"},{"floor":12.0,"key":"FearPotion"},{"floor":23.0,"key":"BloodPotion"},{"floor":27.0,"key":"Strength Potion"},{"floor":29.0,"key":"Ancient Potion"},{"floor":35,"key":"SmokeBomb"},{"floor":44,"key":"SkillPotion"},{"floor":48,"key":"Dexterity Potion"}],"is_trial":false,"path_per_floor":["M","M","$","?","M","R","E","M","T","$","R","M","R","E","R","B",null,"M","?","?","$","M","E","R","?","T","E","$","?","M","$","R","B",null,"M","?","$","M","?","R","E","R","T","M","E","M","T","M","R","B","B",null,"R","$","E","B",null],"character_chosen":"IRONCLAD","items_purchased":["Feel No Pain","Evolve","Power Through","Vajra","Strength Potion"],"campfire_rested":2,"item_purchase_floors":[3,10,21,28,28],"current_hp_per_floor":[56,55,55,55,54,54,50,56,56,56,56,57,57,45,45,31,64,66,66,66,66,55,12,34,34,34,29,29,27,33,33,55,67,73,61,61,61,65,65,65,71,71,71,71,71,71,71,64,64,57,71,71,71,71,69,71],"gold":119,"neow_bonus":"TRANSFORM_TWO_CARDS","is_prod":false,"is_daily":false,"chose_seed":false,"campfire_upgraded":7,"win_rate":0,"timestamp":1561269732,"path_taken":["M","M","?","?","M","R","E","M","T","$","R","?","R","E","R","BOSS","M","?","?","?","?","E","R","?","T","E","$","?","M","?","R","BOSS","M","?","$","?","?","R","E","R","T","M","E","M","?","M","R","BOSS","BOSS","R","$","E","BOSS"],"build_version":"2019-01-23","purchased_purges":2,"victory":true,"max_hp_per_floor":[75,75,75,75,75,75,75,75,75,75,75,75,75,75,75,75,75,75,75,75,75,75,75,75,75,75,75,75,75,75,75,75,75,75,75,75,75,75,71,71,71,71,71,71,71,71,71,71,71,71,71,71,71,71,71,71],"card_choices":[{"not_picked":["Sword Boomerang","Iron Wave"],"picked":"Shockwave","floor":1.0},{"not_picked":["Heavy Blade","Clash","Bloodletting"],"picked":"SKIP","floor":2.0},{"not_picked":["Infernal Blade","Iron Wave","Ghostly Armor"],"picked":"SKIP","floor":5.0},{"not_picked":["Wild Strike","Burning Pact"],"picked":"Flame Barrier","floor":7.0},{"not_picked":["Rampage","Rage","Warcry"],"picked":"SKIP","floor":8.0},{"not_picked":["Combust","Ghostly Armor","Intimidate"],"picked":"SKIP","floor":12.0},{"not_picked":["Dropkick","Searing Blow","Havoc"],"picked":"SKIP","floor":14.0},{"not_picked":["Limit Break","Reaper"],"picked":"Juggernaut","floor":16.0},{"not_picked":["Combust","Body Slam"],"picked":"Shrug It Off","floor":18.0},{"not_picked":["Fire Breathing","Warcry","Havoc"],"picked":"SKIP","floor":22.0},{"not_picked":["Hemokinesis","Twin Strike"],"picked":"Pommel Strike","floor":23.0},{"not_picked":["Flame Barrier","Uppercut"],"picked":"Reaper","floor":27.0},{"not_picked":["Sword Boomerang","Thunderclap","Shrug It Off"],"picked":"Second Wind","floor":29.0},{"not_picked":["Flex","Shrug It Off","Headbutt"],"picked":"Body Slam","floor":30},{"not_picked":["Fiend Fire","Demon Form","Juggernaut"],"picked":"Dark Embrace","floor":33},{"not_picked":["Metallicize","Twin Strike+1","Iron Wave+1","Reckless Charge"],"picked":"SKIP","floor":35},{"not_picked":["Havoc+1","Sword Boomerang+1","Clash+1"],"picked":"Flame Barrier+1","floor":38},{"not_picked":["Pummel","Blood for Blood","Iron Wave"],"picked":"Seeing Red+1","floor":44},{"not_picked":["Ghostly Armor","Rage","Impervious"],"picked":"Spot Weakness","floor":45},{"not_picked":["Pommel Strike+1","Evolve","Shockwave"],"picked":"Bloodletting","floor":46},{"not_picked":["Shockwave","Cleave+1","Searing Blow+1","True Grit"],"picked":"SKIP","floor":48},{"not_picked":["Clothesline+1","Cleave+1","Searing Blow+1"],"picked":"Offering","floor":55}],"player_experience":758142,"relics_obtained":[{"floor":7.0,"key":"Orichalcum"},{"floor":9.0,"key":"Blue Candle"},{"floor":14.0,"key":"Incense Burner"},{"floor":23.0,"key":"Bronze Scales"},{"floor":26.0,"key":"Centennial Puzzle"},{"floor":27.0,"key":"Question Card"},{"floor":29.0,"key":"Red Mask"},{"floor":45,"key":"Molten Egg 2"},{"floor":47,"key":"Meat on the Bone"},{"floor":55,"key":"Self Forming Clay"}],"event_choices":[{"damage_healed":0.0,"max_hp_gain":0.0,"max_hp_loss":0.0,"gold_gain":0.0,"event_name":"Upgrade Shrine","player_choice":"Upgraded","floor":4.0,"gold_loss":0.0,"damage_taken":0.0,"cards_upgraded":["Bludgeon"]},{"cards_removed":["Strike_R"],"damage_healed":0.0,"max_hp_gain":0.0,"max_hp_loss":0.0,"gold_gain":0.0,"event_name":"Beggar","player_choice":"Gave Gold","floor":19.0,"gold_loss":75.0,"damage_taken":0.0},{"damage_healed":0.0,"max_hp_gain":0.0,"max_hp_loss":0.0,"gold_gain":0.0,"event_name":"The Mausoleum","player_choice":"Ignored","floor":20.0,"gold_loss":0.0,"damage_taken":0.0},{"damage_healed":0.0,"max_hp_gain":0.0,"max_hp_loss":0.0,"gold_gain":50.0,"event_name":"Nest","player_choice":"Stole From Cult","floor":25.0,"gold_loss":0.0,"damage_taken":0.0},{"damage_healed":0.0,"max_hp_gain":0.0,"max_hp_loss":0.0,"gold_gain":0.0,"event_name":"Masked Bandits","player_choice":"Fought Bandits","floor":29.0,"gold_loss":0.0,"damage_taken":0.0},{"damage_healed":0,"gold_gain":0,"cards_transformed":["Strike_R","Strike_R"],"player_choice":"Transformed Cards","damage_taken":0,"max_hp_gain":0,"max_hp_loss":0,"event_name":"Designer","floor":36,"gold_loss":75,"cards_obtained":["Reaper","Body Slam"]},{"damage_healed":0,"gold_gain":0,"player_choice":"Max HP","damage_taken":0,"max_hp_gain":0,"max_hp_loss":4,"event_name":"Winding Halls","floor":39,"gold_loss":0}],"is_beta":false,"boss_relics":[{"not_picked":["Empty Cage","Lizard Tail"],"picked":"Cursed Key"},{"not_picked":["Black Star","Black Blood"],"picked":"Runic Cube"}],"items_purged_floors":[37,54],"is_endless":false,"potions_floor_spawned":[5,7,12,14,22,23,27,29,35,44,48],"ascension_level":20}