{"gold_per_floor":[20,20,36,1,25,56,56,97,123,138,138,161,201,251,251,251],"floor_reached":16,"playtime":497,"items_purged":[],"score":236,"play_id":"43769f6f-870a-415e-ac2d-896457a1646b","local_time":"20190719153554","is_ascension_mode":true,"campfire_choices":[{"data":"Armaments","floor":7,"key":"SMITH"},{"data":"True Grit","floor":15,"key":"SMITH"}],"neow_cost":"NO_GOLD","seed_source_timestamp":520732058800,"circlet_count":0,"master_deck":["AscendersBane","Strike_R","Strike_R","Strike_R","Strike_R","Strike_R","Defend_R","Defend_R","Defend_R","Defend_R","Bash","Battle Trance","Armaments+1","Anger","True Grit+1","Power Through","Immolate"],"relics":["Burning Blood","Incense Burner","Golden Idol","Centennial Puzzle","Pear","Bag of Marbles","Ancient Tea Set","Juzu Bracelet","Art of War"],"potions_floor_usage":[6,13,16],"damage_taken":[{"damage":4,"enemies":"Small Slimes","floor":1,"turns":4},{"damage":10,"enemies":"Jaw Worm","floor":3,"turns":5},{"damage":34,"enemies":"Lagavulin","floor":6,"turns":8},{"damage":8,"enemies":"Gremlin Nob","floor":8,"turns":3},{"damage":1,"enemies":"2 Louse","floor":10,"turns":2},{"damage":6,"enemies":"Exordium Thugs","floor":12,"turns":4},{"damage":4,"enemies":"Lagavulin","floor":13,"turns":7},{"damage":79,"enemies":"The Guardian","floor":16,"turns":13}],"seed_played":"-5442407812578674033","potions_obtained":[{"floor":3,"key":"Block Potion"},{"floor":6,"key":"Regen Potion"},{"floor":13,"key":"BloodPotion"}],"is_trial":false,"path_per_floor":["M","?","M","?","T","E","R","E","T","M","?","M","E","?","R","B"],"character_chosen":"IRONCLAD","items_purchased":[],"campfire_rested":0,"item_purchase_floors":[],"current_hp_per_floor":[70,44,40,58,58,40,40,38,38,43,32,32,49,41,41,0],"gold":251,"neow_bonus":"ONE_RARE_RELIC","is_prod":false,"is_daily":false,"chose_seed":false,"campfire_upgraded":2,"win_rate":0,"timestamp":1563518154,"path_taken":["M","?","M","?","?","E","R","E","T","M","?","M","E","?","R","BOSS"],"build_version":"2019-07-17","purchased_purges":0,"victory":false,"max_hp_per_floor":[75,75,75,75,75,85,85,85,85,85,85,85,85,85,85,85],"card_choices":[{"not_picked":["Warcry","Intimidate"],"picked":"Battle Trance","floor":1},{"not_picked":["True Grit","Heavy Blade"],"picked":"Armaments","floor":3},{"not_picked":["Armaments","Clash"],"picked":"Anger","floor":6},{"not_picked":["Burning Pact","Clothesline"],"picked":"True Grit","floor":8},{"not_picked":["Twin Strike","Havoc","Perfected Strike"],"picked":"SKIP","floor":10},{"not_picked":["Clothesline","Pummel"],"picked":"Power Through","floor":12},{"not_picked":["Rage","Iron Wave"],"picked":"Immolate","floor":13}],"player_experience":1092901,"relics_obtained":[{"floor":5,"key":"Centennial Puzzle"},{"floor":6,"key":"Pear"},{"floor":8,"key":"Bag of Marbles"},{"floor":9,"key":"Ancient Tea Set"},{"floor":13,"key":"Art of War"}],"event_choices":[{"damage_healed":0,"gold_gain":0,"player_choice":"Take Damage","damage_taken":26,"relics_obtained":["Golden Idol"],"max_hp_gain":0,"max_hp_loss":0,"event_name":"Golden Idol","floor":2,"gold_loss":0},{"damage_healed":18,"gold_gain":0,"player_choice":"Healed","damage_taken":0,"max_hp_gain":0,"max_hp_loss":0,"event_name":"The Cleric","floor":4,"gold_loss":35},{"damage_healed":0,"gold_gain":0,"player_choice":"Success","damage_taken":11,"relics_obtained":["Juzu Bracelet"],"max_hp_gain":0,"max_hp_loss":0,"event_name":"Scrap Ooze","floor":11,"gold_loss":0},{"damage_healed":0,"gold_gain":50,"player_choice":"Touch","damage_taken":8,"max_hp_gain":0,"max_hp_loss":0,"event_name":"FaceTrader","floor":14,"gold_loss":0}],"is_beta":false,"boss_relics":[],"items_purged_floors":[],"is_endless":false,"potions_floor_spawned":[3,6,13],"killed_by":"The Guardian","ascension_level":20}