{"gold_per_floor":[116,116,116,116,135,135,147,147,174,174,191,220,231,258,258,358,358,372,372,372,42,42,42,74,74,74,74,34,46,46,59,59,162,162,180,81,1,21,41,41,61,61,85,130,130,144,158,188,188,188],"floor_reached":50,"playtime":2578,"items_purged":["Pain","Shame"],"score":861,"play_id":"1f400a5d-7e2b-4aaf-a9b8-e56d0f3f1cde","local_time":"20190627121308","is_ascension_mode":true,"campfire_choices":[{"floor":6.0,"key":"REST"},{"data":"Predator","floor":8.0,"key":"SMITH"},{"data":"Survivor","floor":10.0,"key":"SMITH"},{"floor":15.0,"key":"REST"},{"floor":23.0,"key":"REST"},{"floor":25.0,"key":"REST"},{"floor":30.0,"key":"REST"},{"data":"Adrenaline","floor":32.0,"key":"SMITH"},{"floor":40,"key":"REST"},{"floor":42,"key":"REST"},{"data":"Adrenaline","floor":49,"key":"SMITH"}],"neow_cost":"NONE","seed_source_timestamp":1183845485117086,"circlet_count":0,"master_deck":["AscendersBane","Defend_G+1","Defend_G+1","Defend_G+1","Defend_G+1","Defend_G+1","Strike_G+1","Strike_G+1","Strike_G+1","Strike_G+1","Strike_G+1","Survivor+1","Neutralize+1","Dagger Spray+1","Acrobatics","Predator+1","Calculated Gamble","Adrenaline+1","Terror","Backflip","Glass Knife","PiercingWail","Distraction","RitualDagger","Prepared","Underhanded Strike","Unload","Dagger Throw+1","Tactician+1","Expertise","All Out Attack+1","Backstab+1","After Image","All Out Attack+1","Tactician","Dagger Throw","Underhanded Strike+1","Dash+1","Terror+1","Adrenaline+1","Backstab","Expertise","Backstab+1","Underhanded Strike+1","Expertise","Dagger Throw+1","Expertise+1"],"special_seed":0,"relics":["Ring of the Serpent","NeowsBlessing","The Courier","Whetstone","Prayer Wheel","Paper Crane","Omamori","Potion Belt","Bronze Scales","Calling Bell","Regal Pillow","Kunai","Bird Faced Urn","Blood Vial","Du-Vu Doll","Pear"],"potions_floor_usage":[39,44,44,47,47,48,48],"damage_taken":[{"damage":0.0,"enemies":"2 Louse","floor":1.0,"turns":1.0},{"damage":0.0,"enemies":"Small Slimes","floor":5.0,"turns":1.0},{"damage":0.0,"enemies":"Cultist","floor":7.0,"turns":1.0},{"damage":0.0,"enemies":"Blue Slaver","floor":11.0,"turns":3.0},{"damage":5.0,"enemies":"3 Sentries","floor":12.0,"turns":7.0},{"damage":2.0,"enemies":"3 Louse","floor":13.0,"turns":3.0},{"damage":18.0,"enemies":"Gremlin Nob","floor":14.0,"turns":3.0},{"damage":19.0,"enemies":"Hexaghost","floor":16.0,"turns":9.0},{"damage":11.0,"enemies":"2 Thieves","floor":18.0,"turns":4.0},{"damage":34.0,"enemies":"Slavers","floor":24.0,"turns":6.0},{"damage":0.0,"enemies":"Chosen","floor":29.0,"turns":4.0},{"damage":3.0,"enemies":"Snecko","floor":31.0,"turns":4.0},{"damage":66.0,"enemies":"Automaton","floor":33.0,"turns":10.0},{"damage":13.0,"enemies":"3 Shapes","floor":35.0,"turns":5.0},{"damage":0.0,"enemies":"Orb Walker","floor":38.0,"turns":2.0},{"damage":0,"enemies":"Spire Growth","floor":39,"turns":2},{"damage":31,"enemies":"Sphere and 2 Shapes","floor":41,"turns":9},{"damage":4,"enemies":"2 Orb Walkers","floor":44,"turns":4},{"damage":0,"enemies":"3 Darklings","floor":46,"turns":3},{"damage":7,"enemies":"Transient","floor":47,"turns":5},{"damage":0,"enemies":"Giant Head","floor":48,"turns":5},{"damage":98,"enemies":"Time Eater","floor":50,"turns":6}],"seed_played":"3773763567857794794","potions_obtained":[{"floor":5.0,"key":"Weak Potion"},{"floor":7.0,"key":"LiquidBronze"},{"floor":12.0,"key":"Fire Potion"},{"floor":14.0,"key":"LiquidBronze"},{"floor":16.0,"key":"Block Potion"},{"floor":18.0,"key":"EssenceOfSteel"},{"floor":28.0,"key":"Explosive Potion"},{"floor":28.0,"key":"SneckoOil"},{"floor":28.0,"key":"Block Potion"},{"floor":29.0,"key":"FearPotion"},{"floor":33.0,"key":"Weak Potion"},{"floor":38.0,"key":"Strength Potion"},{"floor":44,"key":"GamblersBrew"},{"floor":46,"key":"SteroidPotion"},{"floor":47,"key":"SteroidPotion"}],"is_trial":false,"path_per_floor":["M","?","?","?","M","R","M","R","T","R","M","E","M","E","R","B",null,"M","?","?","$","?","R","E","R","T","?","?","M","R","M","R","B",null,"M","$","$","M","M","R","M","R","T","?","?","M","M","E","R","B"],"character_chosen":"THE_SILENT","items_purchased":["Prepared","Underhanded Strike","Omamori","Unload","PowerPotion"],"campfire_rested":7,"item_purchase_floors":[21,21,21,21,36],"current_hp_per_floor":[63,56,56,56,56,70,70,70,70,70,70,65,63,45,66,47,64,53,53,47,47,47,68,34,55,55,55,55,55,70,67,67,1,53,42,42,42,42,42,70,41,70,70,66,66,70,63,77,77,0],"gold":188,"neow_bonus":"THREE_ENEMY_KILL","is_prod":false,"is_daily":false,"chose_seed":false,"campfire_upgraded":4,"win_rate":0,"timestamp":1561626788,"path_taken":["M","?","?","?","?","R","M","R","T","R","M","E","M","E","R","BOSS","M","?","?","$","?","R","E","R","T","?","?","M","R","M","R","BOSS","M","?","$","M","M","R","M","R","T","?","?","?","M","E","R","BOSS"],"build_version":"2019-01-23","purchased_purges":2,"victory":false,"max_hp_per_floor":[70,70,70,70,70,70,70,70,70,70,70,70,70,70,70,70,70,70,70,70,70,70,70,70,70,70,70,70,70,70,70,70,70,70,70,70,70,70,70,70,70,70,70,70,70,70,70,80,80,80],"card_choices":[{"not_picked":["Flechettes","Setup"],"picked":"Dagger Spray","floor":1.0},{"not_picked":["Deflect","PiercingWail"],"picked":"Acrobatics","floor":5.0},{"not_picked":["Heel Hook","Flechettes"],"picked":"Predator","floor":7.0},{"not_picked":["Sucker Punch","Bane"],"picked":"Calculated Gamble","floor":11.0},{"not_picked":["Dagger Spray","Caltrops"],"picked":"Adrenaline","floor":12.0},{"not_picked":["Flying Knee","Well Laid Plans"],"picked":"Terror","floor":13.0},{"not_picked":["Infinite Blades","Blur"],"picked":"Backflip","floor":13.0},{"not_picked":["Deadly Poison","Endless Agony","Dodge and Roll"],"picked":"SKIP","floor":14.0},{"not_picked":["After Image","Night Terror"],"picked":"Glass Knife","floor":16.0},{"not_picked":["Dodge and Roll","Backflip"],"picked":"Noxious Fumes","floor":18.0},{"not_picked":["Cloak And Dagger","Dagger Throw"],"picked":"Bane","floor":18.0},{"not_picked":["Flying Knee+1","Deadly Poison+1"],"picked":"Dagger Throw+1","floor":24.0},{"not_picked":["Bane","Acrobatics"],"picked":"Tactician+1","floor":29.0},{"not_picked":["Well Laid Plans","Eviscerate"],"picked":"Expertise","floor":29.0},{"not_picked":["Choke","Setup"],"picked":"All Out Attack+1","floor":31.0},{"not_picked":["Quick Slash","Calculated Gamble"],"picked":"Backstab+1","floor":31.0},{"not_picked":["Doppelganger","Glass Knife"],"picked":"After Image","floor":33.0},{"not_picked":["Poisoned Stab","Deflect+1"],"picked":"All Out Attack+1","floor":35.0},{"not_picked":["Dagger Throw+1","Cloak And Dagger+1"],"picked":"Tactician","floor":35.0},{"not_picked":["Noxious Fumes","Outmaneuver+1"],"picked":"Dagger Throw","floor":38.0},{"not_picked":["Cloak And Dagger+1","Slice"],"picked":"Underhanded Strike+1","floor":38.0},{"not_picked":["Sucker Punch","Noxious Fumes"],"picked":"Dash+1","floor":39},{"not_picked":["Dodge and Roll+1","Outmaneuver"],"picked":"Terror+1","floor":39},{"not_picked":["Poisoned Stab","Noxious Fumes"],"picked":"Adrenaline","floor":41},{"not_picked":["Terror+1","Heel Hook+1"],"picked":"Backstab","floor":41},{"not_picked":["Bouncing Flask+1","Leg Sweep+1"],"picked":"Expertise","floor":44},{"not_picked":["Sucker Punch","Bane+1"],"picked":"Backstab+1","floor":46},{"not_picked":["Deflect","Finisher+1"],"picked":"Underhanded Strike+1","floor":46},{"not_picked":["Outmaneuver","Slice"],"picked":"Expertise","floor":47},{"not_picked":["Bullet Time","Dagger Spray+1"],"picked":"Dagger Throw+1","floor":47},{"not_picked":["Eviscerate","Flechettes"],"picked":"Expertise+1","floor":48}],"player_experience":1589976,"relics_obtained":[{"floor":9.0,"key":"Whetstone"},{"floor":12.0,"key":"Prayer Wheel"},{"floor":14.0,"key":"Paper Crane"},{"floor":24.0,"key":"Potion Belt"},{"floor":26.0,"key":"Bronze Scales"},{"floor":34.0,"key":"Regal Pillow"},{"floor":34.0,"key":"Kunai"},{"floor":34.0,"key":"Bird Faced Urn"},{"floor":43,"key":"Blood Vial"},{"floor":44,"key":"Du-Vu Doll"},{"floor":48,"key":"Pear"}],"event_choices":[{"damage_healed":0.0,"max_hp_gain":0.0,"max_hp_loss":0.0,"gold_gain":0.0,"event_name":"Scrap Ooze","player_choice":"Success","floor":2.0,"gold_loss":0.0,"damage_taken":7.0,"relics_obtained":["The Courier"]},{"damage_healed":0.0,"max_hp_gain":0.0,"max_hp_loss":0.0,"gold_gain":0.0,"event_name":"Shining Light","player_choice":"Ignored","floor":3.0,"gold_loss":0.0,"damage_taken":0.0},{"damage_healed":0.0,"max_hp_gain":0.0,"max_hp_loss":0.0,"gold_gain":0.0,"event_name":"Upgrade Shrine","player_choice":"Upgraded","floor":4.0,"gold_loss":0.0,"damage_taken":0.0,"cards_upgraded":["Dagger Spray"]},{"damage_healed":0.0,"max_hp_gain":0.0,"max_hp_loss":0.0,"gold_gain":0.0,"cards_transformed":["Noxious Fumes","Bane"],"event_name":"Drug Dealer","player_choice":"Became Test Subject","floor":19.0,"gold_loss":0.0,"damage_taken":0.0,"cards_obtained":["PiercingWail","Distraction"]},{"damage_healed":0.0,"max_hp_gain":0.0,"max_hp_loss":0.0,"gold_gain":0.0,"event_name":"Nest","player_choice":"Joined the Cult","floor":20.0,"gold_loss":0.0,"damage_taken":6.0,"cards_obtained":["RitualDagger"]},{"damage_healed":0.0,"max_hp_gain":0.0,"max_hp_loss":0.0,"gold_gain":0.0,"event_name":"Back to Basics","player_choice":"Simplicity","floor":22.0,"gold_loss":0.0,"damage_taken":0.0,"cards_upgraded":["Defend_G","Defend_G","Defend_G","Defend_G","Defend_G","Strike_G","Strike_G","Strike_G","Strike_G"]},{"damage_healed":0.0,"max_hp_gain":0.0,"max_hp_loss":0.0,"gold_gain":0.0,"event_name":"Forgotten Altar","player_choice":"Smashed Altar","floor":27.0,"gold_loss":0.0,"damage_taken":0.0,"cards_obtained":["Decay"]},{"damage_healed":0.0,"max_hp_gain":0.0,"max_hp_loss":0.0,"gold_gain":0.0,"event_name":"The Woman in Blue","player_choice":"Bought 3 Potions","floor":28.0,"gold_loss":0.0,"damage_taken":0.0},{"damage_healed":0,"gold_gain":0,"player_choice":"Fight","damage_taken":0,"max_hp_gain":0,"max_hp_loss":0,"event_name":"Mysterious Sphere","floor":44,"gold_loss":0},{"damage_healed":0,"gold_gain":0,"player_choice":"Ignored","damage_taken":0,"max_hp_gain":0,"max_hp_loss":0,"event_name":"Purifier","floor":45,"gold_loss":0}],"is_beta":false,"boss_relics":[{"not_picked":["Snecko Eye","Busted Crown"],"picked":"Ring of the Serpent"},{"not_picked":["Runic Pyramid","WristBlade"],"picked":"Calling Bell"}],"items_purged_floors":[36,37],"is_endless":false,"potions_floor_spawned":[5,7,12,14,16,18,29,33,38,44,46,47],"killed_by":"Time Eater","ascension_level":11}