{"gold_per_floor":[113,113,38,50,50,50,64,64,143,176,176,205,223,223,223,302,302,318,318,318,218,234,234,252,252,252,47,81,98,113,28,28,100,100,119,119,132,142,142,169,179,208,255,255,281,46,56,66,66,66,66,66,66,11,42,42],"floor_reached":57,"playtime":3445,"items_purged":["Strike_G","Pain"],"score":2815,"play_id":"ec522053-32db-41f8-9cc6-af704835226f","local_time":"20190713214436","is_ascension_mode":true,"campfire_choices":[{"data":"Dagger Spray","floor":6.0,"key":"SMITH"},{"data":"Neutralize","floor":8.0,"key":"SMITH"},{"data":"Predator","floor":11.0,"key":"SMITH"},{"data":"Backflip","floor":15.0,"key":"SMITH"},{"data":"Cloak And Dagger","floor":23.0,"key":"SMITH"},{"data":"Adrenaline","floor":25.0,"key":"SMITH"},{"data":"Footwork","floor":32.0,"key":"SMITH"},{"data":"A Thousand Cuts","floor":44.0,"key":"SMITH"},{"floor":49.0,"key":"RECALL"},{"data":"Night Terror","floor":53.0,"key":"SMITH"}],"neow_cost":"NONE","seed_source_timestamp":67955640852000,"circlet_count":0,"master_deck":["AscendersBane","Defend_G","Defend_G","Defend_G","Defend_G","Survivor","Neutralize+1","Masterful Stab","Predator+1","Dagger Spray+1","Caltrops","Well Laid Plans","Calculated Gamble","Backflip+1","Burst","Adrenaline+1","Heel Hook+1","Cloak And Dagger+1","Cloak And Dagger+1","Footwork+1","PiercingWail","Night Terror+1","Blade Dance+1","A Thousand Cuts+1","Blade Dance+1","Backflip","Well Laid Plans+1","Noxious Fumes+1","Dodge and Roll+1","Escape Plan","PiercingWail+1","Deflect"],"special_seed":0,"relics":["Orrery","Turnip","Ornamental Fan","Letter Opener","Shuriken","Empty Cage","WarpedTongs","Gambling Chip","PreservedInsect","Orichalcum","Paper Crane","Coffee Dripper","Frozen Egg 2","Ninja Scroll","Meat on the Bone","Centennial Puzzle","Mango"],"potions_floor_usage":[56,56],"damage_taken":[{"damage":7.0,"enemies":"Jaw Worm","floor":1.0,"turns":3.0},{"damage":0.0,"enemies":"Cultist","floor":4.0,"turns":3.0},{"damage":2.0,"enemies":"Small Slimes","floor":7.0,"turns":4.0},{"damage":2.0,"enemies":"Gremlin Nob","floor":10.0,"turns":3.0},{"damage":7.0,"enemies":"Lagavulin","floor":12.0,"turns":7.0},{"damage":6.0,"enemies":"Looter","floor":13.0,"turns":3.0},{"damage":1.0,"enemies":"The Guardian","floor":16.0,"turns":12.0},{"damage":0.0,"enemies":"Shell Parasite","floor":18.0,"turns":7.0},{"damage":0.0,"enemies":"Spheric Guardian","floor":22.0,"turns":3.0},{"damage":19.0,"enemies":"Snake Plant","floor":24.0,"turns":4.0},{"damage":0.0,"enemies":"Book of Stabbing","floor":28.0,"turns":3.0},{"damage":0.0,"enemies":"Centurion and Healer","floor":29.0,"turns":6.0},{"damage":0.0,"enemies":"Snecko","floor":30.0,"turns":4.0},{"damage":15.0,"enemies":"Champ","floor":33.0,"turns":11.0},{"damage":0.0,"enemies":"Orb Walker","floor":35.0,"turns":2.0},{"damage":0.0,"enemies":"3 Shapes","floor":37.0,"turns":4.0},{"damage":0.0,"enemies":"Sphere and 2 Shapes","floor":38.0,"turns":2.0},{"damage":9.0,"enemies":"Giant Head","floor":40.0,"turns":5.0},{"damage":12.0,"enemies":"Maw","floor":41.0,"turns":8.0},{"damage":21.0,"enemies":"Nemesis","floor":42.0,"turns":7.0},{"damage":0.0,"enemies":"Giant Head","floor":45.0,"turns":5.0},{"damage":0.0,"enemies":"4 Shapes","floor":47.0,"turns":1.0},{"damage":1.0,"enemies":"Sphere and 2 Shapes","floor":48.0,"turns":2.0},{"damage":35.0,"enemies":"Time Eater","floor":50.0,"turns":14.0},{"damage":10.0,"enemies":"Donu and Deca","floor":51.0,"turns":8.0},{"damage":32.0,"enemies":"Shield and Spear","floor":55.0,"turns":8.0},{"damage":38,"enemies":"The Heart","floor":56,"turns":10}],"seed_played":"3249905089686117721","potions_obtained":[{"floor":4.0,"key":"SteroidPotion"},{"floor":7.0,"key":"LiquidBronze"},{"floor":12.0,"key":"Fire Potion"},{"floor":16.0,"key":"Dexterity Potion"},{"floor":33.0,"key":"Swift Potion"},{"floor":35.0,"key":"GhostInAJar"},{"floor":40.0,"key":"Poison Potion"},{"floor":42.0,"key":"SkillPotion"}],"is_trial":false,"path_per_floor":["M","?","$","M","?","R","M","R","T","E","R","E","M","?","R","B",null,"M","?","?","$","M","R","M","R","T","$","E","M","M","?","R","B",null,"M","?","M","M","?","E","M","E","T","R","E","$","M","M","R","B","B",null,"R","$","E","B",null],"character_chosen":"THE_SILENT","items_purchased":["Footwork","PreservedInsect","Centennial Puzzle","Escape Plan","Strength Potion"],"campfire_rested":0,"item_purchase_floors":[27,27,46,46,54],"current_hp_per_floor":[52,45,45,45,45,45,43,43,43,41,41,34,28,28,28,27,56,56,56,56,56,56,56,37,37,37,37,37,37,37,37,37,22,55,55,55,55,55,55,46,34,13,13,13,13,13,25,36,36,13,15,53,53,53,47,21],"gold":42,"neow_bonus":"BOSS_RELIC","is_prod":false,"is_daily":false,"chose_seed":false,"campfire_upgraded":9,"win_rate":0,"timestamp":1563021876,"path_taken":["M","?","$","M","?","R","M","R","T","E","R","E","?","?","R","BOSS","M","?","?","$","?","R","M","R","T","$","E","M","M","?","R","BOSS","M","?","M","M","?","E","?","E","T","R","E","$","M","M","R","BOSS","BOSS","R","$","E","BOSS"],"build_version":"2019-07-05","purchased_purges":2,"victory":true,"max_hp_per_floor":[66,66,66,66,66,66,66,66,66,66,66,66,66,66,66,66,66,66,66,66,66,66,66,66,66,66,66,66,66,66,66,66,66,66,66,66,66,66,66,66,66,66,66,66,66,66,66,66,66,66,66,66,66,66,80,80],"card_choices":[{"not_picked":["Cloak And Dagger","Dagger Throw"],"picked":"Masterful Stab","floor":0.0},{"not_picked":["Deflect","Flechettes"],"picked":"Predator","floor":0.0},{"not_picked":["Bane","Deflect"],"picked":"Dagger Spray","floor":1.0},{"not_picked":["Dagger Throw","Slice"],"picked":"Deflect","floor":4.0},{"not_picked":["Flying Knee","Riddle With Holes"],"picked":"Caltrops","floor":7.0},{"not_picked":["Underhanded Strike","Flying Knee"],"picked":"Well Laid Plans","floor":10.0},{"not_picked":["Well Laid Plans","Caltrops"],"picked":"Calculated Gamble","floor":12.0},{"not_picked":["Quick Slash","Flying Knee"],"picked":"Backflip","floor":13.0},{"not_picked":["Bullet Time","Night Terror"],"picked":"Adrenaline","floor":16.0},{"not_picked":["Quick Slash","Leg Sweep"],"picked":"Heel Hook+1","floor":18.0},{"not_picked":["Acrobatics","Concentrate"],"picked":"Cloak And Dagger","floor":22.0},{"not_picked":["Dodge and Roll","Bouncing Flask"],"picked":"Cloak And Dagger+1","floor":24.0},{"not_picked":["All Out Attack+1","Dash"],"picked":"PiercingWail","floor":28.0},{"not_picked":["Choke","Underhanded Strike"],"picked":"Night Terror","floor":29.0},{"not_picked":["All Out Attack","Dagger Throw"],"picked":"Blade Dance+1","floor":30.0},{"not_picked":["Corpse Explosion","Burst"],"picked":"A Thousand Cuts","floor":33.0},{"not_picked":["Poisoned Stab","Bane"],"picked":"Blade Dance+1","floor":35.0},{"not_picked":["Predator","Underhanded Strike","Dash"],"picked":"SKIP","floor":37.0},{"not_picked":["Flying Knee","Bouncing Flask","Infinite Blades"],"picked":"SKIP","floor":38.0},{"not_picked":["All Out Attack","Caltrops"],"picked":"Backflip","floor":40.0},{"not_picked":["Skewer","Finisher"],"picked":"Well Laid Plans+1","floor":41.0},{"not_picked":["Bouncing Flask","Predator"],"picked":"Noxious Fumes+1","floor":42.0},{"not_picked":["Deflect","Crippling Poison"],"picked":"Dodge and Roll+1","floor":45.0},{"not_picked":["Backstab","All Out Attack"],"picked":"PiercingWail+1","floor":47.0},{"not_picked":["Outmaneuver","Doppelganger","Prepared"],"picked":"SKIP","floor":48.0},{"not_picked":["Prepared+1","Outmaneuver"],"picked":"Deflect","floor":55.0}],"player_experience":1014280,"relics_obtained":[{"floor":9.0,"key":"Ornamental Fan"},{"floor":10.0,"key":"Letter Opener"},{"floor":12.0,"key":"Shuriken"},{"floor":26.0,"key":"Gambling Chip"},{"floor":28.0,"key":"Orichalcum"},{"floor":40.0,"key":"Frozen Egg 2"},{"floor":42.0,"key":"Ninja Scroll"},{"floor":45.0,"key":"Meat on the Bone"},{"floor":55.0,"key":"Mango"}],"event_choices":[{"cards_removed":["Strike_G"],"damage_healed":0.0,"max_hp_gain":0.0,"max_hp_loss":0.0,"gold_gain":0.0,"event_name":"Golden Wing","player_choice":"Card Removal","floor":2.0,"gold_loss":0.0,"damage_taken":7.0},{"cards_removed":["Deflect"],"damage_healed":0.0,"max_hp_gain":0.0,"max_hp_loss":0.0,"gold_gain":0.0,"event_name":"WeMeetAgain","player_choice":"Gave Card","floor":5.0,"gold_loss":0.0,"damage_taken":0.0,"relics_obtained":["Turnip"]},{"damage_healed":0.0,"max_hp_gain":0.0,"max_hp_loss":0.0,"gold_gain":0.0,"cards_transformed":["Strike_G"],"event_name":"Living Wall","player_choice":"Change","floor":14.0,"gold_loss":0.0,"damage_taken":0.0,"cards_obtained":["Burst"]},{"damage_healed":0.0,"max_hp_gain":0.0,"max_hp_loss":0.0,"gold_gain":0.0,"event_name":"Ghosts","player_choice":"Ignored","floor":19.0,"gold_loss":0.0,"damage_taken":0.0},{"damage_healed":0.0,"max_hp_gain":0.0,"max_hp_loss":0.0,"gold_gain":0.0,"event_name":"Accursed Blacksmith","player_choice":"Rummage","floor":20.0,"gold_loss":0.0,"damage_taken":0.0,"relics_obtained":["WarpedTongs"],"cards_obtained":["Pain"]},{"damage_healed":0.0,"max_hp_gain":0.0,"max_hp_loss":0.0,"gold_gain":0.0,"event_name":"Addict","player_choice":"Obtained Relic","floor":31.0,"gold_loss":85.0,"damage_taken":0.0,"relics_obtained":["Paper Crane"]},{"damage_healed":0.0,"max_hp_gain":0.0,"max_hp_loss":0.0,"gold_gain":0.0,"event_name":"Tomb of Lord Red Mask","player_choice":"Ignored","floor":36.0,"gold_loss":0.0,"damage_taken":0.0},{"cards_removed":["Strike_G"],"damage_healed":0.0,"max_hp_gain":0.0,"max_hp_loss":0.0,"gold_gain":0.0,"event_name":"Purifier","player_choice":"Purged","floor":39.0,"gold_loss":0.0,"damage_taken":0.0}],"is_beta":false,"boss_relics":[{"not_picked":["Ectoplasm","Cursed Key"],"picked":"Empty Cage"},{"not_picked":["HoveringKite","Calling Bell"],"picked":"Coffee Dripper"}],"items_purged_floors":[3,21],"is_endless":false,"potions_floor_spawned":[4,7,12,16,28,30,33,35,40,42],"ascension_level":20}