{"gold_per_floor":[12,12,36,50,66,105,105,255,255,255,46,81,105,128,128,221,221,245,229,229,229],"floor_reached":21,"playtime":2034,"items_purged":["Doubt"],"score":372,"play_id":"4e7e4402-1019-440b-9192-bb96ec12aace","local_time":"20190519234611","is_ascension_mode":true,"campfire_choices":[{"floor":7.0,"key":"REST"},{"floor":10.0,"key":"REST"},{"data":"Leg Sweep","floor":15.0,"key":"SMITH"}],"neow_cost":"NO_GOLD","seed_source_timestamp":0,"circlet_count":0,"master_deck":["AscendersBane","Defend_G","Defend_G","Defend_G","Defend_G","Defend_G","Strike_G","Strike_G","Strike_G","Strike_G","Survivor","Neutralize","Purity","Panacea","PiercingWail","All Out Attack","Poisoned Stab","Adrenaline","Leg Sweep+1","Poisoned Stab","Deadly Poison","Noxious Fumes","Adrenaline","Dash","Crippling Poison"],"special_seed":0,"relics":["Ring of the Snake","Golden Idol","Bag of Marbles","Sundial","Gambling Chip","Empty Cage"],"potions_floor_usage":[20],"damage_taken":[{"damage":6.0,"enemies":"2 Louse","floor":1.0,"turns":4.0},{"damage":11.0,"enemies":"Jaw Worm","floor":3.0,"turns":5.0},{"damage":6.0,"enemies":"Cultist","floor":4.0,"turns":4.0},{"damage":9.0,"enemies":"Blue Slaver","floor":5.0,"turns":5.0},{"damage":25.0,"enemies":"Gremlin Nob","floor":6.0,"turns":5.0},{"damage":10.0,"enemies":"Lagavulin","floor":12.0,"turns":5.0},{"damage":0.0,"enemies":"Red Slaver","floor":13.0,"turns":3.0},{"damage":1.0,"enemies":"Looter","floor":14.0,"turns":3.0},{"damage":15.0,"enemies":"The Guardian","floor":16.0,"turns":10.0},{"damage":1,"enemies":"Spheric Guardian","floor":18,"turns":3},{"damage":25,"enemies":"2 Thieves","floor":19,"turns":4},{"damage":7,"enemies":"Colosseum Slavers","floor":20,"turns":6},{"damage":22,"enemies":"Centurion and Healer","floor":21,"turns":3}],"seed_played":"-5905381290992827284","potions_obtained":[{"floor":5.0,"key":"Weak Potion"},{"floor":12.0,"key":"SteroidPotion"},{"floor":16.0,"key":"Ancient Potion"},{"floor":19,"key":"Block Potion"}],"is_trial":false,"path_per_floor":["M","?","M","M","M","E","R","?","T","R","$","E","M","M","R","B",null,"M","M","?","M"],"character_chosen":"THE_SILENT","items_purchased":["Leg Sweep","Strength Potion"],"campfire_rested":2,"item_purchase_floors":[11,11],"current_hp_per_floor":[53,53,42,36,27,2,21,21,21,40,40,30,30,29,29,14,53,52,27,20,0],"gold":229,"neow_bonus":"RANDOM_COLORLESS_2","is_prod":false,"is_daily":false,"chose_seed":false,"campfire_upgraded":1,"win_rate":0,"timestamp":1558302371,"path_taken":["M","?","M","M","M","E","R","?","T","R","$","E","M","M","R","BOSS","M","M","?","M"],"build_version":"2019-01-23","purchased_purges":1,"victory":false,"max_hp_per_floor":[66,66,66,66,66,66,66,66,66,66,66,66,66,66,66,66,66,66,66,66,66],"card_choices":[{"not_picked":["Deadly Poison","Distraction"],"picked":"PiercingWail","floor":1.0},{"not_picked":["Infinite Blades","Prepared"],"picked":"All Out Attack","floor":3.0},{"not_picked":["Backflip","Masterful Stab"],"picked":"Poisoned Stab","floor":5.0},{"not_picked":["Sucker Punch","Deadly Poison"],"picked":"Adrenaline","floor":6.0},{"not_picked":["Slice","Prepared"],"picked":"Poisoned Stab","floor":12.0},{"not_picked":["Underhanded Strike","Backstab"],"picked":"Deadly Poison","floor":13.0},{"not_picked":["Terror","Prepared"],"picked":"Noxious Fumes","floor":14.0},{"not_picked":["Envenom","Doppelganger"],"picked":"Adrenaline","floor":16.0},{"not_picked":["Dagger Spray","Quick Slash"],"picked":"Dash","floor":18},{"not_picked":["Underhanded Strike","Noxious Fumes+1"],"picked":"Crippling Poison","floor":19}],"player_experience":926498,"relics_obtained":[{"floor":6.0,"key":"Bag of Marbles"},{"floor":9.0,"key":"Sundial"},{"floor":12.0,"key":"Gambling Chip"}],"event_choices":[{"damage_healed":0.0,"max_hp_gain":0.0,"max_hp_loss":0.0,"gold_gain":0.0,"event_name":"Golden Idol","player_choice":"Take Wound","floor":2.0,"gold_loss":0.0,"damage_taken":0.0,"relics_obtained":["Golden Idol"],"cards_obtained":["Injury"]},{"damage_healed":0.0,"max_hp_gain":0.0,"max_hp_loss":0.0,"gold_gain":150.0,"event_name":"Liars Game","player_choice":"AGREE","floor":8.0,"gold_loss":0.0,"damage_taken":0.0,"cards_obtained":["Doubt"]},{"damage_healed":0,"gold_gain":0,"player_choice":"Fight","damage_taken":0,"max_hp_gain":0,"max_hp_loss":0,"event_name":"Colosseum","floor":20,"gold_loss":0},{"damage_healed":0,"gold_gain":0,"player_choice":"Fled From Nobs","damage_taken":0,"max_hp_gain":0,"max_hp_loss":0,"event_name":"Colosseum","floor":20,"gold_loss":0}],"is_beta":false,"boss_relics":[{"not_picked":["Snecko Eye","Coffee Dripper"],"picked":"Empty Cage"}],"items_purged_floors":[11],"is_endless":false,"potions_floor_spawned":[5,12,16,19],"killed_by":"Centurion and Healer","ascension_level":19}