{"gold_per_floor":[409,369,47,58,77,77,25,25,93,93,127,145,145,164,164,266,266,279,290,310,11,11,11,11,46,46,62,62,16,16,16,16,119,119,136,181,198,198,209,209,228,56,56,56,56,156,156,191,191,191],"floor_reached":51,"playtime":3240,"items_purged":[],"score":926,"play_id":"24ecf1e3-dd72-4d92-853e-fa20615e9c03","local_time":"20190605190953","is_ascension_mode":true,"campfire_choices":[{"data":"Infinite Blades","floor":6.0,"key":"SMITH"},{"floor":8.0,"key":"REST"},{"data":"Cloak And Dagger","floor":15.0,"key":"SMITH"},{"floor":23,"key":"REST"},{"floor":30,"key":"REST"},{"data":"Cloak And Dagger","floor":32,"key":"SMITH"},{"data":"Accuracy","floor":40,"key":"SMITH"},{"data":"Infinite Blades","floor":44,"key":"SMITH"},{"data":"A Thousand Cuts","floor":47,"key":"SMITH"},{"data":"After Image","floor":49,"key":"SMITH"}],"neow_cost":"PERCENT_DAMAGE","seed_source_timestamp":877663883346243,"circlet_count":0,"master_deck":["Defend_G","Defend_G","Defend_G","Defend_G","Defend_G","Strike_G","Strike_G","Strike_G","Strike_G","Strike_G","Survivor","Slice","Accuracy+1","Backflip","Infinite Blades+1","Heel Hook","Cloak And Dagger+1","After Image+1","Infinite Blades+1","Slice","Footwork","After Image","Escape Plan+1","Blade Dance","Dramatic Entrance","Blade Dance+1","Leg Sweep","Cloak And Dagger+1","Cloak And Dagger","Accuracy+1","Wraith Form v2","Calculated Gamble+1","Heel Hook","Blade Dance+1","Writhe","Endless Agony","Escape Plan","Blade Dance","Accuracy","A Thousand Cuts+1","Slice+1"],"special_seed":0,"relics":["Ring of the Snake","Old Coin","Kunai","Meat on the Bone","Pantograph","Dream Catcher","Orrery","ClockworkSouvenir","Shuriken","Anchor","MutagenicStrength","Tingsha","Ancient Tea Set","Turnip","Ice Cream"],"potions_floor_usage":[25,36,36,48,48,50],"damage_taken":[{"damage":0.0,"enemies":"Small Slimes","floor":1.0,"turns":3.0},{"damage":0.0,"enemies":"Cultist","floor":4.0,"turns":4.0},{"damage":0.0,"enemies":"Jaw Worm","floor":5.0,"turns":4.0},{"damage":17.0,"enemies":"Lagavulin","floor":11.0,"turns":8.0},{"damage":19.0,"enemies":"Exordium Thugs","floor":12.0,"turns":5.0},{"damage":13.0,"enemies":"Large Slime","floor":14.0,"turns":7.0},{"damage":12.0,"enemies":"Slime Boss","floor":16.0,"turns":10.0},{"damage":25.0,"enemies":"2 Thieves","floor":18.0,"turns":4.0},{"damage":14,"enemies":"Shell Parasite","floor":19,"turns":4},{"damage":22,"enemies":"Snake Plant","floor":20,"turns":8},{"damage":43,"enemies":"Slavers","floor":25,"turns":5},{"damage":3,"enemies":"Centurion and Healer","floor":27,"turns":6},{"damage":13,"enemies":"Collector","floor":33,"turns":7},{"damage":11,"enemies":"3 Darklings","floor":35,"turns":6},{"damage":10,"enemies":"2 Orb Walkers","floor":36,"turns":5},{"damage":0,"enemies":"3 Shapes","floor":37,"turns":4},{"damage":5,"enemies":"Maw","floor":39,"turns":7},{"damage":2,"enemies":"Spire Growth","floor":41,"turns":4},{"damage":0,"enemies":"Mind Bloom Boss Battle","floor":46,"turns":3},{"damage":5,"enemies":"Nemesis","floor":48,"turns":5},{"damage":68,"enemies":"Awakened One","floor":50,"turns":9}],"seed_played":"-8214506337733226726","potions_obtained":[{"floor":2.0,"key":"Strength Potion"},{"floor":2.0,"key":"Swift Potion"},{"floor":2.0,"key":"SkillPotion"},{"floor":12.0,"key":"SteroidPotion"},{"floor":16.0,"key":"Regen Potion"},{"floor":19,"key":"SteroidPotion"},{"floor":20,"key":"PowerPotion"},{"floor":33,"key":"PowerPotion"},{"floor":36,"key":"Ancient Potion"},{"floor":46,"key":"Block Potion"}],"is_trial":false,"path_per_floor":["M","?","$","M","M","R","?","R","T","$","E","M","?","M","R","B",null,"M","M","M","$","?","R","?","E","T","M","?","$","R","?","R","B",null,"M","?","M","?","M","R","M","$","T","R","?","?","R","E","R","B",null],"character_chosen":"THE_SILENT","items_purchased":["Kunai","Accuracy","ClockworkSouvenir","Dramatic Entrance","Cloak And Dagger","Blade Dance","Accuracy","SkillPotion"],"campfire_rested":3,"item_purchase_floors":[3,3,21,21,29,42,42,42],"current_hp_per_floor":[49,49,49,49,49,49,49,70,70,70,53,46,46,45,45,58,67,51,37,27,27,27,48,48,17,17,26,26,26,47,47,47,57,67,56,46,46,64,59,59,57,57,57,57,57,70,70,65,65,14],"gold":191,"neow_bonus":"ONE_RARE_RELIC","is_prod":false,"is_daily":false,"chose_seed":false,"campfire_upgraded":7,"win_rate":0,"timestamp":1559750993,"path_taken":["M","?","$","M","?","R","?","R","T","?","E","M","?","M","R","BOSS","M","M","?","$","?","R","?","E","T","M","?","?","R","?","R","BOSS","M","?","M","?","?","R","M","$","T","R","?","?","R","E","R","BOSS"],"build_version":"2019-01-23","purchased_purges":0,"victory":true,"max_hp_per_floor":[70,70,70,70,70,70,70,70,70,70,70,70,70,70,70,70,70,70,70,70,70,70,70,70,70,70,70,70,70,70,70,70,70,70,70,70,70,70,70,70,70,70,70,70,70,70,70,70,70,70],"card_choices":[{"not_picked":["Dagger Throw","Accuracy"],"picked":"Slice","floor":1.0},{"not_picked":["Acrobatics","Unload"],"picked":"Backflip","floor":4.0},{"not_picked":["Dagger Throw","Slice"],"picked":"Infinite Blades","floor":5.0},{"not_picked":["Sucker Punch","Well Laid Plans"],"picked":"Heel Hook","floor":11.0},{"not_picked":["Quick Slash","Deflect","Underhanded Strike"],"picked":"SKIP","floor":12.0},{"not_picked":["Finisher","Quick Slash"],"picked":"Cloak And Dagger","floor":14.0},{"not_picked":["Grand Finale","Venomology"],"picked":"After Image","floor":16.0},{"not_picked":["Cloak And Dagger","Bane"],"picked":"Infinite Blades","floor":17.0},{"not_picked":["Sucker Punch","Outmaneuver"],"picked":"Slice","floor":17.0},{"not_picked":["Eviscerate","Acrobatics"],"picked":"Footwork","floor":17.0},{"not_picked":["Dodge and Roll","Escape Plan"],"picked":"After Image","floor":18.0},{"not_picked":["Deflect+1","Expertise"],"picked":"Escape Plan+1","floor":19},{"not_picked":["Concentrate+1","Deadly Poison"],"picked":"Blade Dance","floor":20},{"not_picked":["Sucker Punch","Dagger Throw"],"picked":"Blade Dance+1","floor":23},{"not_picked":["Dagger Spray","Setup+1"],"picked":"Leg Sweep","floor":25},{"not_picked":["Escape Plan","Finisher"],"picked":"Cloak And Dagger","floor":27},{"not_picked":["Flying Knee+1","Slice"],"picked":"Accuracy","floor":30},{"not_picked":["Burst","Night Terror"],"picked":"Wraith Form v2","floor":33},{"not_picked":["Outmaneuver+1","Deadly Poison+1"],"picked":"Calculated Gamble+1","floor":35},{"not_picked":["Quick Slash","Finisher"],"picked":"Heel Hook","floor":36},{"not_picked":["Sucker Punch","Dodge and Roll+1"],"picked":"Blade Dance+1","floor":37},{"not_picked":["Reflex+1","Quick Slash"],"picked":"Endless Agony","floor":39},{"not_picked":["Reflex+1","Dodge and Roll+1"],"picked":"Escape Plan","floor":41},{"not_picked":["Bane+1","Distraction"],"picked":"A Thousand Cuts","floor":46},{"not_picked":["PiercingWail+1","Sucker Punch"],"picked":"Slice+1","floor":48}],"player_experience":1460438,"relics_obtained":[{"floor":9.0,"key":"Pantograph"},{"floor":11.0,"key":"Dream Catcher"},{"floor":25,"key":"Shuriken"},{"floor":26,"key":"Anchor"},{"floor":36,"key":"Tingsha"},{"floor":43,"key":"Ancient Tea Set"},{"floor":46,"key":"Turnip"},{"floor":48,"key":"Ice Cream"}],"event_choices":[{"damage_healed":0.0,"max_hp_gain":0.0,"max_hp_loss":0.0,"gold_gain":0.0,"event_name":"The Woman in Blue","player_choice":"Bought 3 Potions","floor":2.0,"gold_loss":0.0,"damage_taken":0.0},{"damage_healed":0.0,"max_hp_gain":0.0,"max_hp_loss":0.0,"gold_gain":0.0,"event_name":"WeMeetAgain","player_choice":"Paid Gold","floor":7.0,"gold_loss":52.0,"damage_taken":0.0,"relics_obtained":["Meat on the Bone"]},{"damage_healed":0.0,"max_hp_gain":0.0,"max_hp_loss":0.0,"gold_gain":0.0,"event_name":"Upgrade Shrine","player_choice":"Upgraded","floor":13.0,"gold_loss":0.0,"damage_taken":0.0,"cards_upgraded":["Accuracy"]},{"damage_healed":0,"gold_gain":0,"player_choice":"Ignored","damage_taken":0,"max_hp_gain":0,"max_hp_loss":0,"event_name":"Cursed Tome","floor":22,"gold_loss":0},{"damage_healed":0,"gold_gain":0,"player_choice":"Smashed Altar","damage_taken":0,"max_hp_gain":0,"max_hp_loss":0,"event_name":"Forgotten Altar","floor":24,"gold_loss":0,"cards_obtained":["Decay"]},{"cards_removed":["Decay"],"damage_healed":0,"gold_gain":0,"player_choice":"Elegance","damage_taken":0,"max_hp_gain":0,"max_hp_loss":0,"event_name":"Back to Basics","floor":28,"gold_loss":0},{"damage_healed":0,"gold_gain":0,"player_choice":"Inject Mutagens","damage_taken":0,"relics_obtained":["MutagenicStrength"],"max_hp_gain":0,"max_hp_loss":0,"event_name":"Drug Dealer","floor":31,"gold_loss":0},{"damage_healed":0,"gold_gain":0,"player_choice":"Fight","damage_taken":0,"max_hp_gain":0,"max_hp_loss":0,"event_name":"Mysterious Sphere","floor":36,"gold_loss":0},{"damage_healed":18,"gold_gain":0,"player_choice":"Writhe","damage_taken":0,"max_hp_gain":0,"max_hp_loss":0,"event_name":"Winding Halls","floor":38,"gold_loss":0,"cards_obtained":["Writhe"]},{"cards_removed":["Neutralize"],"damage_healed":0,"gold_gain":0,"player_choice":"Removed Attack","damage_taken":0,"max_hp_gain":0,"max_hp_loss":0,"event_name":"Falling","floor":45,"gold_loss":0},{"damage_healed":0,"gold_gain":0,"player_choice":"Fight","damage_taken":0,"max_hp_gain":0,"max_hp_loss":0,"event_name":"MindBloom","floor":46,"gold_loss":0}],"is_beta":false,"boss_relics":[{"not_picked":["Ring of the Serpent","Runic Dome"],"picked":"Orrery"},{"not_picked":["Cursed Key","Runic Pyramid","Velvet Choker"]}],"items_purged_floors":[],"is_endless":false,"potions_floor_spawned":[12,16,19,20,33,36,46],"ascension_level":5}