{"gold_per_floor":[115,115,127,147,147,147,147,147,171,209,221,246,287,310,322,412,424,453,465,477,489,518,530,572,474,486,47,47,61,79,89,89,165,165,175,185,20,20,31,31,51,68,68,68,94,94,123,138,138,138,138,138,138,38,67,67],"floor_reached":57,"playtime":2636,"items_purged":["Writhe","Doubt"],"score":2734,"play_id":"d78e11af-af78-48c6-89e1-702ecc8d830a","local_time":"20190712182749","is_ascension_mode":true,"campfire_choices":[{"data":"Consume","floor":6.0,"key":"SMITH"},{"data":"Hyperbeam","floor":8.0,"key":"SMITH"},{"data":"Defragment","floor":15.0,"key":"SMITH"},{"data":"Genetic Algorithm","floor":23.0,"key":"SMITH"},{"data":"Loop","floor":28.0,"key":"SMITH"},{"data":"Capacitor","floor":32.0,"key":"SMITH"},{"data":"Loop","floor":40.0,"key":"SMITH"},{"data":"Coolheaded","floor":44.0,"key":"SMITH"},{"data":"Consume","floor":46.0,"key":"SMITH"},{"floor":49.0,"key":"RECALL"},{"data":"Heatsinks","floor":53.0,"key":"SMITH"}],"neow_cost":"TEN_PERCENT_HP_LOSS","seed_source_timestamp":96304322080100,"circlet_count":0,"master_deck":["AscendersBane","Defend_B","Defend_B","Zap","Dualcast","Turbo","Cold Snap","Genetic Algorithm+1","Consume+1","Hyperbeam+1","Defragment+1","Reinforced Body","Self Repair","Core Surge","Lockon","Ghostly+1","Ghostly","Ghostly","Glacier","Loop+1","Capacitor+1","Core Surge","Lockon+1","Steam+1","Creative AI+1","Coolheaded","Loop+1","Coolheaded+1","Capacitor+1","Consume+1","Heatsinks+1"],"special_seed":0,"relics":["Cracked Core","Du-Vu Doll","MawBank","Mummified Hand","Mercury Hourglass","Cursed Key","PreservedInsect","DataDisk","Medical Kit","Astrolabe","Art of War","Bronze Scales","Strawberry","Vajra"],"potions_floor_usage":[56,56],"damage_taken":[{"damage":9.0,"enemies":"Jaw Worm","floor":1.0,"turns":3.0},{"damage":0.0,"enemies":"2 Louse","floor":3.0,"turns":3.0},{"damage":0.0,"enemies":"Small Slimes","floor":4.0,"turns":2.0},{"damage":14.0,"enemies":"3 Sentries","floor":10.0,"turns":4.0},{"damage":5.0,"enemies":"Blue Slaver","floor":12.0,"turns":3.0},{"damage":4.0,"enemies":"Lagavulin","floor":13.0,"turns":5.0},{"damage":4.0,"enemies":"2 Fungi Beasts","floor":14.0,"turns":2.0},{"damage":5.0,"enemies":"The Guardian","floor":16.0,"turns":9.0},{"damage":18.0,"enemies":"3 Byrds","floor":18.0,"turns":3.0},{"damage":1.0,"enemies":"Spheric Guardian","floor":22.0,"turns":3.0},{"damage":0.0,"enemies":"Slavers","floor":24.0,"turns":4.0},{"damage":4.0,"enemies":"Cultist and Chosen","floor":29.0,"turns":7.0},{"damage":0.0,"enemies":"3 Cultists","floor":30.0,"turns":5.0},{"damage":0.0,"enemies":"Centurion and Healer","floor":31.0,"turns":7.0},{"damage":1.0,"enemies":"Collector","floor":33.0,"turns":14.0},{"damage":1.0,"enemies":"Orb Walker","floor":35.0,"turns":4.0},{"damage":0.0,"enemies":"3 Darklings","floor":36.0,"turns":4.0},{"damage":12.0,"enemies":"Spire Growth","floor":39.0,"turns":6.0},{"damage":4.0,"enemies":"Transient","floor":41.0,"turns":6.0},{"damage":0.0,"enemies":"Sphere and 2 Shapes","floor":42.0,"turns":6.0},{"damage":2.0,"enemies":"Nemesis","floor":45.0,"turns":9.0},{"damage":0.0,"enemies":"Giant Head","floor":47.0,"turns":7.0},{"damage":4.0,"enemies":"Spire Growth","floor":48.0,"turns":6.0},{"damage":26.0,"enemies":"Awakened One","floor":50.0,"turns":22.0},{"damage":10.0,"enemies":"Donu and Deca","floor":51.0,"turns":15.0},{"damage":14.0,"enemies":"Shield and Spear","floor":55.0,"turns":10.0},{"damage":24,"enemies":"The Heart","floor":56,"turns":11}],"seed_played":"6455159252632262683","potions_obtained":[{"floor":3.0,"key":"Energy Potion"},{"floor":14.0,"key":"PowerPotion"},{"floor":16.0,"key":"Explosive Potion"},{"floor":22.0,"key":"SneckoOil"},{"floor":29.0,"key":"Block Potion"},{"floor":41.0,"key":"FocusPotion"},{"floor":55.0,"key":"GamblersBrew"}],"is_trial":false,"path_per_floor":["M","?","M","M","?","R","?","R","T","E","?","M","E","M","R","B",null,"M","?","?","?","M","R","E","?","T","$","R","M","M","M","R","B",null,"M","M","$","?","M","R","M","M","T","R","E","R","E","M","R","B","B",null,"R","$","E","B",null],"character_chosen":"DEFECT","items_purchased":["DataDisk","Medical Kit","Art of War"],"campfire_rested":0,"item_purchase_floors":[27,27,37],"current_hp_per_floor":[55,37,37,37,37,37,37,37,37,23,44,39,35,31,31,33,56,45,45,45,32,32,32,32,32,32,32,32,32,32,32,32,32,32,32,32,32,32,27,27,30,32,32,32,32,32,39,39,39,20,24,35,35,35,28,11],"gold":67,"neow_bonus":"TRANSFORM_TWO_CARDS","is_prod":false,"is_daily":false,"chose_seed":false,"campfire_upgraded":10,"win_rate":0,"timestamp":1562923669,"path_taken":["M","?","M","M","?","R","?","R","T","E","?","?","E","M","R","BOSS","M","?","?","?","M","R","E","?","T","$","R","M","M","?","R","BOSS","M","M","$","?","M","R","?","M","T","R","E","R","E","M","R","BOSS","BOSS","R","$","E","BOSS"],"build_version":"2019-07-05","purchased_purges":2,"victory":true,"max_hp_per_floor":[64,64,64,64,64,64,64,64,64,64,64,64,64,64,64,64,64,64,64,64,32,32,32,32,32,32,32,32,32,32,32,32,32,32,32,32,32,32,32,32,32,32,32,32,32,32,39,39,39,39,39,39,39,39,39,39],"card_choices":[{"not_picked":["Go for the Eyes","Steam"],"picked":"Cold Snap","floor":1.0},{"not_picked":["Chaos","Turbo"],"picked":"Genetic Algorithm","floor":3.0},{"not_picked":["Loop","Compile Driver"],"picked":"Consume","floor":4.0},{"not_picked":["Turbo","Chaos"],"picked":"Defragment","floor":10.0},{"not_picked":["Leap","Go for the Eyes"],"picked":"Rip and Tear","floor":12.0},{"not_picked":["Beam Cell","Melter"],"picked":"Reinforced Body","floor":13.0},{"not_picked":["Cold Snap","Darkness"],"picked":"Self Repair","floor":14.0},{"not_picked":["Seek","Buffer"],"picked":"Core Surge","floor":16.0},{"not_picked":["Go for the Eyes","Undo","Aggregate"],"picked":"SKIP","floor":18.0},{"not_picked":["Rebound","Go for the Eyes"],"picked":"Glacier","floor":22.0},{"not_picked":["Beam Cell","Barrage"],"picked":"Loop","floor":24.0},{"not_picked":["Redo","Rip and Tear","Consume"],"picked":"SKIP","floor":29.0},{"not_picked":["Leap","Turbo","Go for the Eyes"],"picked":"SKIP","floor":30.0},{"not_picked":["Beam Cell","Auto Shields"],"picked":"Capacitor","floor":31.0},{"not_picked":["All For One","Reboot"],"picked":"Core Surge","floor":33.0},{"not_picked":["Genetic Algorithm","Barrage"],"picked":"Coolheaded","floor":35.0},{"not_picked":["Ball Lightning","Reprogram"],"picked":"Loop","floor":36.0},{"not_picked":["Steam","Conserve Battery"],"picked":"Coolheaded","floor":39.0},{"not_picked":["Conserve Battery","Ball Lightning+1"],"picked":"Capacitor+1","floor":41.0},{"not_picked":["Chaos+1","Redo","Hello World"],"picked":"SKIP","floor":42.0},{"not_picked":["Leap","Sweeping Beam+1"],"picked":"Consume","floor":45.0},{"not_picked":["FTL","Melter","All For One"],"picked":"SKIP","floor":47.0},{"not_picked":["Compile Driver","Rebound"],"picked":"Heatsinks","floor":48.0},{"not_picked":["Go for the Eyes","BootSequence","Undo+1"],"picked":"SKIP","floor":55.0}],"player_experience":993325,"relics_obtained":[{"floor":9.0,"key":"MawBank"},{"floor":10.0,"key":"Mummified Hand"},{"floor":13.0,"key":"Mercury Hourglass"},{"floor":24.0,"key":"PreservedInsect"},{"floor":45.0,"key":"Bronze Scales"},{"floor":47.0,"key":"Strawberry"},{"floor":55.0,"key":"Vajra"}],"event_choices":[{"damage_healed":0.0,"max_hp_gain":0.0,"max_hp_loss":0.0,"gold_gain":0.0,"event_name":"Scrap Ooze","player_choice":"Success","floor":2.0,"gold_loss":0.0,"damage_taken":18.0,"relics_obtained":["Du-Vu Doll"]},{"damage_healed":0.0,"max_hp_gain":0.0,"max_hp_loss":0.0,"gold_gain":0.0,"event_name":"Liars Game","player_choice":"Ignored","floor":5.0,"gold_loss":0.0,"damage_taken":0.0},{"damage_healed":0.0,"max_hp_gain":0.0,"max_hp_loss":0.0,"gold_gain":0.0,"cards_transformed":["Strike_B"],"event_name":"Living Wall","player_choice":"Change","floor":7.0,"gold_loss":0.0,"damage_taken":0.0,"cards_obtained":["Hyperbeam"]},{"damage_healed":21.0,"max_hp_gain":0.0,"max_hp_loss":0.0,"gold_gain":0.0,"event_name":"Big Fish","player_choice":"Banana","floor":11.0,"gold_loss":0.0,"damage_taken":0.0},{"damage_healed":0.0,"max_hp_gain":0.0,"max_hp_loss":0.0,"gold_gain":0.0,"event_name":"Vampires","player_choice":"Ignored","floor":19.0,"gold_loss":0.0,"damage_taken":0.0},{"damage_healed":0.0,"max_hp_gain":0.0,"max_hp_loss":0.0,"gold_gain":0.0,"cards_transformed":["Strike_B","Strike_B"],"event_name":"Drug Dealer","player_choice":"Became Test Subject","floor":20.0,"gold_loss":0.0,"damage_taken":0.0,"cards_obtained":["Lockon","Auto Shields"]},{"damage_healed":0.0,"max_hp_gain":0.0,"max_hp_loss":32.0,"gold_gain":0.0,"event_name":"Ghosts","player_choice":"Became a Ghost","floor":21.0,"gold_loss":0.0,"damage_taken":0.0,"cards_obtained":["Ghostly","Ghostly","Ghostly"]},{"cards_removed":["Chaos"],"damage_healed":0.0,"max_hp_gain":0.0,"max_hp_loss":0.0,"gold_gain":0.0,"event_name":"Designer","player_choice":"Upgrade and Remove","floor":25.0,"gold_loss":110.0,"damage_taken":0.0,"cards_upgraded":["Ghostly"]},{"damage_healed":0.0,"max_hp_gain":0.0,"max_hp_loss":0.0,"gold_gain":0.0,"event_name":"Match and Keep!","player_choice":"1 cards matched","floor":38.0,"gold_loss":0.0,"damage_taken":0.0,"cards_obtained":["Doubt"]}],"is_beta":false,"boss_relics":[{"not_picked":["Black Star","Nuclear Battery"],"picked":"Cursed Key"},{"not_picked":["Empty Cage","Fusion Hammer"],"picked":"Astrolabe"}],"items_purged_floors":[27,54],"is_endless":false,"potions_floor_spawned":[3,14,16,22,29,33,36,41,45,55],"ascension_level":20}