{"path_per_floor":["M","M","?","M","?","E","M","R","T","$","?","M","R","M","R","B",null,"M","?","M","M","?","E","M","M","T","?","M","?","M","M","R","B",null,"M","M","M","?","M","R"],"character_chosen":"THE_SILENT","items_purchased":["Apotheosis"],"gold_per_floor":[117,127,127,142,142,176,196,196,219,11,11,28,28,42,42,137,137,62,62,62,62,62,62,62,62,62,62,62,62,62,62,62,62,62,62,62,62,62,62,62],"floor_reached":41,"campfire_rested":4,"playtime":6954,"current_hp_per_floor":[65,52,57,57,57,31,29,51,51,51,51,51,51,49,71,41,75,75,75,75,75,59,59,55,24,24,24,21,21,13,10,32,6,75,67,38,2,21,21,43],"items_purged":[],"gold":62,"score":396,"play_id":"ac5b4730-942d-4b08-a1e6-53e626c88f90","is_prod":false,"is_daily":false,"is_ascension_mode":false,"campfire_upgraded":1,"path_taken":["M","M","?","M","?","E","M","R","T","$","?","M","R","M","R","BOSS","M","?","M","M","?","E","M","M","T","?","M","?","M","?","R","BOSS","M","M","M","?","M","R","M"],"build_version":"2018-02-08-PROD1","purchased_purges":0,"victory":false,"master_deck":["Defend_G","Defend_G","Defend_G","Defend_G+1","Defend_G","Strike_G","Strike_G","Strike_G","Strike_G","Strike_G","Survivor","Neutralize","Venomology","Flechettes","Prepared+1","Flechettes","PiercingWail+1","Apotheosis+1","Tools of the Trade","Prepared+1","Reflex","Tactician","Acrobatics","Envenom","Writhe"],"max_hp_per_floor":[70,70,75,75,75,75,75,75,75,75,75,75,75,75,75,75,75,75,75,75,75,75,75,75,75,75,75,75,75,75,75,75,75,75,75,75,75,75,75,75],"relics":["Ring of the Snake","Toolbox","War Paint","Ectoplasm","Enchiridion","Shovel","Snake Skull","Black Star"],"card_choices":[{"not_picked":["Noxious Fumes","Storm of Steel"],"picked":"Flechettes"},{"not_picked":["Slice","Dagger Spray"],"picked":"Prepared"},{"not_picked":["Quick Slash","Slice"],"picked":"Flechettes"},{"not_picked":["Underhanded Strike","Malaise"],"picked":"PiercingWail"},{"not_picked":["Phantasmal Killer","After Image"],"picked":"Tools of the Trade"},{"not_picked":["Deflect","Deadly Poison"],"picked":"Prepared"},{"not_picked":["Acrobatics","Prepared"],"picked":"Tactician"},{"not_picked":["Calculated Gamble","Bouncing Flask"],"picked":"Acrobatics"},{"not_picked":["Adrenaline","Phantasmal Killer"],"picked":"Envenom"}],"player_experience":113327,"potions_floor_usage":[2,6,6,6,12,14,16,16,20,21,21,23,23,24,24,25,28,30,30,33,33,33,33,37,37,41,41,41],"damage_taken":[{"damage":5,"enemies":"Small Slimes","floor":1,"turns":5},{"damage":13,"enemies":"Jaw Worm","floor":2,"turns":7},{"damage":0,"enemies":"2 Louse","floor":4,"turns":3},{"damage":41,"enemies":"Lagavulin","floor":6,"turns":10},{"damage":2,"enemies":"Looter","floor":7,"turns":4},{"damage":0,"enemies":"Lots of Slimes","floor":12,"turns":3},{"damage":2,"enemies":"3 Louse","floor":14,"turns":3},{"damage":30,"enemies":"The Guardian","floor":16,"turns":13},{"damage":0,"enemies":"2 Thieves","floor":18,"turns":5},{"damage":0,"enemies":"Chosen","floor":20,"turns":4},{"damage":0,"enemies":"Snecko","floor":21,"turns":3},{"damage":0,"enemies":"Book of Stabbing","floor":23,"turns":5},{"damage":4,"enemies":"Centurion and Healer","floor":24,"turns":7},{"damage":31,"enemies":"Chosen and Byrds","floor":25,"turns":7},{"damage":3,"enemies":"Snecko","floor":28,"turns":5},{"damage":14,"enemies":"Sentry and Sphere","floor":30,"turns":7},{"damage":3,"enemies":"Centurion and Healer","floor":31,"turns":6},{"damage":26,"enemies":"Collector","floor":33,"turns":10},{"damage":8,"enemies":"3 Darklings","floor":35,"turns":4},{"damage":29,"enemies":"3 Shapes","floor":36,"turns":6},{"damage":36,"enemies":"Sphere and 2 Shapes","floor":37,"turns":7},{"damage":0,"enemies":"3 Darklings","floor":39,"turns":7},{"damage":51,"enemies":"4 Shapes","floor":41,"turns":7}],"event_choices":[{"event_name":"Big Fish","player_choice":"Donut","floor":3,"damage_taken":0},{"event_name":"Living Wall","player_choice":"Grow","floor":5,"damage_taken":0},{"event_name":"Golden Idol","player_choice":"Ignored","floor":11,"damage_taken":0},{"event_name":"The Library","player_choice":"Read","floor":19,"damage_taken":0},{"event_name":"Cursed Tome","player_choice":"Obtained Book","floor":22,"damage_taken":0},{"event_name":"The Mausoleum","player_choice":"No","floor":27,"damage_taken":0},{"event_name":"Drug Dealer","player_choice":"Ignored","floor":29,"damage_taken":0},{"event_name":"Winding Halls","player_choice":"Writhe","floor":38,"damage_taken":0}],"boss_relics":[{"not_picked":["Cursed Key","Sozu"],"picked":"Ectoplasm"},{"not_picked":["White Beast Statue","Runic Pyramid"],"picked":"Black Star"}],"potions_floor_spawned":[1,6,7,18,21,25,30,31,35,36],"seed_played":"1933608579485055573","killed_by":"4 Shapes","ascension_level":0,"is_trial":false}