{"gold_per_floor":[112,129,129,129,7,7,36,36,36,36],"floor_reached":10,"playtime":635,"items_purged":[],"score":128,"play_id":"dab2d768-ed2a-4f4a-8fa5-395f4961fcd4","local_time":"20190630185038","is_ascension_mode":true,"campfire_choices":[{"data":"Footwork","floor":6,"key":"SMITH"},{"floor":8,"key":"REST"}],"neow_cost":"NONE","seed_source_timestamp":89507924797538,"circlet_count":0,"master_deck":["AscendersBane","Defend_G","Defend_G+1","Defend_G","Defend_G","Defend_G","Strike_G+1","Strike_G","Strike_G","Strike_G","Strike_G","Survivor","Neutralize","Dagger Throw","Leg Sweep","Regret","Footwork+1","PiercingWail","Cloak And Dagger"],"special_seed":0,"relics":["Ring of the Snake","MawBank","Ninja Scroll","Happy Flower"],"potions_floor_usage":[7],"damage_taken":[{"damage":0,"enemies":"Cultist","floor":1,"turns":4},{"damage":0,"enemies":"2 Louse","floor":2,"turns":2},{"damage":30,"enemies":"3 Sentries","floor":7,"turns":23},{"damage":34,"enemies":"Gremlin Nob","floor":10,"turns":5}],"seed_played":"-7774241035879599729","potions_obtained":[{"floor":2,"key":"EssenceOfSteel"}],"is_trial":false,"path_per_floor":["M","M","?","?","$","R","E","R","T","E"],"character_chosen":"THE_SILENT","items_purchased":["Footwork","PiercingWail"],"campfire_rested":1,"item_purchase_floors":[5,5],"current_hp_per_floor":[65,65,43,43,43,43,13,34,34,0],"gold":36,"neow_bonus":"TEN_PERCENT_HP_BONUS","is_prod":false,"is_daily":false,"chose_seed":false,"campfire_upgraded":1,"win_rate":0,"timestamp":1561913438,"path_taken":["M","?","?","?","?","R","E","R","T","E"],"build_version":"2019-01-23","purchased_purges":0,"victory":false,"max_hp_per_floor":[72,72,72,72,72,72,72,72,72,72],"card_choices":[{"not_picked":["PiercingWail","Outmaneuver"],"picked":"Dagger Throw","floor":1},{"not_picked":["Backflip","Flying Knee"],"picked":"Leg Sweep","floor":2},{"not_picked":["Footwork","Riddle With Holes"],"picked":"Cloak And Dagger","floor":7}],"player_experience":1160961,"relics_obtained":[{"floor":7,"key":"Ninja Scroll"},{"floor":9,"key":"Happy Flower"}],"event_choices":[{"damage_healed":0,"gold_gain":0,"player_choice":"Entered Light","damage_taken":22,"max_hp_gain":0,"max_hp_loss":0,"event_name":"Shining Light","floor":3,"gold_loss":0,"cards_upgraded":["Strike_G","Defend_G"]},{"damage_healed":0,"gold_gain":0,"player_choice":"Box","damage_taken":0,"relics_obtained":["MawBank"],"max_hp_gain":0,"max_hp_loss":0,"event_name":"Big Fish","floor":4,"gold_loss":0,"cards_obtained":["Regret"]}],"is_beta":false,"boss_relics":[],"items_purged_floors":[],"is_endless":false,"potions_floor_spawned":[2],"killed_by":"Gremlin Nob","ascension_level":20}