{"gold_per_floor":[111,129,129,147,163,189,189,217,217,217,236,236,236],"floor_reached":13,"playtime":277,"items_purged":[],"score":190,"play_id":"7df82fa7-ac5d-410a-b6eb-25cc28dfc3be","local_time":"20190610184715","is_ascension_mode":true,"campfire_choices":[{"data":"Zap","floor":7,"key":"SMITH"},{"floor":10,"key":"REST"}],"neow_cost":"NONE","seed_source_timestamp":190779299558300,"circlet_count":0,"master_deck":["AscendersBane","Strike_B","Strike_B","Strike_B","Defend_B","Defend_B","Defend_B","Defend_B","Zap+1","Dualcast","Ball Lightning","Turbo","Cold Snap","Seek","Coolheaded","Self Repair","Blizzard"],"relics":["Cracked Core","NeowsBlessing","Darkstone Periapt","Pen Nib","Ancient Tea Set"],"potions_floor_usage":[6,8],"damage_taken":[{"damage":0,"enemies":"Jaw Worm","floor":1,"turns":1},{"damage":0,"enemies":"Small Slimes","floor":2,"turns":1},{"damage":0,"enemies":"2 Louse","floor":4,"turns":1},{"damage":3,"enemies":"Blue Slaver","floor":5,"turns":3},{"damage":21,"enemies":"Gremlin Nob","floor":6,"turns":4},{"damage":12,"enemies":"Lagavulin","floor":8,"turns":7},{"damage":21,"enemies":"3 Louse","floor":11,"turns":4},{"damage":49,"enemies":"Gremlin Nob","floor":13,"turns":4}],"seed_played":"-8478423129778750765","potions_obtained":[{"floor":1,"key":"EssenceOfSteel"},{"floor":5,"key":"PowerPotion"}],"is_trial":false,"path_per_floor":["M","M","?","M","M","E","R","E","T","R","M","?","E"],"character_chosen":"DEFECT","items_purchased":[],"campfire_rested":1,"item_purchase_floors":[],"current_hp_per_floor":[64,64,64,64,61,40,40,28,28,49,28,28,0],"gold":236,"neow_bonus":"THREE_ENEMY_KILL","is_prod":false,"is_daily":false,"chose_seed":false,"campfire_upgraded":1,"win_rate":0,"timestamp":1560160035,"path_taken":["M","M","?","M","M","E","R","E","T","R","M","?","E"],"build_version":"2019-01-23","purchased_purges":0,"victory":false,"max_hp_per_floor":[71,71,71,71,71,71,71,71,71,71,71,71,71],"card_choices":[{"not_picked":["Recycle","Stack"],"picked":"Ball Lightning","floor":1},{"not_picked":["Fusion","Compile Driver"],"picked":"Turbo","floor":2},{"not_picked":["Go for the Eyes","Storm","Conserve Battery"],"picked":"SKIP","floor":4},{"not_picked":["Go for the Eyes","Coolheaded"],"picked":"Cold Snap","floor":5},{"not_picked":["Turbo","Steam"],"picked":"Seek","floor":6},{"not_picked":["Melter","Undo"],"picked":"Coolheaded","floor":8},{"not_picked":["Turbo","Streamline"],"picked":"Self Repair","floor":11}],"player_experience":560001,"relics_obtained":[{"floor":6,"key":"Darkstone Periapt"},{"floor":8,"key":"Pen Nib"},{"floor":9,"key":"Ancient Tea Set"}],"event_choices":[{"damage_healed":0,"gold_gain":0,"player_choice":"Ignored","damage_taken":0,"max_hp_gain":0,"max_hp_loss":0,"event_name":"Liars Game","floor":3,"gold_loss":0},{"damage_healed":0,"gold_gain":0,"cards_transformed":["Strike_B"],"player_choice":"Change","damage_taken":0,"max_hp_gain":0,"max_hp_loss":0,"event_name":"Living Wall","floor":12,"gold_loss":0,"cards_obtained":["Blizzard"]}],"is_beta":false,"boss_relics":[],"items_purged_floors":[],"is_endless":false,"potions_floor_spawned":[1,5],"killed_by":"Gremlin Nob","ascension_level":20}