{"gold_per_floor":[113,129,129,129,10,10,43,43,43,43,71,71,71,83,83,157,157,177,192,207,225,225,225,260,271,271,302,319,339,254,288,288,360,360,380,194,194,106,86,118,118,137,161,173,200,217,246,264,264,264,264,264,264,36,68,68],"floor_reached":57,"playtime":3042,"items_purged":["Strike_R","Strike_R","Anger+1"],"score":2995,"play_id":"78efe7f7-eba7-4f81-8ab7-895a1e980894","local_time":"20190724160346","is_ascension_mode":true,"campfire_choices":[{"data":"Cleave","floor":6,"key":"SMITH"},{"data":"True Grit","floor":8,"key":"SMITH"},{"data":"Disarm","floor":12,"key":"SMITH"},{"data":"Spot Weakness","floor":15,"key":"SMITH"},{"data":"Immolate","floor":23,"key":"SMITH"},{"data":"Pommel Strike","floor":32,"key":"SMITH"},{"data":"Feel No Pain","floor":41,"key":"SMITH"},{"floor":49,"key":"RECALL"},{"data":"Dual Wield","floor":53,"key":"SMITH"}],"neow_cost":"NONE","seed_source_timestamp":431633342045000,"circlet_count":0,"master_deck":["AscendersBane","Defend_R","Defend_R","Defend_R","Defend_R","Bash+1","Feel No Pain+1","Cleave+1","Disarm+1","True Grit+1","Spot Weakness+1","Immolate+1","Shockwave","Disarm+1","Pommel Strike+1","Shrug It Off","Reaper+1","Feed+1","Blood for Blood+1","Sword Boomerang+1","Evolve","Corruption","Shockwave","Burning Pact","Dual Wield+1","Purity"],"relics":["Burning Blood","NeowsBlessing","Magic Flower","Sundial","FossilizedHelix","Charon\u0027s Ashes","Pocketwatch","Sozu","Happy Flower","Pantograph","Molten Egg 2","Thread and Needle","Nunchaku","Astrolabe","Mercury Hourglass","Dream Catcher","Gremlin Horn","Oddly Smooth Stone"],"potions_floor_usage":[55,56],"damage_taken":[{"damage":0,"enemies":"Small Slimes","floor":1,"turns":1},{"damage":0,"enemies":"Cultist","floor":2,"turns":1},{"damage":0,"enemies":"3 Sentries","floor":7,"turns":1},{"damage":18,"enemies":"Lagavulin","floor":11,"turns":7},{"damage":0,"enemies":"Jaw Worm","floor":14,"turns":2},{"damage":18,"enemies":"Hexaghost","floor":16,"turns":8},{"damage":11,"enemies":"Chosen","floor":18,"turns":4},{"damage":7,"enemies":"Shell Parasite","floor":19,"turns":4},{"damage":4,"enemies":"Sentry and Sphere","floor":20,"turns":4},{"damage":0,"enemies":"Snecko","floor":21,"turns":4},{"damage":0,"enemies":"Gremlin Leader","floor":24,"turns":5},{"damage":0,"enemies":"Centurion and Healer","floor":25,"turns":3},{"damage":34,"enemies":"Slavers","floor":27,"turns":3},{"damage":6,"enemies":"Shelled Parasite and Fungi","floor":28,"turns":5},{"damage":0,"enemies":"Snecko","floor":29,"turns":5},{"damage":9,"enemies":"Gremlin Leader","floor":31,"turns":4},{"damage":75,"enemies":"Collector","floor":33,"turns":11},{"damage":0,"enemies":"3 Shapes","floor":35,"turns":3},{"damage":7,"enemies":"Nemesis","floor":40,"turns":5},{"damage":22,"enemies":"3 Darklings","floor":42,"turns":5},{"damage":4,"enemies":"Jaw Worm Horde","floor":44,"turns":3},{"damage":0,"enemies":"Giant Head","floor":45,"turns":7},{"damage":0,"enemies":"Maw","floor":46,"turns":5},{"damage":35,"enemies":"Reptomancer","floor":47,"turns":9},{"damage":11,"enemies":"3 Darklings","floor":48,"turns":6},{"damage":39,"enemies":"Awakened One","floor":50,"turns":13},{"damage":97,"enemies":"Donu and Deca","floor":51,"turns":11},{"damage":95,"enemies":"Shield and Spear","floor":55,"turns":9},{"damage":81,"enemies":"The Heart","floor":56,"turns":11}],"seed_played":"7178089375074119113","potions_obtained":[{"floor":1,"key":"Dexterity Potion"},{"floor":7,"key":"AttackPotion"}],"is_trial":false,"path_per_floor":["M","M","?","$","$","R","E","R","T","T","E","R","T","M","R","B",null,"M","M","M","M","?","R","E","M","T","E","M","M","?","E","R","B",null,"M","$","?","$","?","E","R","M","T","M","E","M","E","M","R","B","B",null,"R","$","E","B",null],"character_chosen":"IRONCLAD","items_purchased":["Disarm","Evolve","Corruption","Purity"],"campfire_rested":0,"item_purchase_floors":[5,36,38,54],"current_hp_per_floor":[74,75,75,75,75,75,75,75,75,75,66,66,66,75,75,66,73,71,73,75,75,75,75,75,75,75,50,53,62,62,62,62,28,63,75,75,75,75,75,79,79,83,83,83,87,91,95,99,99,101,111,111,111,111,96,59],"gold":68,"neow_bonus":"THREE_ENEMY_KILL","is_prod":false,"is_daily":false,"chose_seed":false,"campfire_upgraded":8,"win_rate":0,"timestamp":1563951826,"path_taken":["M","M","?","?","$","R","E","R","T","?","E","R","?","M","R","BOSS","M","M","M","M","?","R","E","M","T","E","M","M","?","E","R","BOSS","M","$","?","$","?","E","R","M","T","M","E","M","E","?","R","BOSS","BOSS","R","$","E","BOSS"],"build_version":"2019-07-17","purchased_purges":3,"victory":true,"max_hp_per_floor":[75,75,75,75,75,75,75,75,75,75,75,75,75,75,75,75,75,75,75,75,75,75,75,75,75,75,75,75,75,75,75,75,75,75,75,75,75,75,75,79,79,83,83,83,87,91,95,99,99,103,111,111,111,111,111,115],"card_choices":[{"not_picked":["Evolve","Perfected Strike"],"picked":"Feel No Pain","floor":1},{"not_picked":["Flex","Wild Strike"],"picked":"Cleave","floor":2},{"not_picked":["Dual Wield","Clothesline"],"picked":"True Grit","floor":7},{"not_picked":["Havoc","Cleave","Thunderclap"],"picked":"SKIP","floor":11},{"not_picked":["Headbutt","Thunderclap"],"picked":"Spot Weakness","floor":14},{"not_picked":["Brutality","Limit Break"],"picked":"Immolate","floor":16},{"not_picked":["Cleave","Anger"],"picked":"Shockwave","floor":18},{"not_picked":["Perfected Strike","Infernal Blade","Headbutt"],"picked":"SKIP","floor":19},{"not_picked":["Dual Wield","Iron Wave"],"picked":"Disarm+1","floor":20},{"not_picked":["Infernal Blade","Anger+1","Clothesline"],"picked":"SKIP","floor":21},{"not_picked":["Warcry","Havoc+1","Combust"],"picked":"SKIP","floor":24},{"not_picked":["Dual Wield","Sever Soul"],"picked":"Pommel Strike","floor":25},{"not_picked":["Clash","Ghostly Armor+1"],"picked":"Shrug It Off","floor":27},{"not_picked":["Bludgeon+1","Clothesline+1","Thunderclap+1"],"picked":"SKIP","floor":28},{"not_picked":["Heavy Blade+1","Havoc","Spot Weakness"],"picked":"SKIP","floor":29},{"not_picked":["Armaments+1","Disarm"],"picked":"Reaper+1","floor":31},{"not_picked":["Reaper+1","Impervious"],"picked":"Feed+1","floor":33},{"not_picked":["Battle Trance","Rupture","Headbutt+1"],"picked":"SKIP","floor":35},{"not_picked":["Havoc+1","Shockwave","Anger+1"],"picked":"SKIP","floor":40},{"not_picked":["Havoc+1","Anger+1"],"picked":"Shockwave","floor":40},{"not_picked":["Thunderclap+1","Anger+1","Seeing Red"],"picked":"SKIP","floor":42},{"not_picked":["Twin Strike+1","Searing Blow+1"],"picked":"Burning Pact","floor":44},{"not_picked":["Twin Strike+1","Searing Blow+1"],"picked":"Dual Wield","floor":45},{"not_picked":["Havoc+1","Reckless Charge+1","Anger+1"],"picked":"SKIP","floor":46},{"not_picked":["Sever Soul+1","Iron Wave+1","Twin Strike+1"],"picked":"SKIP","floor":47},{"not_picked":["Bloodletting","Cleave+1","Flame Barrier"],"picked":"SKIP","floor":48},{"not_picked":["Iron Wave+1","Flex+1","Havoc"],"picked":"SKIP","floor":55}],"player_experience":1168818,"relics_obtained":[{"floor":7,"key":"Magic Flower"},{"floor":9,"key":"Sundial"},{"floor":10,"key":"FossilizedHelix"},{"floor":11,"key":"Charon\u0027s Ashes"},{"floor":13,"key":"Pocketwatch"},{"floor":24,"key":"Happy Flower"},{"floor":26,"key":"Pantograph"},{"floor":27,"key":"Molten Egg 2"},{"floor":31,"key":"Nunchaku"},{"floor":40,"key":"Mercury Hourglass"},{"floor":45,"key":"Dream Catcher"},{"floor":47,"key":"Gremlin Horn"},{"floor":55,"key":"Oddly Smooth Stone"}],"event_choices":[{"damage_healed":0,"gold_gain":0,"player_choice":"Upgraded","damage_taken":0,"max_hp_gain":0,"max_hp_loss":0,"event_name":"Upgrade Shrine","floor":3,"gold_loss":0,"cards_upgraded":["Bash"]},{"damage_healed":0,"gold_gain":0,"player_choice":"Ignored","damage_taken":0,"max_hp_gain":0,"max_hp_loss":0,"event_name":"Vampires","floor":22,"gold_loss":0},{"damage_healed":0,"gold_gain":0,"player_choice":"Obtained Relic","damage_taken":0,"relics_obtained":["Thread and Needle"],"max_hp_gain":0,"max_hp_loss":0,"event_name":"Addict","floor":30,"gold_loss":85},{"damage_healed":0,"gold_gain":0,"player_choice":"Ignored","damage_taken":0,"max_hp_gain":0,"max_hp_loss":0,"event_name":"Tomb of Lord Red Mask","floor":37,"gold_loss":0},{"damage_healed":0,"gold_gain":0,"player_choice":"Bought 1 Potion","damage_taken":0,"max_hp_gain":0,"max_hp_loss":0,"event_name":"The Woman in Blue","floor":39,"gold_loss":0}],"is_beta":false,"boss_relics":[{"not_picked":["Snecko Eye","Cursed Key"],"picked":"Sozu"},{"not_picked":["Runic Dome","Velvet Choker"],"picked":"Astrolabe"}],"items_purged_floors":[5,36,54],"is_endless":false,"potions_floor_spawned":[1,7,14,16,18,19,27,28,29,33,42,44,47],"ascension_level":20}