{"gold_per_floor":[366,379,118,118,6,6,6,6,6,6,24,53,53,85,85,85],"floor_reached":16,"playtime":465,"items_purged":[],"score":212,"play_id":"c43b2805-639e-4cbb-8982-e94544c6b1a3","local_time":"20190727145945","is_ascension_mode":true,"campfire_choices":[{"data":"Apotheosis","floor":6,"key":"SMITH"},{"floor":13,"key":"REST"},{"data":"Dark Embrace","floor":15,"key":"SMITH"}],"neow_cost":"CURSE","seed_source_timestamp":689581460931500,"circlet_count":0,"master_deck":["AscendersBane","Strike_R","Strike_R","Strike_R","Strike_R","Strike_R","Defend_R","Defend_R","Defend_R","Defend_R","Bash","Apotheosis+1","Pommel Strike","Perfected Strike","Dark Embrace+1","Battle Trance"],"relics":["Burning Blood","Membership Card","Tiny Chest","Turnip","Orichalcum","Ginger","Regal Pillow"],"potions_floor_usage":[16],"damage_taken":[{"damage":6,"enemies":"Cultist","floor":1,"turns":4},{"damage":4,"enemies":"2 Louse","floor":2,"turns":3},{"damage":7,"enemies":"Jaw Worm","floor":11,"turns":3},{"damage":27,"enemies":"Gremlin Nob","floor":12,"turns":4},{"damage":24,"enemies":"3 Sentries","floor":14,"turns":8},{"damage":12,"enemies":"Hexaghost","floor":16,"turns":8}],"seed_played":"2271059475417092898","potions_obtained":[{"floor":1,"key":"Explosive Potion"},{"floor":12,"key":"FearPotion"}],"is_trial":false,"path_per_floor":["M","M","$","?","$","R","$","?","T","T","M","E","R","E","R","B"],"character_chosen":"IRONCLAD","items_purchased":["Membership Card","Tiny Chest","Apotheosis","Pommel Strike"],"campfire_rested":1,"item_purchase_floors":[3,3,5,5],"current_hp_per_floor":[68,70,70,63,63,63,63,37,37,37,36,15,36,18,18,6],"gold":85,"neow_bonus":"TWO_FIFTY_GOLD","is_prod":false,"is_daily":false,"chose_seed":false,"campfire_upgraded":2,"win_rate":0,"timestamp":1564207185,"path_taken":["M","M","?","?","$","R","?","?","T","?","M","E","R","E","R","BOSS"],"build_version":"2019-07-17","purchased_purges":0,"victory":false,"max_hp_per_floor":[75,75,75,72,72,72,72,72,72,72,72,72,72,72,72,72],"card_choices":[{"not_picked":["Perfected Strike","Clothesline","Heavy Blade"],"picked":"SKIP","floor":1},{"not_picked":["Sentinel","Bloodletting","Thunderclap"],"picked":"SKIP","floor":2},{"not_picked":["Heavy Blade","Perfected Strike","Twin Strike"],"picked":"SKIP","floor":11},{"not_picked":["Heavy Blade","Twin Strike"],"picked":"Perfected Strike","floor":11},{"not_picked":["Clothesline","Anger"],"picked":"Dark Embrace","floor":12},{"not_picked":["Carnage","Dual Wield"],"picked":"Battle Trance","floor":14}],"player_experience":1235074,"relics_obtained":[{"floor":9,"key":"Orichalcum"},{"floor":12,"key":"Ginger"},{"floor":14,"key":"Regal Pillow"}],"event_choices":[{"cards_removed":["Parasite"],"damage_healed":0,"gold_gain":0,"player_choice":"Card Removal","damage_taken":7,"max_hp_gain":0,"max_hp_loss":0,"event_name":"Golden Wing","floor":4,"gold_loss":0},{"damage_healed":0,"gold_gain":0,"player_choice":"Success","damage_taken":26,"relics_obtained":["Turnip"],"max_hp_gain":0,"max_hp_loss":0,"event_name":"Scrap Ooze","floor":8,"gold_loss":0}],"is_beta":false,"boss_relics":[],"items_purged_floors":[],"is_endless":false,"potions_floor_spawned":[1,12],"killed_by":"Hexaghost","ascension_level":20}