{"gold_per_floor":[118,118,132,151,151,151,186,186,213,231,58,58,87,103,103,180,180,199,219,134,159,84,84,84,84,84,96,96,96,96,108,108,108],"floor_reached":33,"playtime":1042,"items_purged":["Strike_R"],"score":631,"play_id":"47d1aadc-10b1-4957-876b-0c2ec78db150","local_time":"20190712155255","is_ascension_mode":true,"campfire_choices":[{"data":"Anger","floor":6,"key":"SMITH"},{"data":"Immolate","floor":12,"key":"SMITH"},{"data":"Bash","floor":15,"key":"SMITH"},{"data":"True Grit","floor":24,"key":"SMITH"},{"data":"True Grit","floor":28,"key":"SMITH"},{"floor":32,"key":"REST"}],"neow_cost":"PERCENT_DAMAGE","seed_source_timestamp":88900858395000,"circlet_count":0,"master_deck":["AscendersBane","Defend_R","Defend_R","Defend_R+1","Defend_R","Bash+1","Anger+1","Shrug It Off+1","True Grit+1","Feed","Immolate+1","Carnage","Dropkick","Impervious","Dropkick","Armaments+1","Evolve","True Grit+1"],"relics":["Burning Blood","Lantern","War Paint","Vajra","Ancient Tea Set","Runic Cube","Orichalcum","Red Mask","Girya"],"potions_floor_usage":[7,16,16,21,27,27,33,33],"damage_taken":[{"damage":2,"enemies":"Jaw Worm","floor":1,"turns":6},{"damage":0,"enemies":"Cultist","floor":3,"turns":3},{"damage":0,"enemies":"2 Louse","floor":4,"turns":3},{"damage":29,"enemies":"Gremlin Nob","floor":7,"turns":4},{"damage":4,"enemies":"Red Slaver","floor":10,"turns":7},{"damage":24,"enemies":"Lagavulin","floor":13,"turns":5},{"damage":0,"enemies":"2 Fungi Beasts","floor":14,"turns":1},{"damage":6,"enemies":"Slime Boss","floor":16,"turns":5},{"damage":13,"enemies":"Chosen","floor":18,"turns":4},{"damage":4,"enemies":"Shell Parasite","floor":19,"turns":3},{"damage":9,"enemies":"Masked Bandits","floor":21,"turns":4},{"damage":9,"enemies":"Cultist and Chosen","floor":27,"turns":5},{"damage":32,"enemies":"Centurion and Healer","floor":31,"turns":11},{"damage":44,"enemies":"Automaton","floor":33,"turns":6}],"seed_played":"4379554126405285833","potions_obtained":[{"floor":3,"key":"SkillPotion"},{"floor":4,"key":"Poison Potion"},{"floor":10,"key":"Dexterity Potion"},{"floor":13,"key":"Strength Potion"},{"floor":16,"key":"Energy Potion"},{"floor":18,"key":"AttackPotion"},{"floor":21,"key":"Swift Potion"},{"floor":30,"key":"SpeedPotion"},{"floor":30,"key":"FearPotion"}],"is_trial":false,"path_per_floor":["M","?","M","M","?","R","E","?","T","M","$","R","E","M","R","B",null,"M","M","?","?","$","?","R","?","T","M","R","$","?","M","R","B"],"character_chosen":"IRONCLAD","items_purchased":["Vajra"],"campfire_rested":1,"item_purchase_floors":[11],"current_hp_per_floor":[54,54,60,66,66,66,43,43,43,48,48,48,33,39,39,42,74,70,72,72,72,72,72,72,45,45,42,42,42,42,20,49,5],"gold":108,"neow_bonus":"REMOVE_TWO","is_prod":false,"is_daily":false,"chose_seed":false,"campfire_upgraded":5,"win_rate":0,"timestamp":1562914375,"path_taken":["M","?","M","?","?","R","E","?","T","?","?","R","E","M","R","BOSS","M","M","?","?","$","?","R","?","T","M","R","?","?","M","R","BOSS"],"build_version":"2019-07-05","purchased_purges":1,"victory":false,"max_hp_per_floor":[75,75,75,75,75,75,75,75,75,78,78,78,81,81,81,84,84,87,87,87,90,90,90,90,95,95,95,95,95,95,99,99,99],"card_choices":[{"not_picked":["Warcry","Flex"],"picked":"Anger","floor":1},{"not_picked":["Iron Wave","Clash"],"picked":"Shrug It Off","floor":3},{"not_picked":["Thunderclap","Clothesline"],"picked":"Feed","floor":7},{"not_picked":["True Grit","Clothesline"],"picked":"Carnage","floor":10},{"not_picked":["Iron Wave","Blood for Blood","Cleave"],"picked":"SKIP","floor":13},{"not_picked":["Rage","Clothesline"],"picked":"Dropkick","floor":14},{"not_picked":["Demon Form","Immolate"],"picked":"Impervious","floor":16},{"not_picked":["Dual Wield","Thunderclap+1"],"picked":"Dropkick","floor":18},{"not_picked":["Pummel","Havoc"],"picked":"Armaments+1","floor":19},{"not_picked":["Sword Boomerang","Anger"],"picked":"True Grit","floor":27},{"not_picked":["Reckless Charge","Carnage","Shrug It Off"],"picked":"SKIP","floor":31}],"player_experience":986147,"relics_obtained":[{"floor":7,"key":"Lantern"},{"floor":9,"key":"War Paint"},{"floor":13,"key":"Ancient Tea Set"},{"floor":21,"key":"Red Mask"},{"floor":26,"key":"Girya"}],"event_choices":[{"cards_removed":["Strike_R"],"damage_healed":0,"gold_gain":0,"player_choice":"Purged","damage_taken":0,"max_hp_gain":0,"max_hp_loss":0,"event_name":"Purifier","floor":2,"gold_loss":0},{"damage_healed":0,"gold_gain":0,"cards_transformed":["Strike_R"],"player_choice":"Change","damage_taken":0,"max_hp_gain":0,"max_hp_loss":0,"event_name":"Living Wall","floor":5,"gold_loss":0,"cards_obtained":["True Grit"]},{"damage_healed":0,"gold_gain":0,"player_choice":"1 cards matched","damage_taken":0,"max_hp_gain":0,"max_hp_loss":0,"event_name":"Match and Keep!","floor":8,"gold_loss":0,"cards_obtained":["Immolate"]},{"damage_healed":0,"gold_gain":0,"player_choice":"Obtained Relic","damage_taken":0,"relics_obtained":["Orichalcum"],"max_hp_gain":0,"max_hp_loss":0,"event_name":"Addict","floor":20,"gold_loss":85},{"damage_healed":0,"gold_gain":0,"player_choice":"Fought Bandits","damage_taken":0,"max_hp_gain":0,"max_hp_loss":0,"event_name":"Masked Bandits","floor":21,"gold_loss":0},{"damage_healed":0,"gold_gain":0,"player_choice":"Read","damage_taken":0,"max_hp_gain":0,"max_hp_loss":0,"event_name":"The Library","floor":23,"gold_loss":0,"cards_obtained":["Evolve"]},{"damage_healed":0,"gold_gain":0,"player_choice":"Shed Blood","damage_taken":32,"max_hp_gain":5,"max_hp_loss":0,"event_name":"Forgotten Altar","floor":25,"gold_loss":0},{"damage_healed":0,"gold_gain":0,"player_choice":"Got Potions","damage_taken":0,"max_hp_gain":0,"max_hp_loss":0,"event_name":"Lab","floor":30,"gold_loss":0}],"is_beta":false,"boss_relics":[{"not_picked":["White Beast Statue","Pandora\u0027s Box"],"picked":"Runic Cube"}],"items_purged_floors":[22],"is_endless":false,"potions_floor_spawned":[3,4,10,13,16,18,21],"killed_by":"Automaton","ascension_level":20}