{"gold_per_floor":[17,28,28,47,58,83,83,108,108,120,120,146,166,199,199,272,272,291,206,206,256,271,303,314,344,344,344,344,344,364,398,398,475,475,489,489,190,290,290,319,319,319,319,353,378,378,406,322,322,322,322,322,322,10,38,38],"floor_reached":57,"playtime":3022,"items_purged":["Rip and Tear+1","Defend_B"],"score":3139,"play_id":"a5ca69e9-eed1-4d66-b5b3-8decdde499f8","local_time":"20190714152547","is_ascension_mode":true,"campfire_choices":[{"data":"Consume","floor":7.0,"key":"SMITH"},{"data":"Self Repair","floor":11.0,"key":"SMITH"},{"data":"Strike_B","floor":15.0,"key":"PURGE"},{"data":"Defend_B","floor":27.0,"key":"PURGE"},{"data":"Defragment","floor":29.0,"key":"SMITH"},{"data":"Creative AI","floor":32.0,"key":"SMITH"},{"data":"Zap","floor":41.0,"key":"PURGE"},{"floor":42.0,"key":"RECALL"},{"data":"Seek","floor":46.0,"key":"SMITH"},{"data":"Ball Lightning","floor":49,"key":"PURGE"},{"data":"Loop","floor":53,"key":"SMITH"}],"neow_cost":"NO_GOLD","seed_source_timestamp":133092665706200,"circlet_count":0,"master_deck":["AscendersBane","Defend_B","Dualcast","Self Repair+1","Ball Lightning","Consume+1","Electrodynamics","FTL","Chill","Skim","Seek+1","Defragment+1","Coolheaded+1","Capacitor","Capacitor","White Noise","Glacier","Creative AI+1","Core Surge","Compile Driver+1","Steam+1","Coolheaded","Madness","Madness","Hologram+1","Loop+1"],"special_seed":0,"relics":["Cracked Core","Peace Pipe","Mercury Hourglass","Ancient Tea Set","Bag of Preparation","Question Card","Dodecahedron","Coffee Dripper","Bag of Marbles","Red Mask","Singing Bowl","Dead Branch","Astrolabe","Medical Kit","WingedGreaves","Girya","Letter Opener","DataDisk","StoneCalendar","Darkstone Periapt","Lantern","Sundial"],"potions_floor_usage":[56,56,56,56],"damage_taken":[{"damage":4.0,"enemies":"Jaw Worm","floor":1.0,"turns":4.0},{"damage":6.0,"enemies":"Cultist","floor":2.0,"turns":3.0},{"damage":11.0,"enemies":"Small Slimes","floor":4.0,"turns":3.0},{"damage":9.0,"enemies":"Exordium Wildlife","floor":5.0,"turns":3.0},{"damage":35.0,"enemies":"3 Sentries","floor":6.0,"turns":6.0},{"damage":8.0,"enemies":"Gremlin Nob","floor":8.0,"turns":3.0},{"damage":0.0,"enemies":"2 Fungi Beasts","floor":10.0,"turns":2.0},{"damage":15.0,"enemies":"Lagavulin","floor":12.0,"turns":3.0},{"damage":6.0,"enemies":"Looter","floor":13.0,"turns":2.0},{"damage":10.0,"enemies":"3 Sentries","floor":14.0,"turns":4.0},{"damage":0.0,"enemies":"Slime Boss","floor":16.0,"turns":4.0},{"damage":0.0,"enemies":"Chosen","floor":18.0,"turns":3.0},{"damage":0.0,"enemies":"Spheric Guardian","floor":22.0,"turns":3.0},{"damage":0.0,"enemies":"Masked Bandits","floor":23.0,"turns":2.0},{"damage":11.0,"enemies":"Chosen and Byrds","floor":24.0,"turns":4.0},{"damage":23.0,"enemies":"Book of Stabbing","floor":25.0,"turns":4.0},{"damage":0.0,"enemies":"Centurion and Healer","floor":30.0,"turns":4.0},{"damage":0.0,"enemies":"Gremlin Leader","floor":31.0,"turns":5.0},{"damage":8.0,"enemies":"Champ","floor":33.0,"turns":8.0},{"damage":0.0,"enemies":"3 Darklings","floor":35.0,"turns":3.0},{"damage":0.0,"enemies":"Mind Bloom Boss Battle","floor":38.0,"turns":4.0},{"damage":8.0,"enemies":"Giant Head","floor":40.0,"turns":12.0},{"damage":6.0,"enemies":"Nemesis","floor":44.0,"turns":7.0},{"damage":0.0,"enemies":"Giant Head","floor":45.0,"turns":14.0},{"damage":0.0,"enemies":"Nemesis","floor":47.0,"turns":7.0},{"damage":0,"enemies":"Time Eater","floor":50,"turns":11},{"damage":33,"enemies":"Donu and Deca","floor":51,"turns":12},{"damage":22,"enemies":"Shield and Spear","floor":55,"turns":7},{"damage":64,"enemies":"The Heart","floor":56,"turns":10}],"seed_played":"4158099481826670149","potions_obtained":[{"floor":2.0,"key":"AttackPotion"},{"floor":3.0,"key":"Poison Potion"},{"floor":3.0,"key":"Strength Potion"},{"floor":6.0,"key":"GamblersBrew"},{"floor":8.0,"key":"EntropicBrew"},{"floor":13.0,"key":"SpeedPotion"},{"floor":18.0,"key":"FocusPotion"},{"floor":24.0,"key":"EntropicBrew"},{"floor":31.0,"key":"Dexterity Potion"}],"is_trial":false,"path_per_floor":["M","M","?","M","M","E","R","E","T","M","R","E","M","E","R","B",null,"M","?","?","?","M","?","M","E","T","R","?","R","M","E","R","B",null,"M","$","$","?","?","E","R","R","T","E","E","R","E","$","R","B","B",null,"R","$","E","B",null],"character_chosen":"DEFECT","items_purchased":["Medical Kit","Loop","Lantern","AttackPotion"],"campfire_rested":0,"item_purchase_floors":[37,48,54,54],"current_hp_per_floor":[60,61,61,57,55,20,20,19,19,26,26,21,15,15,15,15,57,67,67,67,67,71,71,70,57,57,57,57,57,67,71,71,71,71,71,71,71,73,60,64,64,64,64,70,79,79,79,79,79,79,66,76,76,76,76,22],"gold":38,"neow_bonus":"ONE_RARE_RELIC","is_prod":false,"is_daily":false,"chose_seed":false,"campfire_upgraded":6,"win_rate":0,"timestamp":1563085547,"path_taken":["M","M","?","?","M","E","R","E","T","M","R","E","M","E","R","BOSS","M","?","?","?","?","?","M","E","T","R","?","R","?","E","R","BOSS","M","?","$","?","?","E","R","R","T","E","E","R","E","?","R","BOSS","BOSS","R","$","E","BOSS"],"build_version":"2019-07-05","purchased_purges":2,"victory":true,"max_hp_per_floor":[71,71,71,71,71,71,71,71,71,71,71,71,71,71,71,71,71,71,71,71,71,71,71,71,71,71,71,71,71,71,71,71,71,71,71,71,71,73,73,75,75,75,75,77,79,79,79,79,79,79,79,79,79,79,81,81],"card_choices":[{"not_picked":["Rebound","Hologram"],"picked":"Self Repair","floor":1.0},{"not_picked":["Auto Shields","Storm"],"picked":"Ball Lightning","floor":2.0},{"not_picked":["Skim","Blizzard"],"picked":"Ball Lightning","floor":4.0},{"not_picked":["Turbo","Streamline"],"picked":"Consume","floor":5.0},{"not_picked":["Loop","Defragment"],"picked":"Electrodynamics","floor":6.0},{"not_picked":["Stack","Fusion","Sweeping Beam"],"picked":"SKIP","floor":8.0},{"not_picked":["Storm","Reprogram","BootSequence"],"picked":"SKIP","floor":10.0},{"not_picked":["Heatsinks","Reprogram"],"picked":"FTL","floor":12.0},{"not_picked":["Steam","Beam Cell","Rebound"],"picked":"Chill","floor":13.0},{"not_picked":["Chaos","Reprogram","Storm"],"picked":"Skim","floor":14.0},{"not_picked":["Multi-Cast","Rainbow","Hyperbeam"],"picked":"Seek","floor":16.0},{"not_picked":["Barrage+1","Ball Lightning+1","Cold Snap+1"],"picked":"Defragment","floor":18.0},{"not_picked":["Steam","Sunder","White Noise"],"picked":"Coolheaded+1","floor":22.0},{"not_picked":["Barrage","Double Energy","Rebound"],"picked":"Capacitor","floor":24.0},{"not_picked":["Sweeping Beam","Auto Shields","Go for the Eyes"],"picked":"Capacitor","floor":25.0},{"not_picked":["Skim","Conserve Battery","Self Repair"],"picked":"Glacier","floor":30.0},{"not_picked":["Stack","Gash","Leap"],"picked":"Creative AI","floor":31.0},{"not_picked":["Thunder Strike","Amplify","Rainbow"],"picked":"Core Surge","floor":33.0},{"not_picked":["Conserve Battery+1","Redo","Cold Snap"],"picked":"Coolheaded","floor":35.0},{"not_picked":["Rebound+1","Self Repair","Skim+1","Undo+1"],"picked":"Singing Bowl","floor":38.0},{"not_picked":["Tempest","Gash+1","Beam Cell+1","Capacitor+1"],"picked":"Singing Bowl","floor":40.0},{"not_picked":["Compile Driver","Steam","Buffer","Leap"],"picked":"Singing Bowl","floor":44.0},{"not_picked":["Self Repair","Go for the Eyes","Conserve Battery+1","Sweeping Beam"],"picked":"Singing Bowl","floor":45.0},{"not_picked":["Go for the Eyes","Meteor Strike","Conserve Battery"],"picked":"Hologram+1","floor":47.0},{"not_picked":["Steam Power","Turbo","Streamline+1","Gash"],"picked":"Singing Bowl","floor":55}],"player_experience":1027332,"relics_obtained":[{"floor":6.0,"key":"Mercury Hourglass"},{"floor":8.0,"key":"Ancient Tea Set"},{"floor":9.0,"key":"Bag of Preparation"},{"floor":12.0,"key":"Question Card"},{"floor":14.0,"key":"Dodecahedron"},{"floor":23.0,"key":"Red Mask"},{"floor":25.0,"key":"Singing Bowl"},{"floor":31.0,"key":"Dead Branch"},{"floor":38.0,"key":"WingedGreaves"},{"floor":40.0,"key":"Girya"},{"floor":43.0,"key":"Letter Opener"},{"floor":44.0,"key":"DataDisk"},{"floor":45.0,"key":"StoneCalendar"},{"floor":47.0,"key":"Darkstone Periapt"},{"floor":55,"key":"Sundial"}],"event_choices":[{"damage_healed":0.0,"max_hp_gain":0.0,"max_hp_loss":0.0,"gold_gain":0.0,"event_name":"Lab","player_choice":"Got Potions","floor":3.0,"gold_loss":0.0,"damage_taken":0.0},{"damage_healed":0.0,"max_hp_gain":0.0,"max_hp_loss":0.0,"gold_gain":0.0,"event_name":"Addict","player_choice":"Obtained Relic","floor":19.0,"gold_loss":85.0,"damage_taken":0.0,"relics_obtained":["Bag of Marbles"]},{"cards_removed":["Strike_B"],"damage_healed":0.0,"max_hp_gain":0.0,"max_hp_loss":0.0,"gold_gain":0.0,"event_name":"Back to Basics","player_choice":"Elegance","floor":20.0,"gold_loss":0.0,"damage_taken":0.0},{"damage_healed":0.0,"max_hp_gain":0.0,"max_hp_loss":0.0,"gold_gain":50.0,"event_name":"Nest","player_choice":"Stole From Cult","floor":21.0,"gold_loss":0.0,"damage_taken":0.0},{"damage_healed":0.0,"max_hp_gain":0.0,"max_hp_loss":0.0,"gold_gain":0.0,"event_name":"Masked Bandits","player_choice":"Fought Bandits","floor":23.0,"gold_loss":0.0,"damage_taken":0.0},{"damage_healed":0.0,"max_hp_gain":0.0,"max_hp_loss":0.0,"gold_gain":0.0,"event_name":"Match and Keep!","player_choice":"1 cards matched","floor":28.0,"gold_loss":0.0,"damage_taken":0.0,"cards_obtained":["White Noise"]},{"damage_healed":0.0,"max_hp_gain":0.0,"max_hp_loss":0.0,"gold_gain":0.0,"event_name":"MindBloom","player_choice":"Fight","floor":38.0,"gold_loss":0.0,"damage_taken":0.0},{"damage_healed":0.0,"max_hp_gain":0.0,"max_hp_loss":0.0,"gold_gain":0.0,"event_name":"Winding Halls","player_choice":"Embrace Madness","floor":39.0,"gold_loss":0.0,"damage_taken":13.0,"cards_obtained":["Madness","Madness"]}],"is_beta":false,"boss_relics":[{"not_picked":["Cursed Key","Eternal Feather"],"picked":"Coffee Dripper"},{"not_picked":["Pandora\u0027s Box","Empty Cage"],"picked":"Astrolabe"}],"items_purged_floors":[37,54],"is_endless":false,"potions_floor_spawned":[2,6,8,13,16,18,22,24,31,35,40,45],"ascension_level":20}