{"gold_per_floor":[113,126,126,126,136,136,169,169,169,203,203,236,250,268,268,344,344,360,360,373,288,301,301,301],"floor_reached":24,"playtime":824,"items_purged":[],"score":436,"play_id":"dde6539c-2b53-4694-9ca0-5b6e4240b183","local_time":"20190725112448","is_ascension_mode":true,"campfire_choices":[{"data":"Barrage","floor":6,"key":"SMITH"},{"data":"Static Discharge","floor":8,"key":"SMITH"},{"data":"Coolheaded","floor":11,"key":"SMITH"},{"data":"Zap","floor":15,"key":"SMITH"},{"floor":23,"key":"REST"}],"neow_cost":"PERCENT_DAMAGE","seed_source_timestamp":503526841526400,"circlet_count":0,"master_deck":["AscendersBane","Strike_B","Strike_B","Strike_B","Defend_B","Defend_B","Defend_B","Defend_B","Zap+1","Dualcast","Self Repair","Barrage+1","Coolheaded+1","Static Discharge+1","Self Repair","Ball Lightning","Echo Form","Heatsinks"],"relics":["Cracked Core","FossilizedHelix","Pantograph","The Courier","Sundial","Inserter","Toxic Egg 2"],"potions_floor_usage":[7,10,12,16,19],"damage_taken":[{"damage":0,"enemies":"2 Louse","floor":1,"turns":3},{"damage":0,"enemies":"Cultist","floor":2,"turns":4},{"damage":5,"enemies":"Small Slimes","floor":5,"turns":5},{"damage":20,"enemies":"3 Sentries","floor":7,"turns":10},{"damage":16,"enemies":"Gremlin Nob","floor":10,"turns":4},{"damage":16,"enemies":"3 Sentries","floor":12,"turns":5},{"damage":7,"enemies":"3 Louse","floor":13,"turns":6},{"damage":13,"enemies":"Exordium Wildlife","floor":14,"turns":6},{"damage":39,"enemies":"Hexaghost","floor":16,"turns":7},{"damage":28,"enemies":"2 Thieves","floor":18,"turns":3},{"damage":0,"enemies":"Spheric Guardian","floor":19,"turns":3},{"damage":33,"enemies":"Snecko","floor":20,"turns":6},{"damage":27,"enemies":"Shelled Parasite and Fungi","floor":22,"turns":4},{"damage":53,"enemies":"Slavers","floor":24,"turns":3}],"seed_played":"-6593210776063269325","potions_obtained":[{"floor":1,"key":"Weak Potion"},{"floor":4,"key":"FocusPotion"},{"floor":10,"key":"Fire Potion"},{"floor":12,"key":"SmokeBomb"},{"floor":14,"key":"SkillPotion"}],"is_trial":false,"path_per_floor":["M","M","?","?","M","R","E","R","T","E","R","E","M","M","R","B",null,"M","M","M","?","M","R","E"],"character_chosen":"DEFECT","items_purchased":[],"campfire_rested":1,"item_purchase_floors":[],"current_hp_per_floor":[46,53,46,46,48,48,35,35,35,26,26,17,24,25,25,25,60,46,53,48,48,28,49,0],"gold":301,"neow_bonus":"ONE_RARE_RELIC","is_prod":false,"is_daily":false,"chose_seed":false,"campfire_upgraded":4,"win_rate":0,"timestamp":1564021488,"path_taken":["M","M","?","?","M","R","E","R","T","E","R","E","?","M","R","BOSS","M","M","M","?","M","R","E"],"build_version":"2019-07-17","purchased_purges":0,"victory":false,"max_hp_per_floor":[71,71,71,71,71,71,71,71,71,71,71,71,71,71,71,71,71,71,71,71,71,71,71,71],"card_choices":[{"not_picked":["Tempest","Blizzard"],"picked":"Self Repair","floor":1},{"not_picked":["Leap","Conserve Battery"],"picked":"Barrage","floor":2},{"not_picked":["Leap","Compile Driver"],"picked":"Coolheaded","floor":5},{"not_picked":["Storm","Fusion"],"picked":"Static Discharge","floor":7},{"not_picked":["Skim","Gash"],"picked":"Self Repair","floor":10},{"not_picked":["Stack","Reprogram","Aggregate"],"picked":"SKIP","floor":12},{"not_picked":["Stack","Reprogram","Aggregate"],"picked":"SKIP","floor":12},{"not_picked":["Turbo","Stack","Storm"],"picked":"SKIP","floor":13},{"not_picked":["Beam Cell","Go for the Eyes"],"picked":"Ball Lightning","floor":14},{"not_picked":["Core Surge","Amplify"],"picked":"Echo Form","floor":16},{"not_picked":["Barrage+1","Aggregate"],"picked":"Heatsinks","floor":18},{"not_picked":["Gash","Reinforced Body","Cold Snap"],"picked":"SKIP","floor":20},{"not_picked":["Cold Snap","Static Discharge","Sweeping Beam"],"picked":"SKIP","floor":22}],"player_experience":1199834,"relics_obtained":[{"floor":7,"key":"Pantograph"},{"floor":9,"key":"The Courier"},{"floor":12,"key":"Sundial"}],"event_choices":[{"cards_removed":["Strike_B"],"damage_healed":0,"gold_gain":0,"player_choice":"Card Removal","damage_taken":7,"max_hp_gain":0,"max_hp_loss":0,"event_name":"Golden Wing","floor":3,"gold_loss":0},{"damage_healed":0,"gold_gain":0,"player_choice":"Got Potions","damage_taken":0,"max_hp_gain":0,"max_hp_loss":0,"event_name":"Lab","floor":4,"gold_loss":0},{"damage_healed":0,"gold_gain":0,"player_choice":"Obtained Relic","damage_taken":0,"relics_obtained":["Toxic Egg 2"],"max_hp_gain":0,"max_hp_loss":0,"event_name":"Addict","floor":21,"gold_loss":85}],"is_beta":false,"boss_relics":[{"not_picked":["Philosopher\u0027s Stone","Calling Bell"],"picked":"Inserter"}],"items_purged_floors":[],"is_endless":false,"potions_floor_spawned":[1,10,12,14],"killed_by":"Slavers","ascension_level":20}