{"gold_per_floor":[119,119,38,38,48,48,64,89,89,123,123,123,123,198,198,274,274,286,286,286,298,25,25,60,60,60,89,104,114,134,145,145,223,223,234,289,289,289,308,308,336,336,389,423,423,449,148,167,167,167,167,167,167,19,45,45],"floor_reached":56,"playtime":2348,"items_purged":["Strike_R","Strike_R"],"score":1958,"play_id":"5df69c2a-b122-46f4-99d3-b108a57a9867","local_time":"20190723194307","is_ascension_mode":true,"campfire_choices":[{"data":"Carnage","floor":6,"key":"SMITH"},{"data":"Bash","floor":11,"key":"SMITH"},{"data":"Anger","floor":13,"key":"SMITH"},{"data":"Evolve","floor":15,"key":"SMITH"},{"data":"Pommel Strike","floor":23,"key":"SMITH"},{"data":"Shrug It Off","floor":25,"key":"SMITH"},{"data":"1","floor":32,"key":"LIFT"},{"data":"2","floor":40,"key":"LIFT"},{"data":"3","floor":45,"key":"LIFT"},{"floor":49,"key":"RECALL"},{"data":"Juggernaut","floor":53,"key":"SMITH"}],"neow_cost":"PERCENT_DAMAGE","seed_source_timestamp":359098623314700,"circlet_count":0,"master_deck":["AscendersBane","Defend_R","Defend_R","Defend_R","Defend_R","Sword Boomerang","Anger+1","Shrug It Off+1","Carnage+1","Pommel Strike+1","Evolve+1","Seeing Red","Immolate+1","Feel No Pain+1","Pommel Strike+1","Second Wind+1","Intimidate+1","Corruption","Flame Barrier+1","Juggernaut+1","Body Slam+1","Dark Shackles+1","Panacea+1","Shrug It Off+1","Dual Wield+1","Entrench+1","Dropkick+1","True Grit+1","Discovery+1","True Grit+1"],"relics":["Burning Blood","Magic Flower","Omamori","Molten Egg 2","Bird Faced Urn","Coffee Dripper","Pear","Toxic Egg 2","Potion Belt","Meat on the Bone","Girya","Black Star","Du-Vu Doll","Regal Pillow","Bronze Scales","Ornamental Fan","Dodecahedron","Nunchaku","Bottled Tornado","Membership Card","Kunai","Blood Vial"],"potions_floor_usage":[8,33,39,41,44,44,46,46,55,56],"damage_taken":[{"damage":4,"enemies":"Small Slimes","floor":1,"turns":3},{"damage":0,"enemies":"Cultist","floor":5,"turns":4},{"damage":5,"enemies":"2 Louse","floor":7,"turns":3},{"damage":21,"enemies":"3 Sentries","floor":8,"turns":11},{"damage":8,"enemies":"Gremlin Nob","floor":10,"turns":3},{"damage":28,"enemies":"Slime Boss","floor":16,"turns":6},{"damage":6,"enemies":"Spheric Guardian","floor":18,"turns":3},{"damage":13,"enemies":"3 Byrds","floor":21,"turns":4},{"damage":51,"enemies":"Book of Stabbing","floor":24,"turns":4},{"damage":13,"enemies":"Gremlin Leader","floor":27,"turns":4},{"damage":37,"enemies":"Snake Plant","floor":28,"turns":4},{"damage":23,"enemies":"Snecko","floor":29,"turns":4},{"damage":8,"enemies":"Cultist and Chosen","floor":30,"turns":4},{"damage":5,"enemies":"Shelled Parasite and Fungi","floor":31,"turns":4},{"damage":45,"enemies":"Automaton","floor":33,"turns":7},{"damage":4,"enemies":"3 Shapes","floor":35,"turns":5},{"damage":57,"enemies":"2 Orb Walkers","floor":36,"turns":5},{"damage":35,"enemies":"3 Darklings","floor":39,"turns":4},{"damage":71,"enemies":"Giant Head","floor":41,"turns":8},{"damage":12,"enemies":"Nemesis","floor":44,"turns":7},{"damage":61,"enemies":"Giant Head","floor":46,"turns":8},{"damage":18,"enemies":"Maw","floor":48,"turns":7},{"damage":55,"enemies":"Donu and Deca","floor":50,"turns":6},{"damage":35,"enemies":"Time Eater","floor":51,"turns":10},{"damage":18,"enemies":"Shield and Spear","floor":55,"turns":5},{"damage":82,"enemies":"The Heart","floor":56,"turns":8}],"seed_played":"3446482482227499948","potions_obtained":[{"floor":5,"key":"AttackPotion"},{"floor":7,"key":"SkillPotion"},{"floor":16,"key":"SpeedPotion"},{"floor":21,"key":"PowerPotion"},{"floor":27,"key":"Explosive Potion"},{"floor":28,"key":"SteroidPotion"},{"floor":33,"key":"Weak Potion"},{"floor":39,"key":"Weak Potion"},{"floor":44,"key":"Weak Potion"},{"floor":48,"key":"Swift Potion"}],"is_trial":false,"path_per_floor":["M","?","$","T","M","R","M","E","T","E","R","?","R","?","R","B",null,"M","?","?","M","$","R","E","R","T","E","M","M","M","M","R","B",null,"M","?","?","?","M","R","E","?","T","E","R","E","$","M","R","B","B",null,"R","$","E","B"],"character_chosen":"IRONCLAD","items_purchased":["Anger","Shrug It Off","Toxic Egg 2","Membership Card","Dropkick+1","Discovery+1","SpeedPotion","True Grit+1"],"campfire_rested":0,"item_purchase_floors":[3,3,22,47,47,54,54,54],"current_hp_per_floor":[52,52,52,52,61,61,65,53,53,54,54,59,59,48,48,32,68,74,74,84,86,86,86,50,50,50,70,66,55,62,75,75,69,85,90,72,72,62,60,60,28,28,28,55,55,36,36,57,57,44,54,81,81,81,84,11],"gold":45,"neow_bonus":"REMOVE_TWO","is_prod":false,"is_daily":false,"chose_seed":false,"campfire_upgraded":7,"win_rate":0,"timestamp":1563878587,"path_taken":["M","?","$","?","?","R","M","E","T","E","R","?","R","?","R","BOSS","M","?","?","M","$","R","E","R","T","E","?","M","M","M","R","BOSS","M","?","?","?","M","R","E","?","T","E","R","E","$","M","R","BOSS","BOSS","R","$","E","BOSS"],"build_version":"2019-07-17","purchased_purges":2,"victory":false,"max_hp_per_floor":[75,75,75,75,75,75,75,75,75,75,75,80,80,80,80,80,80,80,80,90,90,90,90,90,90,90,90,90,90,90,90,90,90,90,90,90,90,90,90,90,90,90,90,90,90,90,90,90,90,90,90,90,90,90,90,90],"card_choices":[{"not_picked":["Havoc","Hemokinesis"],"picked":"Sword Boomerang","floor":1},{"not_picked":["Pummel","Second Wind"],"picked":"Carnage","floor":5},{"not_picked":["Anger","Blood for Blood"],"picked":"Pommel Strike","floor":7},{"not_picked":["Body Slam","Twin Strike"],"picked":"Evolve","floor":8},{"not_picked":["Wild Strike+1","Flex"],"picked":"Seeing Red","floor":10},{"not_picked":["Reaper+1","Feed+1"],"picked":"Immolate+1","floor":16},{"not_picked":["Power Through","Wild Strike+1"],"picked":"Feel No Pain+1","floor":18},{"not_picked":["Cleave+1","Warcry"],"picked":"Pommel Strike+1","floor":21},{"not_picked":["Armaments+1","Headbutt+1","Wild Strike+1"],"picked":"SKIP","floor":24},{"not_picked":["Sentinel+1","Searing Blow+1"],"picked":"Second Wind+1","floor":27},{"not_picked":["Sword Boomerang+1","Bloodletting+1"],"picked":"Intimidate+1","floor":28},{"not_picked":["Perfected Strike+1","Evolve","Clash+1"],"picked":"SKIP","floor":29},{"not_picked":["Heavy Blade+1","Dual Wield+1"],"picked":"Corruption","floor":30},{"not_picked":["Evolve","Second Wind+1"],"picked":"Flame Barrier+1","floor":31},{"not_picked":["Exhume+1","Fiend Fire+1"],"picked":"Juggernaut","floor":33},{"not_picked":["Uppercut+1","Warcry+1"],"picked":"Body Slam+1","floor":35},{"not_picked":["Dramatic Entrance+1","Mayhem"],"picked":"Dark Shackles+1","floor":38},{"not_picked":["Metamorphosis+1","Bandage Up+1"],"picked":"Panacea+1","floor":38},{"not_picked":["Twin Strike+1","Pommel Strike+1"],"picked":"Shrug It Off+1","floor":39},{"not_picked":["Uppercut+1","Pommel Strike+1","Clash+1"],"picked":"SKIP","floor":41},{"not_picked":["Clothesline+1","Feed+1"],"picked":"Dual Wield+1","floor":44},{"not_picked":["Bloodletting+1","Spot Weakness+1"],"picked":"Entrench+1","floor":46},{"not_picked":["Warcry+1","Sword Boomerang+1"],"picked":"True Grit+1","floor":48},{"not_picked":["Wild Strike+1","Blood for Blood+1","Searing Blow+1"],"picked":"SKIP","floor":55}],"player_experience":1151464,"relics_obtained":[{"floor":4,"key":"Magic Flower"},{"floor":8,"key":"Omamori"},{"floor":9,"key":"Molten Egg 2"},{"floor":10,"key":"Bird Faced Urn"},{"floor":24,"key":"Potion Belt"},{"floor":26,"key":"Meat on the Bone"},{"floor":27,"key":"Girya"},{"floor":36,"key":"Du-Vu Doll"},{"floor":41,"key":"Regal Pillow"},{"floor":41,"key":"Bronze Scales"},{"floor":44,"key":"Ornamental Fan"},{"floor":44,"key":"Dodecahedron"},{"floor":46,"key":"Nunchaku"},{"floor":46,"key":"Bottled Tornado"},{"floor":55,"key":"Kunai"},{"floor":55,"key":"Blood Vial"}],"event_choices":[{"cards_removed":["Strike_R"],"damage_healed":0,"gold_gain":0,"player_choice":"Purged","damage_taken":0,"max_hp_gain":0,"max_hp_loss":0,"event_name":"Purifier","floor":2,"gold_loss":0},{"damage_healed":0,"gold_gain":0,"player_choice":"Donut","damage_taken":0,"max_hp_gain":5,"max_hp_loss":0,"event_name":"Big Fish","floor":12,"gold_loss":0},{"damage_healed":0,"gold_gain":75,"player_choice":"Gather Gold","damage_taken":11,"max_hp_gain":0,"max_hp_loss":0,"event_name":"World of Goop","floor":14,"gold_loss":0},{"damage_healed":0,"gold_gain":0,"player_choice":"Ignored","damage_taken":0,"max_hp_gain":0,"max_hp_loss":0,"event_name":"Ghosts","floor":19,"gold_loss":0},{"damage_healed":0,"gold_gain":0,"player_choice":"Gave Potion","damage_taken":0,"relics_obtained":["Pear"],"max_hp_gain":0,"max_hp_loss":0,"event_name":"WeMeetAgain","floor":20,"gold_loss":0},{"damage_healed":0,"gold_gain":0,"player_choice":"Fight","damage_taken":0,"max_hp_gain":0,"max_hp_loss":0,"event_name":"Mysterious Sphere","floor":36,"gold_loss":0},{"damage_healed":0,"gold_gain":0,"player_choice":"Ignored","damage_taken":0,"max_hp_gain":0,"max_hp_loss":0,"event_name":"Tomb of Lord Red Mask","floor":37,"gold_loss":0},{"damage_healed":0,"gold_gain":0,"player_choice":"Memory 3","damage_taken":10,"max_hp_gain":0,"max_hp_loss":0,"event_name":"SensoryStone","floor":38,"gold_loss":0},{"cards_removed":["Bash"],"damage_healed":0,"gold_gain":0,"player_choice":"Removed Attack","damage_taken":0,"max_hp_gain":0,"max_hp_loss":0,"event_name":"Falling","floor":42,"gold_loss":0}],"is_beta":false,"boss_relics":[{"not_picked":["Philosopher\u0027s Stone","White Beast Statue"],"picked":"Coffee Dripper"},{"not_picked":["Velvet Choker","Busted Crown"],"picked":"Black Star"}],"items_purged_floors":[47,54],"is_endless":false,"potions_floor_spawned":[5,7,16,21,27,28,33,39,44,48],"killed_by":"The Heart","ascension_level":20}