{"gold_per_floor":[367,255,180,193,207,207,240,240,286,99,133,133,133,133,133,207,207,222,245,81,61,77,102,121,139,192,192,192,218,218,246,246,318,318,333,350,366,376,251,283,233,233,233,265,265,265,265,265,265,265,265,265,265,83,118,118],"floor_reached":57,"playtime":2284,"items_purged":["Strike_R","Strike_R","Writhe"],"score":3019,"play_id":"e075c581-6222-4f9c-97ca-9c44a6bee6d9","local_time":"20190615221439","is_ascension_mode":true,"campfire_choices":[{"data":"Inflame","floor":6,"key":"SMITH"},{"floor":8,"key":"REST"},{"data":"Inflame","floor":15,"key":"SMITH"},{"floor":28,"key":"REST"},{"data":"Demon Form","floor":32,"key":"SMITH"},{"data":"Juggernaut","floor":42,"key":"SMITH"},{"floor":46,"key":"RECALL"},{"data":"Impervious","floor":49,"key":"SMITH"},{"data":"Armaments","floor":53,"key":"SMITH"}],"neow_cost":"PERCENT_DAMAGE","seed_source_timestamp":112242932820000,"circlet_count":0,"master_deck":["AscendersBane","Defend_R","Defend_R","Defend_R","Defend_R","Bash","Twin Strike","Inflame+1","Sword Boomerang","Impervious+1","Inflame+1","Corruption","Feed","Shrug It Off","Demon Form+1","Armaments+1","Sentinel","Armaments+1","Body Slam","Ghostly","Ghostly","Ghostly","Disarm+1","Barricade","Feel No Pain+1","Power Through","Juggernaut+1","Secret Technique","Jack Of All Trades","Mind Blast","Evolve","Shrug It Off","Pummel","Shockwave"],"relics":["Burning Blood","Lantern","Oddly Smooth Stone","Pen Nib","Snecko Eye","Bag of Marbles","Singing Bowl","Calipers","Orichalcum","Juzu Bracelet","Coffee Dripper","Bag of Preparation","Mummified Hand","Omamori","Magic Flower"],"potions_floor_usage":[16,23,23,25,25,36,56,56,56],"damage_taken":[{"damage":15,"enemies":"Small Slimes","floor":1,"turns":4},{"damage":12,"enemies":"2 Louse","floor":4,"turns":4},{"damage":2,"enemies":"Cultist","floor":5,"turns":4},{"damage":20,"enemies":"Lagavulin","floor":7,"turns":7},{"damage":42,"enemies":"3 Sentries","floor":11,"turns":11},{"damage":52,"enemies":"Slime Boss","floor":16,"turns":10},{"damage":4,"enemies":"2 Thieves","floor":18,"turns":4},{"damage":9,"enemies":"Shell Parasite","floor":22,"turns":3},{"damage":71,"enemies":"Slavers","floor":23,"turns":8},{"damage":0,"enemies":"Centurion and Healer","floor":24,"turns":5},{"damage":0,"enemies":"Snake Plant","floor":25,"turns":4},{"damage":6,"enemies":"Book of Stabbing","floor":29,"turns":5},{"damage":0,"enemies":"Gremlin Leader","floor":31,"turns":5},{"damage":7,"enemies":"Champ","floor":33,"turns":7},{"damage":0,"enemies":"3 Shapes","floor":35,"turns":7},{"damage":35,"enemies":"3 Darklings","floor":36,"turns":7},{"damage":0,"enemies":"Spire Growth","floor":37,"turns":6},{"damage":18,"enemies":"4 Shapes","floor":38,"turns":7},{"damage":0,"enemies":"Nemesis","floor":40,"turns":5},{"damage":0,"enemies":"Giant Head","floor":44,"turns":6},{"damage":7,"enemies":"Awakened One","floor":50,"turns":7},{"damage":0,"enemies":"Donu and Deca","floor":51,"turns":7},{"damage":7,"enemies":"Shield and Spear","floor":55,"turns":7},{"damage":4,"enemies":"The Heart","floor":56,"turns":6}],"seed_played":"-7393372724329893522","potions_obtained":[{"floor":1,"key":"Weak Potion"},{"floor":4,"key":"SneckoOil"},{"floor":11,"key":"GamblersBrew"},{"floor":18,"key":"Poison Potion"},{"floor":23,"key":"Weak Potion"},{"floor":24,"key":"Regen Potion"},{"floor":33,"key":"AttackPotion"},{"floor":35,"key":"EssenceOfSteel"},{"floor":37,"key":"EntropicBrew"}],"is_trial":false,"path_per_floor":["M","$","?","M","M","R","E","R","T","$","E","?","?","?","R","B",null,"M","T","$","?","M","E","M","M","T","?","R","E","?","E","R","B",null,"M","M","M","M","$","E","?","R","T","E","?","R","?","$","R","B","B",null,"R","$","E","B",null],"character_chosen":"IRONCLAD","items_purchased":["Inflame","Inflame","Demon Form","Evolve","Shrug It Off","Pummel"],"campfire_rested":2,"item_purchase_floors":[2,10,20,54,54,54],"current_hp_per_floor":[41,41,41,35,39,39,25,47,47,47,11,4,4,75,75,29,64,69,69,69,69,69,7,16,36,36,36,63,66,47,50,50,52,53,57,32,44,35,35,46,46,46,46,57,47,47,47,47,47,50,60,81,81,81,84,95],"gold":118,"neow_bonus":"TWO_FIFTY_GOLD","is_prod":false,"is_daily":false,"chose_seed":false,"campfire_upgraded":6,"win_rate":0,"timestamp":1560604479,"path_taken":["M","$","?","M","M","R","E","R","T","$","E","?","?","?","R","BOSS","M","?","$","?","?","E","M","?","T","?","R","E","?","E","R","BOSS","M","M","M","M","$","E","?","R","T","E","?","R","?","$","R","BOSS","BOSS","R","$","E","BOSS"],"build_version":"2019-01-23","purchased_purges":3,"victory":true,"max_hp_per_floor":[75,75,75,75,75,75,75,75,75,75,75,75,75,75,75,75,75,78,78,78,78,81,84,87,92,92,92,92,95,47,50,50,53,53,57,61,67,70,70,75,75,75,75,80,80,80,80,80,80,84,88,88,88,88,92,96],"card_choices":[{"not_picked":["Dual Wield","Armaments"],"picked":"Twin Strike","floor":1},{"not_picked":["Thunderclap","Clash","Iron Wave"],"picked":"SKIP","floor":4},{"not_picked":["Clothesline","Wild Strike"],"picked":"Sword Boomerang","floor":5},{"not_picked":["Pommel Strike","Armaments"],"picked":"Impervious","floor":7},{"not_picked":["Iron Wave","Sentinel"],"picked":"Corruption","floor":11},{"not_picked":["Bludgeon","Fiend Fire"],"picked":"Feed","floor":16},{"not_picked":["Twin Strike","Burning Pact"],"picked":"Shrug It Off","floor":18},{"not_picked":["Havoc","Iron Wave+1"],"picked":"Armaments","floor":22},{"not_picked":["Rupture","Berserk"],"picked":"Sentinel","floor":23},{"not_picked":["Clothesline","Rupture"],"picked":"Armaments","floor":24},{"not_picked":["Thunderclap","Uppercut","Sever Soul"],"picked":"Singing Bowl","floor":25},{"not_picked":["Headbutt","Evolve"],"picked":"Body Slam","floor":29},{"not_picked":["Fire Breathing","Havoc"],"picked":"Disarm+1","floor":31},{"not_picked":["Immolate","Exhume"],"picked":"Barricade","floor":33},{"not_picked":["Carnage+1","Burning Pact"],"picked":"Feel No Pain+1","floor":35},{"not_picked":["Pommel Strike","Perfected Strike"],"picked":"Power Through","floor":36},{"not_picked":["Headbutt","Sword Boomerang","Iron Wave"],"picked":"Singing Bowl","floor":37},{"not_picked":["True Grit","Flex+1"],"picked":"Juggernaut","floor":38},{"not_picked":["Headbutt","Bloodletting","Twin Strike+1"],"picked":"Singing Bowl","floor":40},{"not_picked":["Cleave","Pummel","Searing Blow+1"],"picked":"Singing Bowl","floor":44},{"not_picked":["Impatience","Finesse"],"picked":"Secret Technique","floor":45},{"not_picked":["Swift Strike","Jack Of All Trades"],"picked":"Good Instincts","floor":45},{"not_picked":["Good Instincts","Madness"],"picked":"Jack Of All Trades","floor":45},{"not_picked":["Bloodletting","Spot Weakness"],"picked":"Shockwave","floor":55}],"player_experience":676654,"relics_obtained":[{"floor":7,"key":"Lantern"},{"floor":9,"key":"Oddly Smooth Stone"},{"floor":11,"key":"Pen Nib"},{"floor":19,"key":"Bag of Marbles"},{"floor":23,"key":"Singing Bowl"},{"floor":29,"key":"Orichalcum"},{"floor":31,"key":"Juzu Bracelet"},{"floor":40,"key":"Bag of Preparation"},{"floor":43,"key":"Mummified Hand"},{"floor":44,"key":"Omamori"},{"floor":55,"key":"Magic Flower"}],"event_choices":[{"cards_removed":["Strike_R"],"damage_healed":0,"gold_gain":0,"player_choice":"Card Removal","damage_taken":0,"max_hp_gain":0,"max_hp_loss":0,"event_name":"The Cleric","floor":3,"gold_loss":75},{"cards_removed":["Strike_R"],"damage_healed":0,"gold_gain":0,"player_choice":"Card Removal","damage_taken":7,"max_hp_gain":0,"max_hp_loss":0,"event_name":"Golden Wing","floor":12,"gold_loss":0},{"damage_healed":0,"gold_gain":0,"cards_transformed":["Strike_R"],"player_choice":"Change","damage_taken":0,"max_hp_gain":0,"max_hp_loss":0,"event_name":"Living Wall","floor":13,"gold_loss":0,"cards_obtained":["Burning Pact"]},{"cards_removed":["Burning Pact"],"damage_healed":71,"gold_gain":0,"player_choice":"Offered Uncommon","damage_taken":0,"max_hp_gain":0,"max_hp_loss":0,"event_name":"Bonfire Elementals","floor":14,"gold_loss":0},{"damage_healed":0,"gold_gain":0,"player_choice":"Bought 1 Potion","damage_taken":0,"max_hp_gain":0,"max_hp_loss":0,"event_name":"The Woman in Blue","floor":21,"gold_loss":0},{"damage_healed":0,"gold_gain":0,"player_choice":"Opened","damage_taken":0,"relics_obtained":["Calipers"],"max_hp_gain":0,"max_hp_loss":0,"event_name":"The Mausoleum","floor":27,"gold_loss":0,"cards_obtained":["Writhe"]},{"damage_healed":0,"gold_gain":0,"player_choice":"Became a Ghost","damage_taken":0,"max_hp_gain":0,"max_hp_loss":48,"event_name":"Ghosts","floor":30,"gold_loss":0,"cards_obtained":["Ghostly","Ghostly","Ghostly"]},{"damage_healed":0,"gold_gain":0,"player_choice":"Upgrade","damage_taken":0,"max_hp_gain":0,"max_hp_loss":0,"event_name":"Designer","floor":41,"gold_loss":50,"cards_upgraded":["Armaments"]},{"damage_healed":0,"gold_gain":0,"player_choice":"Memory 3","damage_taken":10,"max_hp_gain":0,"max_hp_loss":0,"event_name":"SensoryStone","floor":45,"gold_loss":0},{"damage_healed":0,"gold_gain":0,"cards_transformed":["Good Instincts"],"player_choice":"Transformed","damage_taken":0,"max_hp_gain":0,"max_hp_loss":0,"event_name":"Transmorgrifier","floor":47,"gold_loss":0,"cards_obtained":["Mind Blast"]}],"is_beta":false,"boss_relics":[{"not_picked":["Astrolabe","Orrery"],"picked":"Snecko Eye"},{"not_picked":["Fusion Hammer","Lizard Tail"],"picked":"Coffee Dripper"}],"items_purged_floors":[2,10,39],"is_endless":false,"potions_floor_spawned":[1,4,11,18,23,24,33,35,37,44],"ascension_level":20}