{"gold_per_floor":[116,116,127,138,149,149,159,175,200,200,28,45,73,136,136,239,239,255,238,165,165],"floor_reached":21,"playtime":1989,"items_purged":["Regret"],"score":338,"play_id":"53145684-84af-4751-9c65-51c424bac2d6","local_time":"20190619194928","is_ascension_mode":true,"campfire_choices":[{"floor":6.0,"key":"REST"},{"floor":15.0,"key":"REST"}],"neow_cost":"NONE","seed_source_timestamp":520669200510969,"circlet_count":0,"master_deck":["Defend_G","Defend_G","Defend_G","Defend_G","Defend_G","Strike_G","Strike_G","Strike_G","Strike_G","Strike_G","Survivor","Neutralize","Burst","Cloak And Dagger","Terror","Masterful Stab","Dagger Spray","Riddle With Holes","Blade Dance","Infinite Blades","Die Die Die","Quick Slash","Accuracy"],"special_seed":0,"relics":["Ring of the Snake","Turnip","Potion Belt","Blood Vial","Juzu Bracelet"],"potions_floor_usage":[16,16,18,21],"damage_taken":[{"damage":0.0,"enemies":"Small Slimes","floor":1.0,"turns":6.0},{"damage":2.0,"enemies":"Cultist","floor":3.0,"turns":4.0},{"damage":0.0,"enemies":"2 Louse","floor":4.0,"turns":2.0},{"damage":19.0,"enemies":"Exordium Thugs","floor":5.0,"turns":7.0},{"damage":2.0,"enemies":"Gremlin Gang","floor":7.0,"turns":6.0},{"damage":1.0,"enemies":"2 Fungi Beasts","floor":8.0,"turns":3.0},{"damage":6.0,"enemies":"Lots of Slimes","floor":12.0,"turns":5.0},{"damage":20.0,"enemies":"Gremlin Nob","floor":13.0,"turns":4.0},{"damage":0,"enemies":"Slime Boss","floor":16,"turns":4},{"damage":26,"enemies":"Spheric Guardian","floor":18,"turns":6},{"damage":21,"enemies":"2 Thieves","floor":19,"turns":4},{"damage":34,"enemies":"Snecko","floor":21,"turns":4}],"seed_played":"-5067526958451675169","potions_obtained":[{"floor":1.0,"key":"SteroidPotion"},{"floor":7.0,"key":"SpeedPotion"},{"floor":13.0,"key":"Strength Potion"},{"floor":16,"key":"SpeedPotion"},{"floor":19,"key":"AttackPotion"}],"is_trial":false,"path_per_floor":["M","?","M","M","M","R","M","M","T","?","$","M","E","?","R","B",null,"M","M","$","M"],"character_chosen":"THE_SILENT","items_purchased":["PowerPotion","Block Potion","Accuracy"],"campfire_rested":2,"item_purchase_floors":[11,11,20],"current_hp_per_floor":[63,63,61,61,42,63,61,60,60,60,60,56,38,38,59,61,68,44,25,25,0],"gold":165,"neow_bonus":"ONE_RANDOM_RARE_CARD","is_prod":false,"is_daily":false,"chose_seed":false,"campfire_upgraded":0,"win_rate":0,"timestamp":1560962968,"path_taken":["M","?","M","?","M","R","M","M","T","?","$","M","E","?","R","BOSS","M","M","$","M"],"build_version":"2019-01-23","purchased_purges":1,"victory":false,"max_hp_per_floor":[70,70,70,70,70,70,70,70,70,70,70,70,70,70,70,70,70,70,70,70,70],"card_choices":[{"not_picked":["Calculated Gamble","Quick Slash"],"picked":"Cloak And Dagger","floor":1.0},{"not_picked":["Bane","Acrobatics"],"picked":"Terror","floor":3.0},{"not_picked":["Dodge and Roll","Expertise","Flechettes"],"picked":"SKIP","floor":4.0},{"not_picked":["Dagger Spray","All Out Attack"],"picked":"Masterful Stab","floor":5.0},{"not_picked":["Tactician","Acrobatics"],"picked":"Dagger Spray","floor":7.0},{"not_picked":["Wraith Form v2","Outmaneuver"],"picked":"Riddle With Holes","floor":8.0},{"not_picked":["PiercingWail","Cloak And Dagger"],"picked":"Blade Dance","floor":12.0},{"not_picked":["Leg Sweep","Calculated Gamble"],"picked":"Infinite Blades","floor":13.0},{"not_picked":["Glass Knife","Unload"],"picked":"Die Die Die","floor":16},{"not_picked":["Reflex","Blur"],"picked":"Quick Slash","floor":18},{"not_picked":["Poisoned Stab","Eviscerate","Dagger Throw"],"picked":"SKIP","floor":19}],"player_experience":1546933,"relics_obtained":[{"floor":9.0,"key":"Potion Belt"},{"floor":13.0,"key":"Juzu Bracelet"}],"event_choices":[{"damage_healed":0.0,"max_hp_gain":0.0,"max_hp_loss":0.0,"gold_gain":0.0,"event_name":"WeMeetAgain","player_choice":"Gave Potion","floor":2.0,"gold_loss":0.0,"damage_taken":0.0,"relics_obtained":["Turnip"]},{"damage_healed":0.0,"max_hp_gain":0.0,"max_hp_loss":0.0,"gold_gain":0.0,"event_name":"Big Fish","player_choice":"Box","floor":10.0,"gold_loss":0.0,"damage_taken":0.0,"relics_obtained":["Blood Vial"],"cards_obtained":["Regret"]},{"damage_healed":0.0,"max_hp_gain":0.0,"max_hp_loss":0.0,"gold_gain":63.0,"event_name":"Golden Wing","player_choice":"Gained Gold","floor":14.0,"gold_loss":0.0,"damage_taken":0.0}],"is_beta":false,"boss_relics":[{"not_picked":["Velvet Choker","Empty Cage","Runic Dome"]}],"items_purged_floors":[11],"is_endless":false,"potions_floor_spawned":[1,7,13,16,19],"killed_by":"Snecko","ascension_level":9}