{"gold_per_floor":[109,124,124,136,136,171,171,204,229,229,229,242,252,277,277,356,356],"floor_reached":17,"playtime":342,"items_purged":[],"score":400,"play_id":"92d23a8f-05a1-4386-bd0b-5102db69a520","local_time":"20190621162937","is_ascension_mode":true,"campfire_choices":[{"data":"Buffer","floor":7.0,"key":"SMITH"},{"data":"Loop","floor":10.0,"key":"SMITH"},{"data":"Consume","floor":15,"key":"SMITH"}],"neow_cost":"NONE","seed_source_timestamp":19223882024000,"circlet_count":0,"master_deck":["AscendersBane","Zap","Dualcast","Ball Lightning","Meteor Strike","Self Repair","Buffer+1","Loop+1","Consume+1","Fission"],"special_seed":0,"relics":["Cracked Core","NeowsBlessing","Happy Flower","Vajra","Omamori","Pandora\u0027s Box"],"potions_floor_usage":[11],"damage_taken":[{"damage":0.0,"enemies":"Small Slimes","floor":1.0,"turns":1.0},{"damage":0.0,"enemies":"Cultist","floor":2.0,"turns":1.0},{"damage":0.0,"enemies":"Jaw Worm","floor":4.0,"turns":1.0},{"damage":20.0,"enemies":"Lagavulin","floor":6.0,"turns":7.0},{"damage":0.0,"enemies":"Gremlin Nob","floor":8.0,"turns":4.0},{"damage":0,"enemies":"3 Sentries","floor":11,"turns":1},{"damage":17,"enemies":"Lots of Slimes","floor":12,"turns":4},{"damage":14,"enemies":"Exordium Wildlife","floor":13,"turns":5},{"damage":33,"enemies":"Slime Boss","floor":16,"turns":9}],"seed_played":"5203087527029255638","potions_obtained":[{"floor":5.0,"key":"Weak Potion"},{"floor":5.0,"key":"SmokeBomb"},{"floor":6.0,"key":"Fire Potion"},{"floor":13,"key":"Weak Potion"},{"floor":16,"key":"EntropicBrew"}],"is_trial":false,"path_per_floor":["M","M","?","M","?","E","R","E","T","R","E","M","M","T","R","B",null],"character_chosen":"DEFECT","items_purchased":[],"campfire_rested":0,"item_purchase_floors":[],"current_hp_per_floor":[64,64,64,64,64,51,51,58,58,58,58,48,41,41,41,15,15],"gold":356,"neow_bonus":"THREE_ENEMY_KILL","is_prod":false,"is_daily":false,"chose_seed":false,"campfire_upgraded":3,"win_rate":0,"timestamp":1561102177,"path_taken":["M","M","?","?","?","E","R","E","T","R","E","?","M","?","R","BOSS"],"build_version":"2019-01-23","purchased_purges":0,"victory":false,"max_hp_per_floor":[71,71,71,71,71,71,71,71,71,71,71,71,71,71,71,71,71],"card_choices":[{"not_picked":["Rebound","Hologram"],"picked":"Ball Lightning","floor":1.0},{"not_picked":["Sweeping Beam","Go for the Eyes","Steam"],"picked":"SKIP","floor":2.0},{"not_picked":["Hologram","Chill"],"picked":"Self Repair","floor":4.0},{"not_picked":["FTL","Storm"],"picked":"Buffer","floor":6.0},{"not_picked":["Beam Cell","Steam"],"picked":"Loop","floor":8.0},{"not_picked":["Aggregate","Streamline"],"picked":"Consume","floor":12},{"not_picked":["Redo","Conserve Battery","Rebound"],"picked":"SKIP","floor":13},{"not_picked":["All For One","Buffer"],"picked":"Fission","floor":16}],"player_experience":735072,"relics_obtained":[{"floor":6.0,"key":"Happy Flower"},{"floor":8.0,"key":"Vajra"},{"floor":9.0,"key":"Omamori"}],"event_choices":[{"damage_healed":0.0,"max_hp_gain":0.0,"max_hp_loss":0.0,"gold_gain":0.0,"cards_transformed":["Strike_B"],"event_name":"Transmorgrifier","player_choice":"Transformed","floor":3.0,"gold_loss":0.0,"damage_taken":0.0,"cards_obtained":["Meteor Strike"]},{"damage_healed":0.0,"max_hp_gain":0.0,"max_hp_loss":0.0,"gold_gain":0.0,"event_name":"Lab","player_choice":"Got Potions","floor":5.0,"gold_loss":0.0,"damage_taken":0.0}],"is_beta":false,"boss_relics":[{"not_picked":["Coffee Dripper","Lizard Tail"],"picked":"Pandora\u0027s Box"}],"items_purged_floors":[],"is_endless":false,"potions_floor_spawned":[6,11,13,16],"ascension_level":20}