{"gold_per_floor":[115,115,126,126,151,151,151,23,23,48,81,81,99,142,142,142],"floor_reached":16,"playtime":432,"items_purged":["Strike_B"],"score":220,"play_id":"4429c705-8dd0-491f-bf3c-4b1c94cefc5e","local_time":"20190610181248","is_ascension_mode":true,"campfire_choices":[{"data":"Zap","floor":6,"key":"SMITH"},{"data":"Consume","floor":12,"key":"SMITH"},{"data":"Turbo","floor":15,"key":"SMITH"}],"neow_cost":"NONE","seed_source_timestamp":188556436930900,"circlet_count":0,"master_deck":["AscendersBane","Strike_B","Strike_B","Strike_B","Defend_B","Defend_B+1","Defend_B+1","Defend_B","Zap+1","Dualcast","Coolheaded","Meteor Strike","Turbo+1","Cold Snap","Consume+1","Tempest"],"relics":["Philosopher\u0027s Stone","Golden Idol","Cables","War Paint","Ancient Tea Set"],"potions_floor_usage":[11,16,16],"damage_taken":[{"damage":6,"enemies":"Jaw Worm","floor":1,"turns":4},{"damage":9,"enemies":"2 Louse","floor":3,"turns":4},{"damage":0,"enemies":"Cultist","floor":5,"turns":4},{"damage":0,"enemies":"Looter","floor":10,"turns":4},{"damage":29,"enemies":"Gremlin Nob","floor":11,"turns":4},{"damage":1,"enemies":"Blue Slaver","floor":13,"turns":3},{"damage":21,"enemies":"Lagavulin","floor":14,"turns":6},{"damage":15,"enemies":"Hexaghost","floor":16,"turns":7}],"seed_played":"-6372012042969019366","potions_obtained":[{"floor":1,"key":"SpeedPotion"},{"floor":5,"key":"Poison Potion"},{"floor":13,"key":"FocusPotion"}],"is_trial":false,"path_per_floor":["M","?","M","?","M","R","$","$","T","M","E","R","M","E","R","B"],"character_chosen":"DEFECT","items_purchased":["Turbo"],"campfire_rested":0,"item_purchase_floors":[8],"current_hp_per_floor":[58,71,62,62,62,62,62,62,62,62,33,33,32,11,11,0],"gold":142,"neow_bonus":"BOSS_RELIC","is_prod":false,"is_daily":false,"chose_seed":false,"campfire_upgraded":3,"win_rate":0,"timestamp":1560157968,"path_taken":["M","?","M","?","M","R","?","$","T","?","E","R","M","E","R","BOSS"],"build_version":"2019-01-23","purchased_purges":1,"victory":false,"max_hp_per_floor":[71,71,71,64,64,64,64,64,64,64,64,64,64,64,64,64],"card_choices":[{"not_picked":["Chill","Heatsinks"],"picked":"Coolheaded","floor":1},{"not_picked":["Redo","Rebound","Stack"],"picked":"SKIP","floor":3},{"not_picked":["Ball Lightning","Streamline"],"picked":"Meteor Strike","floor":5},{"not_picked":["Undo","Stack"],"picked":"Cold Snap","floor":10},{"not_picked":["Redo","Glacier"],"picked":"Consume","floor":11},{"not_picked":["Barrage","Rebound","Redo"],"picked":"SKIP","floor":13},{"not_picked":["Double Energy","Ball Lightning"],"picked":"Tempest","floor":14}],"player_experience":557979,"relics_obtained":[{"floor":9,"key":"Cables"},{"floor":11,"key":"War Paint"},{"floor":14,"key":"Ancient Tea Set"}],"event_choices":[{"damage_healed":23,"gold_gain":0,"player_choice":"Banana","damage_taken":0,"max_hp_gain":0,"max_hp_loss":0,"event_name":"Big Fish","floor":2,"gold_loss":0},{"damage_healed":0,"gold_gain":0,"player_choice":"Lose Max HP","damage_taken":0,"relics_obtained":["Golden Idol"],"max_hp_gain":0,"max_hp_loss":7,"event_name":"Golden Idol","floor":4,"gold_loss":0}],"is_beta":false,"boss_relics":[],"items_purged_floors":[8],"is_endless":false,"potions_floor_spawned":[1,5,13],"killed_by":"Hexaghost","ascension_level":20}