{"gold_per_floor":[115,115,115,115,128,128,158,158,210,120,137,155,183,183],"floor_reached":14,"playtime":286,"items_purged":[],"score":246,"play_id":"c8727953-e88b-477b-aaa7-3a668f762d23","local_time":"20190612033358","is_ascension_mode":true,"campfire_choices":[{"data":"Zap","floor":6,"key":"SMITH"},{"data":"Consume","floor":8,"key":"SMITH"}],"neow_cost":"NONE","seed_source_timestamp":308776845826800,"circlet_count":0,"master_deck":["AscendersBane","Strike_B","Strike_B","Strike_B","Strike_B","Defend_B","Defend_B","Defend_B","Defend_B","Zap+1","Dualcast","Capacitor","Consume+1","Rainbow","Static Discharge","Heatsinks","Amplify"],"relics":["Cracked Core","NeowsBlessing","Strawberry","Mummified Hand","Lantern","Pen Nib"],"potions_floor_usage":[12,14],"damage_taken":[{"damage":0,"enemies":"Small Slimes","floor":1,"turns":1},{"damage":0,"enemies":"Cultist","floor":5,"turns":1},{"damage":0,"enemies":"Lagavulin","floor":7,"turns":1},{"damage":7,"enemies":"2 Louse","floor":11,"turns":3},{"damage":25,"enemies":"Gremlin Gang","floor":12,"turns":3},{"damage":37,"enemies":"3 Sentries","floor":13,"turns":8},{"damage":2,"enemies":"Large Slime","floor":14,"turns":2}],"seed_played":"-8701827603027566529","potions_obtained":[{"floor":7,"key":"LiquidBronze"},{"floor":13,"key":"EssenceOfSteel"}],"is_trial":false,"path_per_floor":["M","$","?","?","M","R","E","R","T","$","M","M","E","M"],"character_chosen":"DEFECT","items_purchased":["Rainbow"],"campfire_rested":0,"item_purchase_floors":[10],"current_hp_per_floor":[64,64,71,71,71,71,71,71,71,71,64,39,2,0],"gold":183,"neow_bonus":"THREE_ENEMY_KILL","is_prod":false,"is_daily":false,"chose_seed":false,"campfire_upgraded":2,"win_rate":0,"timestamp":1560278038,"path_taken":["M","$","?","?","M","R","E","R","T","$","M","?","E","M"],"build_version":"2019-01-23","purchased_purges":0,"victory":false,"max_hp_per_floor":[71,71,78,78,78,78,78,78,78,78,78,78,78,78],"card_choices":[{"not_picked":["Turbo","Stack","Heatsinks"],"picked":"SKIP","floor":1},{"not_picked":["Rebound","Sweeping Beam"],"picked":"Capacitor","floor":5},{"not_picked":["Conserve Battery","Turbo"],"picked":"Consume","floor":7},{"not_picked":["Barrage","Aggregate"],"picked":"Static Discharge","floor":11},{"not_picked":["Hologram","Go for the Eyes"],"picked":"Heatsinks","floor":12},{"not_picked":["Compile Driver","Leap"],"picked":"Amplify","floor":13}],"player_experience":596822,"relics_obtained":[{"floor":7,"key":"Mummified Hand"},{"floor":9,"key":"Lantern"},{"floor":13,"key":"Pen Nib"}],"event_choices":[{"damage_healed":0,"gold_gain":0,"player_choice":"Box","damage_taken":0,"relics_obtained":["Strawberry"],"max_hp_gain":0,"max_hp_loss":0,"event_name":"Big Fish","floor":3,"gold_loss":0,"cards_obtained":["Regret"]},{"cards_removed":["Regret"],"damage_healed":0,"gold_gain":0,"player_choice":"Purged","damage_taken":0,"max_hp_gain":0,"max_hp_loss":0,"event_name":"Purifier","floor":4,"gold_loss":0}],"is_beta":false,"boss_relics":[],"items_purged_floors":[],"is_endless":false,"potions_floor_spawned":[7,13],"killed_by":"Large Slime","ascension_level":20}