{"gold_per_floor":[366,441,441,441,41,41,79,79,124,140,163,201,201,244,244,343,343,364,378,397,428,478,478,82,101,101,101,144,144,165,199,199,199],"floor_reached":33,"playtime":1159,"items_purged":["Strike_B"],"score":602,"play_id":"898a0760-6f56-44d6-89af-21056f8a0421","local_time":"20190722165908","is_ascension_mode":true,"campfire_choices":[{"data":"Zap","floor":6.0,"key":"SMITH"},{"floor":8.0,"key":"REST"},{"floor":13.0,"key":"REST"},{"data":"Coolheaded","floor":15.0,"key":"SMITH"},{"data":"Dualcast","floor":23.0,"key":"SMITH"},{"data":"Blizzard","floor":27.0,"key":"SMITH"},{"data":"Strike_B","floor":32.0,"key":"PURGE"}],"neow_cost":"PERCENT_DAMAGE","seed_source_timestamp":263930433160400,"circlet_count":0,"master_deck":["AscendersBane","Strike_B","Strike_B","Defend_B","Defend_B","Defend_B","Defend_B","Zap+1","Dualcast+1","Turbo+1","Ball Lightning","Rebound","Core Surge","Coolheaded+1","Coolheaded","Glacier","Electrodynamics","Recycle+1","Blizzard+1","Self Repair","Conserve Battery"],"special_seed":0,"relics":["Cracked Core","Golden Idol","Pocketwatch","Oddly Smooth Stone","Art of War","Ancient Tea Set","Centennial Puzzle","Nuclear Battery","Red Mask","DataDisk","Pen Nib","Torii","Peace Pipe"],"potions_floor_usage":[],"damage_taken":[{"damage":0.0,"enemies":"2 Louse","floor":1.0,"turns":2.0},{"damage":30.0,"enemies":"Lagavulin","floor":7.0,"turns":6.0},{"damage":12.0,"enemies":"Jaw Worm","floor":10.0,"turns":2.0},{"damage":6.0,"enemies":"Small Slimes","floor":11.0,"turns":2.0},{"damage":8.0,"enemies":"Gremlin Nob","floor":12.0,"turns":3.0},{"damage":8.0,"enemies":"3 Sentries","floor":14.0,"turns":6.0},{"damage":2.0,"enemies":"The Guardian","floor":16.0,"turns":11.0},{"damage":0.0,"enemies":"Spheric Guardian","floor":18.0,"turns":4.0},{"damage":9.0,"enemies":"2 Thieves","floor":19.0,"turns":3.0},{"damage":2.0,"enemies":"3 Cultists","floor":20.0,"turns":5.0},{"damage":6.0,"enemies":"Masked Bandits","floor":21.0,"turns":2.0},{"damage":12.0,"enemies":"Snecko","floor":25.0,"turns":6.0},{"damage":13.0,"enemies":"Slavers","floor":28.0,"turns":3.0},{"damage":12.0,"enemies":"Chosen and Byrds","floor":30.0,"turns":6.0},{"damage":3.0,"enemies":"Book of Stabbing","floor":31.0,"turns":5.0},{"damage":0,"enemies":"Collector","floor":33,"turns":2}],"seed_played":"4628221414571183764","potions_obtained":[{"floor":4.0,"key":"Fruit Juice"},{"floor":4.0,"key":"GamblersBrew"},{"floor":7.0,"key":"Strength Potion"},{"floor":14.0,"key":"Explosive Potion"},{"floor":16.0,"key":"Poison Potion"},{"floor":20.0,"key":"Swift Potion"},{"floor":25.0,"key":"Poison Potion"},{"floor":28.0,"key":"Weak Potion"}],"is_trial":false,"path_per_floor":["M","?","?","?","$","R","E","R","T","M","M","E","R","E","R","B",null,"M","M","M","?","?","R","$","M","T","R","E","?","M","E","R","B"],"character_chosen":"DEFECT","items_purchased":["Ball Lightning","Pocketwatch","Rebound","DataDisk","Blizzard","Self Repair"],"campfire_rested":2,"item_purchase_floors":[5,5,5,24,24,24],"current_hp_per_floor":[46,35,35,40,40,40,10,30,30,18,12,4,24,16,16,14,55,55,46,44,38,38,38,38,33,33,33,27,27,22,19,19,19],"gold":199,"neow_bonus":"TWO_FIFTY_GOLD","is_prod":false,"is_daily":false,"chose_seed":false,"campfire_upgraded":4,"win_rate":0,"timestamp":1563782348,"path_taken":["M","?","?","?","$","R","E","R","T","?","?","E","R","E","R","BOSS","M","?","M","?","?","R","$","M","T","R","E","?","?","E","R","BOSS"],"build_version":"2019-07-17","purchased_purges":1,"victory":false,"max_hp_per_floor":[71,71,64,69,69,69,69,69,69,69,69,69,69,69,69,69,69,69,69,69,69,69,69,69,69,69,69,69,69,69,69,69,69],"card_choices":[{"not_picked":["Sweeping Beam","Gash"],"picked":"Turbo","floor":1.0},{"not_picked":["Blizzard","Cold Snap"],"picked":"Core Surge","floor":7.0},{"not_picked":["Conserve Battery","Lockon"],"picked":"Coolheaded","floor":10.0},{"not_picked":["Storm","Compile Driver","Blizzard"],"picked":"SKIP","floor":11.0},{"not_picked":["Compile Driver","Skim"],"picked":"Coolheaded","floor":12.0},{"not_picked":["Sweeping Beam","Hologram"],"picked":"Glacier","floor":14.0},{"not_picked":["Amplify","Hyperbeam"],"picked":"Electrodynamics","floor":16.0},{"not_picked":["Rebound","Turbo"],"picked":"Recycle+1","floor":18.0},{"not_picked":["Scrape","Redo","Compile Driver"],"picked":"SKIP","floor":19.0},{"not_picked":["Scrape","Redo","Compile Driver"],"picked":"SKIP","floor":19.0},{"not_picked":["Steam","Stack","Compile Driver"],"picked":"SKIP","floor":20.0},{"not_picked":["Leap","Sweeping Beam+1","Ball Lightning"],"picked":"SKIP","floor":25.0},{"not_picked":["Reprogram","Storm"],"picked":"Conserve Battery","floor":28.0},{"not_picked":["Turbo","Stack","Rebound"],"picked":"SKIP","floor":30.0},{"not_picked":["Double Energy","Redo","Barrage"],"picked":"SKIP","floor":31.0}],"player_experience":1128585,"relics_obtained":[{"floor":7.0,"key":"Oddly Smooth Stone"},{"floor":9.0,"key":"Art of War"},{"floor":12.0,"key":"Ancient Tea Set"},{"floor":14.0,"key":"Centennial Puzzle"},{"floor":21.0,"key":"Red Mask"},{"floor":26.0,"key":"Pen Nib"},{"floor":28.0,"key":"Torii"},{"floor":31.0,"key":"Peace Pipe"}],"event_choices":[{"damage_healed":0.0,"max_hp_gain":0.0,"max_hp_loss":0.0,"gold_gain":75.0,"event_name":"World of Goop","player_choice":"Gather Gold","floor":2.0,"gold_loss":0.0,"damage_taken":11.0},{"damage_healed":0.0,"max_hp_gain":0.0,"max_hp_loss":7.0,"gold_gain":0.0,"event_name":"Golden Idol","player_choice":"Lose Max HP","floor":3.0,"gold_loss":0.0,"damage_taken":0.0,"relics_obtained":["Golden Idol"]},{"damage_healed":0.0,"max_hp_gain":0.0,"max_hp_loss":0.0,"gold_gain":0.0,"event_name":"Lab","player_choice":"Got Potions","floor":4.0,"gold_loss":0.0,"damage_taken":0.0},{"damage_healed":0.0,"max_hp_gain":0.0,"max_hp_loss":0.0,"gold_gain":0.0,"event_name":"Masked Bandits","player_choice":"Fought Bandits","floor":21.0,"gold_loss":0.0,"damage_taken":0.0},{"damage_healed":0.0,"max_hp_gain":0.0,"max_hp_loss":0.0,"gold_gain":50.0,"event_name":"Nest","player_choice":"Stole From Cult","floor":22.0,"gold_loss":0.0,"damage_taken":0.0},{"damage_healed":0.0,"max_hp_gain":0.0,"max_hp_loss":0.0,"gold_gain":0.0,"event_name":"Upgrade Shrine","player_choice":"Upgraded","floor":29.0,"gold_loss":0.0,"damage_taken":0.0,"cards_upgraded":["Turbo"]}],"is_beta":false,"boss_relics":[{"not_picked":["FrozenCore","Coffee Dripper"],"picked":"Nuclear Battery"}],"items_purged_floors":[24],"is_endless":false,"potions_floor_spawned":[7,14,16,18,20,25,28],"killed_by":"Collector","ascension_level":20}