{"gold_per_floor":[20,20,35,51,70,102,102,133,159,159,183,183,215,241,253,342,354,376,400,428,365,24,56,56,83,153,166,179,179,195,195],"floor_reached":31,"playtime":1185,"items_purged":["Strike_G"],"score":694,"play_id":"d037100f-8b27-4de0-b705-383cb1e49252","local_time":"20190725124509","is_ascension_mode":true,"campfire_choices":[{"floor":7,"key":"REST"},{"floor":12,"key":"REST"},{"data":"Night Terror","floor":15,"key":"SMITH"},{"data":"Catalyst","floor":24,"key":"SMITH"},{"floor":29,"key":"REST"}],"neow_cost":"NO_GOLD","seed_source_timestamp":507986720328500,"circlet_count":0,"master_deck":["AscendersBane","Strike_G","Defend_G","Defend_G","Defend_G","Defend_G","Survivor","Neutralize","Night Terror+1","Terror","Deadly Poison","Predator","After Image","Noxious Fumes","Caltrops","Backflip","Cloak And Dagger","Adrenaline","Calculated Gamble","Blur","Quick Slash","Slice","Catalyst+1","Backstab","Bouncing Flask"],"relics":["Ring of the Snake","WarpedTongs","Strawberry","Orichalcum","Bronze Scales","MawBank","Sozu","PreservedInsect","Smiling Mask","Art of War","Pantograph"],"potions_floor_usage":[6,8,16,23,25],"damage_taken":[{"damage":7,"enemies":"Jaw Worm","floor":1,"turns":5},{"damage":1,"enemies":"Cultist","floor":3,"turns":4},{"damage":5,"enemies":"2 Louse","floor":4,"turns":3},{"damage":11,"enemies":"Blue Slaver","floor":5,"turns":4},{"damage":47,"enemies":"Gremlin Nob","floor":6,"turns":5},{"damage":11,"enemies":"3 Sentries","floor":8,"turns":7},{"damage":17,"enemies":"Lagavulin","floor":13,"turns":7},{"damage":4,"enemies":"Red Slaver","floor":14,"turns":3},{"damage":9,"enemies":"Hexaghost","floor":16,"turns":7},{"damage":4,"enemies":"Shell Parasite","floor":18,"turns":6},{"damage":15,"enemies":"Spheric Guardian","floor":19,"turns":6},{"damage":11,"enemies":"Shelled Parasite and Fungi","floor":20,"turns":7},{"damage":0,"enemies":"Gremlin Leader","floor":23,"turns":4},{"damage":24,"enemies":"Slavers","floor":25,"turns":5},{"damage":0,"enemies":"3 Cultists","floor":27,"turns":5},{"damage":0,"enemies":"Sentry and Sphere","floor":28,"turns":3},{"damage":14,"enemies":"Cultist and Chosen","floor":30,"turns":6},{"damage":10,"enemies":"Gremlin Leader","floor":31,"turns":1}],"seed_played":"-7219564426489702286","potions_obtained":[{"floor":3,"key":"Regen Potion"},{"floor":6,"key":"Dexterity Potion"},{"floor":8,"key":"Strength Potion"},{"floor":13,"key":"LiquidBronze"},{"floor":16,"key":"Poison Potion"}],"is_trial":false,"path_per_floor":["M","?","M","M","M","E","R","E","T","?","T","R","E","M","R","B",null,"M","M","M","?","$","E","R","E","T","M","M","R","M","E"],"character_chosen":"THE_SILENT","items_purchased":["PreservedInsect","Catalyst","Backstab"],"campfire_rested":3,"item_purchase_floors":[22,22,22],"current_hp_per_floor":[52,52,51,46,35,2,21,17,17,17,17,38,21,17,17,8,57,53,38,27,27,27,27,27,3,3,3,3,24,10,0],"gold":195,"neow_bonus":"TRANSFORM_TWO_CARDS","is_prod":false,"is_daily":false,"chose_seed":false,"campfire_upgraded":2,"win_rate":0,"timestamp":1564026309,"path_taken":["M","?","?","M","M","E","R","E","T","?","?","R","E","M","R","BOSS","M","M","M","?","$","E","R","E","T","M","M","R","?","E"],"build_version":"2019-07-17","purchased_purges":1,"victory":false,"max_hp_per_floor":[66,66,66,66,66,66,66,73,73,73,73,73,73,73,73,73,73,73,73,73,73,73,73,73,73,73,73,73,73,73,73],"card_choices":[{"not_picked":["Poisoned Stab","Deflect"],"picked":"Deadly Poison","floor":1},{"not_picked":["Acrobatics","Crippling Poison"],"picked":"Predator","floor":3},{"not_picked":["Quick Slash","Dodge and Roll"],"picked":"After Image","floor":4},{"not_picked":["Concentrate","Bane","Setup"],"picked":"SKIP","floor":5},{"not_picked":["Bane","Riddle With Holes"],"picked":"Noxious Fumes","floor":6},{"not_picked":["Underhanded Strike","Dagger Throw"],"picked":"Caltrops","floor":8},{"not_picked":["Dagger Throw","Finisher"],"picked":"Backflip","floor":13},{"not_picked":["Eviscerate","Sucker Punch"],"picked":"Cloak And Dagger","floor":14},{"not_picked":["After Image","A Thousand Cuts"],"picked":"Adrenaline","floor":16},{"not_picked":["Sucker Punch","Poisoned Stab","Cloak And Dagger"],"picked":"SKIP","floor":18},{"not_picked":["Deadly Poison","Bane"],"picked":"Calculated Gamble","floor":19},{"not_picked":["Caltrops","Riddle With Holes"],"picked":"Blur","floor":20},{"not_picked":["Flying Knee","Finisher+1","Slice"],"picked":"SKIP","floor":23},{"not_picked":["Deadly Poison","Bane","Doppelganger"],"picked":"SKIP","floor":25},{"not_picked":["Quick Slash","Outmaneuver"],"picked":"Bouncing Flask","floor":27},{"not_picked":["Accuracy+1","Deadly Poison","Expertise"],"picked":"SKIP","floor":28},{"not_picked":["Deadly Poison","Finisher","Riddle With Holes+1"],"picked":"SKIP","floor":30}],"player_experience":1204047,"relics_obtained":[{"floor":8,"key":"Strawberry"},{"floor":9,"key":"Orichalcum"},{"floor":11,"key":"Bronze Scales"},{"floor":13,"key":"MawBank"},{"floor":23,"key":"Smiling Mask"},{"floor":25,"key":"Art of War"},{"floor":26,"key":"Pantograph"}],"event_choices":[{"damage_healed":0,"gold_gain":0,"player_choice":"Rummage","damage_taken":0,"relics_obtained":["WarpedTongs"],"max_hp_gain":0,"max_hp_loss":0,"event_name":"Accursed Blacksmith","floor":2,"gold_loss":0,"cards_obtained":["Pain"]},{"cards_removed":["Pain"],"damage_healed":0,"gold_gain":0,"player_choice":"Forget","damage_taken":0,"max_hp_gain":0,"max_hp_loss":0,"event_name":"Living Wall","floor":10,"gold_loss":0},{"damage_healed":0,"gold_gain":0,"cards_transformed":["Defend_G","Strike_G"],"player_choice":"Transformed Cards","damage_taken":0,"max_hp_gain":0,"max_hp_loss":0,"event_name":"Designer","floor":21,"gold_loss":75,"cards_obtained":["Quick Slash","Slice"]}],"is_beta":false,"boss_relics":[{"not_picked":["Busted Crown","Empty Cage"],"picked":"Sozu"}],"items_purged_floors":[22],"is_endless":false,"potions_floor_spawned":[3,6,8,13,16,18,19,20,27,30],"killed_by":"Gremlin Leader","ascension_level":20}