{"gold_per_floor":[116,64,64,76,102,142,429,441,453,491,1,27,46,77,77,77],"floor_reached":16,"playtime":352,"items_purged":["Regret"],"score":302,"play_id":"55c40244-e075-4ea3-8055-97f29c7fc34d","local_time":"20190626125243","is_ascension_mode":true,"campfire_choices":[{"data":"Bash","floor":8,"key":"SMITH"},{"data":"Anger","floor":15,"key":"SMITH"}],"neow_cost":"NONE","seed_source_timestamp":343262321057900,"circlet_count":0,"master_deck":["AscendersBane","Strike_R","Strike_R","Strike_R","Strike_R","Strike_R","Defend_R","Defend_R","Defend_R","Defend_R","Bash+1","Pommel Strike","Regret","Pain","Flame Barrier","Whirlwind","Anger+1","Burning Pact","Exhume"],"relics":["Burning Blood","NeowsBlessing","MawBank","WarpedTongs","Orichalcum","Regal Pillow","Pear","Tiny Chest","Mummified Hand","Dead Branch","Gremlin Horn"],"potions_floor_usage":[1,14,14],"damage_taken":[{"damage":0,"enemies":"Jaw Worm","floor":1,"turns":1},{"damage":2,"enemies":"Small Slimes","floor":5,"turns":1},{"damage":0,"enemies":"3 Sentries","floor":6,"turns":1},{"damage":50,"enemies":"Lagavulin","floor":10,"turns":7},{"damage":23,"enemies":"3 Sentries","floor":12,"turns":8},{"damage":2,"enemies":"Cultist","floor":13,"turns":3},{"damage":10,"enemies":"Gremlin Nob","floor":14,"turns":3},{"damage":24,"enemies":"Hexaghost","floor":16,"turns":4}],"seed_played":"5018386211947152563","potions_obtained":[{"floor":1,"key":"Fruit Juice"},{"floor":10,"key":"Poison Potion"},{"floor":12,"key":"SpeedPotion"},{"floor":13,"key":"Swift Potion"}],"is_trial":false,"path_per_floor":["M","$","?","?","M","E","?","R","T","E","$","E","M","E","R","B"],"character_chosen":"IRONCLAD","items_purchased":["Pommel Strike","Tiny Chest","Mummified Hand"],"campfire_rested":0,"item_purchase_floors":[2,11,11],"current_hp_per_floor":[79,79,79,79,80,80,80,80,80,46,46,29,33,29,29,5],"gold":77,"neow_bonus":"THREE_ENEMY_KILL","is_prod":false,"is_daily":false,"chose_seed":false,"campfire_upgraded":2,"win_rate":0,"timestamp":1561521163,"path_taken":["M","$","?","?","?","E","?","R","T","E","$","E","?","E","R","BOSS"],"build_version":"2019-01-23","purchased_purges":1,"victory":false,"max_hp_per_floor":[80,80,80,80,80,80,80,80,80,90,90,90,90,90,90,90],"card_choices":[{"not_picked":["Perfected Strike","Sever Soul","Heavy Blade"],"picked":"SKIP","floor":1},{"not_picked":["Bloodletting","Wild Strike","Pommel Strike"],"picked":"SKIP","floor":5},{"not_picked":["Twin Strike","Hemokinesis"],"picked":"Flame Barrier","floor":6},{"not_picked":["Thunderclap","Twin Strike"],"picked":"Whirlwind","floor":10},{"not_picked":["Flame Barrier","Sentinel"],"picked":"Anger","floor":12},{"not_picked":["Havoc","Wild Strike"],"picked":"Burning Pact","floor":13},{"not_picked":["Sword Boomerang","Sentinel"],"picked":"Exhume","floor":14}],"player_experience":803315,"relics_obtained":[{"floor":6,"key":"Orichalcum"},{"floor":9,"key":"Regal Pillow"},{"floor":10,"key":"Pear"},{"floor":12,"key":"Dead Branch"},{"floor":14,"key":"Gremlin Horn"}],"event_choices":[{"damage_healed":0,"gold_gain":0,"player_choice":"Box","damage_taken":0,"relics_obtained":["MawBank"],"max_hp_gain":0,"max_hp_loss":0,"event_name":"Big Fish","floor":3,"gold_loss":0,"cards_obtained":["Regret"]},{"damage_healed":0,"gold_gain":0,"player_choice":"Rummage","damage_taken":0,"relics_obtained":["WarpedTongs"],"max_hp_gain":0,"max_hp_loss":0,"event_name":"Accursed Blacksmith","floor":4,"gold_loss":0,"cards_obtained":["Pain"]},{"damage_healed":0,"gold_gain":275,"player_choice":"Desecrate","damage_taken":0,"max_hp_gain":0,"max_hp_loss":0,"event_name":"Golden Shrine","floor":7,"gold_loss":0,"cards_obtained":["Regret"]}],"is_beta":false,"boss_relics":[],"items_purged_floors":[11],"is_endless":false,"potions_floor_spawned":[1,10,12,13],"killed_by":"Hexaghost","ascension_level":20}