{"gold_per_floor":[116,130,130,149,167,192,192,226,226,226,256,273,273,286,286,360,360,333,349,137,155,69,69,80,80,127,144,144,144,172,8,8,87,87,87,87,87,98,109,109],"floor_reached":40,"playtime":1703,"items_purged":["Strike_R"],"score":956,"play_id":"9ddbdf72-a2cf-42f3-9030-b78f021a1ce3","local_time":"20190622162505","is_ascension_mode":true,"campfire_choices":[{"floor":7,"key":"REST"},{"data":"Bash","floor":10,"key":"SMITH"},{"data":"True Grit","floor":13,"key":"SMITH"},{"data":"Juggernaut","floor":15,"key":"SMITH"},{"data":"Anger","floor":23,"key":"SMITH"},{"floor":25,"key":"REST"},{"data":"Shockwave","floor":32,"key":"SMITH"}],"neow_cost":"NONE","seed_source_timestamp":9052042100300,"circlet_count":0,"master_deck":["AscendersBane","Defend_R","Defend_R","Defend_R","Defend_R","Bash+1","Feed+1","Shrug It Off","Juggernaut+1","Shrug It Off","Feed","True Grit+1","Impervious+1","Carnage+1","Pummel+1","Ghostly Armor+1","Battle Trance+1","Seeing Red","Seeing Red","Power Through","Shockwave+1","Entrench","Dropkick","Dropkick","Offering","Body Slam+1"],"relics":["Burning Blood","Question Card","Blood Vial","Pear","Magic Flower","Astrolabe","Medical Kit","PreservedInsect","War Paint","Fusion Hammer"],"potions_floor_usage":[8,8,24,30,35],"damage_taken":[{"damage":7,"enemies":"Jaw Worm","floor":1,"turns":4},{"damage":6,"enemies":"Cultist","floor":2,"turns":3},{"damage":0,"enemies":"Small Slimes","floor":4,"turns":2},{"damage":28,"enemies":"Exordium Thugs","floor":5,"turns":6},{"damage":45,"enemies":"Lagavulin","floor":6,"turns":10},{"damage":15,"enemies":"3 Sentries","floor":8,"turns":9},{"damage":31,"enemies":"Gremlin Nob","floor":11,"turns":4},{"damage":4,"enemies":"2 Fungi Beasts","floor":12,"turns":4},{"damage":2,"enemies":"Looter","floor":14,"turns":3},{"damage":39,"enemies":"The Guardian","floor":16,"turns":15},{"damage":22,"enemies":"2 Thieves","floor":18,"turns":4},{"damage":20,"enemies":"Shell Parasite","floor":19,"turns":8},{"damage":41,"enemies":"Sentry and Sphere","floor":21,"turns":11},{"damage":53,"enemies":"Cultist and Chosen","floor":24,"turns":8},{"damage":18,"enemies":"Snake Plant","floor":27,"turns":5},{"damage":14,"enemies":"Book of Stabbing","floor":30,"turns":4},{"damage":39,"enemies":"Champ","floor":33,"turns":12},{"damage":8,"enemies":"3 Darklings","floor":35,"turns":3},{"damage":19,"enemies":"Orb Walker","floor":38,"turns":5},{"damage":20,"enemies":"Maw","floor":39,"turns":8},{"damage":104,"enemies":"Reptomancer","floor":40,"turns":8}],"seed_played":"-7560667313449342493","potions_obtained":[{"floor":2,"key":"EssenceOfSteel"},{"floor":5,"key":"Dexterity Potion"},{"floor":8,"key":"LiquidBronze"},{"floor":14,"key":"SpeedPotion"},{"floor":18,"key":"Explosive Potion"},{"floor":27,"key":"SmokeBomb"}],"is_trial":false,"path_per_floor":["M","M","?","M","M","E","R","E","T","R","E","M","R","M","R","B",null,"M","M","$","M","$","R","M","R","T","M","?","$","E","$","R","B",null,"M","$","?","M","M","E"],"character_chosen":"IRONCLAD","items_purchased":["Medical Kit","Power Through","Dropkick"],"campfire_rested":2,"item_purchase_floors":[20,22,31],"current_hp_per_floor":[70,73,73,83,65,26,52,43,53,53,30,49,49,65,65,44,97,87,85,85,67,67,67,32,70,70,69,69,69,67,67,67,40,109,113,113,113,106,98,0],"gold":109,"neow_bonus":"ONE_RANDOM_RARE_CARD","is_prod":false,"is_daily":false,"chose_seed":false,"campfire_upgraded":5,"win_rate":0,"timestamp":1561188305,"path_taken":["M","M","?","M","M","E","R","E","T","R","E","?","R","M","R","BOSS","M","M","$","M","$","R","M","R","T","M","?","?","E","$","R","BOSS","M","$","?","M","M","E"],"build_version":"2019-01-23","purchased_purges":1,"victory":false,"max_hp_per_floor":[78,81,81,85,89,89,89,89,99,99,99,106,106,110,110,114,114,114,118,118,125,125,125,129,129,129,132,132,132,132,132,132,132,132,132,132,132,132,132,132],"card_choices":[{"not_picked":["Body Slam","Clothesline"],"picked":"Shrug It Off","floor":1},{"not_picked":["Rage","Clothesline"],"picked":"Anger","floor":2},{"not_picked":["Thunderclap","Wild Strike","Body Slam"],"picked":"SKIP","floor":4},{"not_picked":["Clothesline","Blood for Blood","Entrench"],"picked":"SKIP","floor":5},{"not_picked":["Immolate","Battle Trance"],"picked":"Juggernaut","floor":6},{"not_picked":["Heavy Blade","Perfected Strike","Havoc"],"picked":"Shrug It Off","floor":8},{"not_picked":["Power Through","Body Slam","Reckless Charge"],"picked":"Feed","floor":11},{"not_picked":["Entrench","Flex","Wild Strike"],"picked":"True Grit","floor":12},{"not_picked":["Clash","Heavy Blade","Cleave","Perfected Strike"],"picked":"SKIP","floor":14},{"not_picked":["Exhume","Bludgeon","Dark Embrace"],"picked":"Impervious","floor":16},{"not_picked":["Havoc+1","Dual Wield","Fire Breathing"],"picked":"Battle Trance","floor":18},{"not_picked":["Pommel Strike","Rampage","Twin Strike"],"picked":"Seeing Red","floor":19},{"not_picked":["Shrug It Off","Sword Boomerang","Brutality"],"picked":"Seeing Red","floor":21},{"not_picked":["Searing Blow","Sword Boomerang","Clash"],"picked":"Shockwave","floor":24},{"not_picked":["Clash+1","Flex","Dual Wield"],"picked":"Entrench","floor":27},{"not_picked":["Brutality","Berserk","Sword Boomerang"],"picked":"Dropkick","floor":30},{"not_picked":["Fiend Fire","Immolate","Exhume"],"picked":"Offering","floor":33},{"not_picked":["Heavy Blade","Shrug It Off+1","Pommel Strike"],"picked":"Body Slam+1","floor":38},{"not_picked":["Reckless Charge","Cleave","Hemokinesis","Sword Boomerang+1"],"picked":"SKIP","floor":39}],"player_experience":743895,"relics_obtained":[{"floor":6,"key":"Question Card"},{"floor":8,"key":"Blood Vial"},{"floor":9,"key":"Pear"},{"floor":11,"key":"Magic Flower"},{"floor":26,"key":"PreservedInsect"},{"floor":30,"key":"War Paint"}],"event_choices":[{"damage_healed":0,"gold_gain":0,"player_choice":"Forge","damage_taken":0,"max_hp_gain":0,"max_hp_loss":0,"event_name":"Accursed Blacksmith","floor":3,"gold_loss":0,"cards_upgraded":["Feed"]},{"cards_removed":["Strike_R"],"damage_healed":0,"gold_gain":0,"player_choice":"Card Removal","damage_taken":0,"max_hp_gain":0,"max_hp_loss":0,"event_name":"Wheel of Change","floor":28,"gold_loss":0},{"cards_removed":["Anger"],"damage_healed":0,"gold_gain":0,"player_choice":"Removed Attack","damage_taken":0,"max_hp_gain":0,"max_hp_loss":0,"event_name":"Falling","floor":37,"gold_loss":0}],"is_beta":false,"boss_relics":[{"not_picked":["Empty Cage","Black Blood"],"picked":"Astrolabe"},{"not_picked":["Calling Bell","Orrery"],"picked":"Fusion Hammer"}],"items_purged_floors":[31],"is_endless":false,"potions_floor_spawned":[2,5,8,14,16,18,19,27,35],"killed_by":"Reptomancer","ascension_level":20}