{"gold_per_floor":[116,127,146,94,113,139,139,151,232,7,7,7,7,36,36,113,113,124,140,240,258,54,54,66,96,96,96,107,107,138,138,138,215,215,234,249,249],"floor_reached":37,"playtime":6916,"items_purged":[],"score":733,"play_id":"8359f6f4-ea4f-4148-8fc7-9323b78abeea","local_time":"20190513203337","is_ascension_mode":true,"campfire_choices":[{"floor":7.0,"key":"REST"},{"floor":11.0,"key":"REST"},{"floor":13.0,"key":"REST"},{"floor":15.0,"key":"REST"},{"floor":23.0,"key":"REST"},{"data":"Malaise","floor":27.0,"key":"SMITH"},{"floor":29.0,"key":"REST"},{"data":"Predator","floor":32.0,"key":"SMITH"}],"neow_cost":"NONE","seed_source_timestamp":114894219399888,"circlet_count":0,"master_deck":["AscendersBane","Defend_G","Defend_G","Defend_G","Defend_G","Defend_G","Strike_G","Survivor","Neutralize","Bullet Time","Cloak And Dagger","Malaise+1","Quick Slash","Leg Sweep","Predator+1","PiercingWail","Riddle With Holes","Burst","Cloak And Dagger","Phantasmal Killer","Adrenaline","Acrobatics+1","Adrenaline+1","Envenom+1"],"special_seed":0,"relics":["Ring of the Serpent","Shuriken","Mercury Hourglass","Vajra","Pocketwatch","Peace Pipe","Paper Crane","Chemical X","Oddly Smooth Stone","Regal Pillow","StoneCalendar","Astrolabe"],"potions_floor_usage":[],"damage_taken":[{"damage":2.0,"enemies":"Small Slimes","floor":1.0,"turns":6.0},{"damage":6.0,"enemies":"Jaw Worm","floor":2.0,"turns":7.0},{"damage":2.0,"enemies":"2 Louse","floor":3.0,"turns":3.0},{"damage":10.0,"enemies":"Exordium Wildlife","floor":5.0,"turns":6.0},{"damage":38.0,"enemies":"3 Sentries","floor":6.0,"turns":15.0},{"damage":10.0,"enemies":"Exordium Thugs","floor":8.0,"turns":6.0},{"damage":16.0,"enemies":"Lagavulin","floor":14.0,"turns":8.0},{"damage":1.0,"enemies":"Slime Boss","floor":16.0,"turns":9.0},{"damage":5.0,"enemies":"Spheric Guardian","floor":18.0,"turns":5.0},{"damage":0.0,"enemies":"3 Byrds","floor":19.0,"turns":5.0},{"damage":15.0,"enemies":"Colosseum Slavers","floor":20.0,"turns":4.0},{"damage":8.0,"enemies":"Colosseum Nobs","floor":20.0,"turns":5.0},{"damage":8.0,"enemies":"Shelled Parasite and Fungi","floor":21.0,"turns":7.0},{"damage":2.0,"enemies":"Cultist and Chosen","floor":24.0,"turns":4.0},{"damage":17.0,"enemies":"Slavers","floor":25.0,"turns":8.0},{"damage":0.0,"enemies":"Snecko","floor":28.0,"turns":6.0},{"damage":14.0,"enemies":"Book of Stabbing","floor":30.0,"turns":6.0},{"damage":13.0,"enemies":"Automaton","floor":33.0,"turns":10.0},{"damage":5,"enemies":"3 Darklings","floor":35,"turns":7},{"damage":5,"enemies":"Orb Walker","floor":36,"turns":3},{"damage":47,"enemies":"2 Orb Walkers","floor":37,"turns":4}],"seed_played":"148089580254146111","potions_obtained":[{"floor":1.0,"key":"Swift Potion"},{"floor":2.0,"key":"Fire Potion"},{"floor":8.0,"key":"GhostInAJar"},{"floor":18.0,"key":"GhostInAJar"},{"floor":28.0,"key":"EntropicBrew"},{"floor":36,"key":"EssenceOfSteel"}],"is_trial":false,"path_per_floor":["M","M","M","$","M","E","R","M","T","$","R","?","R","E","R","B",null,"M","M","?","M","$","R","M","E","T","R","M","R","E","?","R","B",null,"M","M","?"],"character_chosen":"THE_SILENT","items_purchased":["Quick Slash","Vajra","Riddle With Holes","PowerPotion","Chemical X"],"campfire_rested":6,"item_purchase_floors":[4,10,10,10,22],"current_hp_per_floor":[57,51,49,49,39,1,20,10,10,10,29,3,22,6,25,24,56,51,51,28,20,20,39,37,20,20,20,20,54,40,40,40,27,56,51,46,0],"gold":249,"neow_bonus":"TRANSFORM_CARD","is_prod":false,"is_daily":false,"chose_seed":false,"campfire_upgraded":2,"win_rate":0,"timestamp":1557772417,"path_taken":["M","M","M","$","M","E","R","M","T","$","R","?","R","E","R","BOSS","M","M","?","M","$","R","M","E","T","R","M","R","E","?","R","BOSS","M","M","?"],"build_version":"2019-01-23","purchased_purges":0,"victory":false,"max_hp_per_floor":[66,66,66,66,66,66,66,66,66,66,66,66,66,66,66,66,66,66,66,66,66,66,66,66,66,66,66,66,66,66,66,66,66,66,66,66,66],"card_choices":[{"not_picked":["Infinite Blades","Deflect"],"picked":"Cloak And Dagger","floor":2.0},{"not_picked":["Reflex","Bane"],"picked":"Malaise","floor":3.0},{"not_picked":["Prepared","Backflip"],"picked":"Leg Sweep","floor":5.0},{"not_picked":["Quick Slash","Heel Hook"],"picked":"Predator","floor":6.0},{"not_picked":["Masterful Stab","Bane"],"picked":"PiercingWail","floor":8.0},{"not_picked":["Die Die Die","Phantasmal Killer"],"picked":"Burst","floor":16.0},{"not_picked":["Acrobatics","Dagger Throw"],"picked":"Cloak And Dagger","floor":18.0},{"not_picked":["PiercingWail","Underhanded Strike"],"picked":"Phantasmal Killer","floor":21.0},{"not_picked":["Prepared","Slice","Grand Finale"],"picked":"SKIP","floor":30.0},{"not_picked":["Unload","Envenom"],"picked":"Adrenaline","floor":33.0}],"player_experience":853062,"relics_obtained":[{"floor":6.0,"key":"Shuriken"},{"floor":9.0,"key":"Mercury Hourglass"},{"floor":14.0,"key":"Pocketwatch"},{"floor":20.0,"key":"Peace Pipe"},{"floor":20.0,"key":"Paper Crane"},{"floor":25.0,"key":"Oddly Smooth Stone"},{"floor":26.0,"key":"Regal Pillow"},{"floor":30.0,"key":"StoneCalendar"}],"event_choices":[{"damage_healed":0.0,"max_hp_gain":0.0,"max_hp_loss":0.0,"gold_gain":0.0,"event_name":"Scrap Ooze","player_choice":"Fled","floor":12.0,"gold_loss":0.0,"damage_taken":26.0},{"damage_healed":0.0,"max_hp_gain":0.0,"max_hp_loss":0.0,"gold_gain":0.0,"event_name":"Colosseum","player_choice":"Fight","floor":20.0,"gold_loss":0.0,"damage_taken":0.0},{"damage_healed":0.0,"max_hp_gain":0.0,"max_hp_loss":0.0,"gold_gain":0.0,"event_name":"Colosseum","player_choice":"Fought Nobs","floor":20.0,"gold_loss":0.0,"damage_taken":0.0},{"damage_healed":0.0,"max_hp_gain":0.0,"max_hp_loss":0.0,"gold_gain":0.0,"event_name":"Vampires","player_choice":"Ignored","floor":31.0,"gold_loss":0.0,"damage_taken":0.0},{"damage_healed":0,"gold_gain":0,"player_choice":"Fight","damage_taken":0,"max_hp_gain":0,"max_hp_loss":0,"event_name":"Mysterious Sphere","floor":37,"gold_loss":0}],"is_beta":false,"boss_relics":[{"not_picked":["Lizard Tail","Orrery"],"picked":"Ring of the Serpent"},{"not_picked":["Black Star","Calling Bell"],"picked":"Astrolabe"}],"items_purged_floors":[],"is_endless":false,"potions_floor_spawned":[1,2,8,14,18,19,28,30,36],"killed_by":"2 Orb Walkers","ascension_level":15}