{"gold_per_floor":[114,126,141,151,151,151,183,183,183,197,211,211,230,265,265,342,392,372,372,29,48,62,62],"floor_reached":23,"playtime":10239,"items_purged":["Strike_G"],"score":410,"play_id":"47a04b43-6915-4b75-a4e8-35737d9718a6","local_time":"20190715005713","is_ascension_mode":true,"campfire_choices":[{"data":"Neutralize","floor":6.0,"key":"SMITH"},{"floor":12.0,"key":"REST"},{"data":"Footwork","floor":15.0,"key":"SMITH"}],"neow_cost":"NONE","seed_source_timestamp":334438285836228,"circlet_count":0,"master_deck":["AscendersBane","Strike_G","Strike_G","Strike_G","Defend_G+1","Defend_G","Defend_G","Defend_G","Defend_G","Survivor","Neutralize+1","Dagger Throw","Footwork+1","Dagger Throw","Cloak And Dagger","Dash","Cloak And Dagger","Deflect","Terror","Envenom","Adrenaline","Bane","Envenom"],"special_seed":0,"relics":["Ring of the Snake","Anchor","Torii","CultistMask","Matryoshka","Letter Opener","Tiny House","Membership Card","Omamori"],"potions_floor_usage":[16,22,23,23],"damage_taken":[{"damage":2.0,"enemies":"2 Louse","floor":1.0,"turns":4.0},{"damage":4.0,"enemies":"Small Slimes","floor":2.0,"turns":3.0},{"damage":0.0,"enemies":"Cultist","floor":3.0,"turns":4.0},{"damage":5.0,"enemies":"Looter","floor":4.0,"turns":4.0},{"damage":16.0,"enemies":"Lagavulin","floor":7.0,"turns":9.0},{"damage":18.0,"enemies":"Gremlin Gang","floor":10.0,"turns":7.0},{"damage":1.0,"enemies":"Large Slime","floor":11.0,"turns":8.0},{"damage":1.0,"enemies":"Looter","floor":13.0,"turns":3.0},{"damage":4.0,"enemies":"3 Sentries","floor":14.0,"turns":12.0},{"damage":6,"enemies":"Hexaghost","floor":16,"turns":11},{"damage":2,"enemies":"2 Thieves","floor":18,"turns":4},{"damage":9,"enemies":"Spheric Guardian","floor":21,"turns":9},{"damage":7,"enemies":"Snake Plant","floor":22,"turns":6},{"damage":51,"enemies":"Slavers","floor":23,"turns":8}],"seed_played":"6141921553967008218","potions_obtained":[{"floor":0.0,"key":"FearPotion"},{"floor":0.0,"key":"Swift Potion"},{"floor":4.0,"key":"GhostInAJar"},{"floor":11.0,"key":"SkillPotion"},{"floor":14.0,"key":"Dexterity Potion"},{"floor":17,"key":"FearPotion"},{"floor":22,"key":"Strength Potion"}],"is_trial":false,"path_per_floor":["M","M","M","M","?","R","E","?","T","M","M","R","M","E","R","B",null,"M","?","$","M","M","E"],"character_chosen":"THE_SILENT","items_purchased":["Membership Card","Omamori"],"campfire_rested":1,"item_purchase_floors":[20,20],"current_hp_per_floor":[57,53,53,48,37,37,21,21,21,3,2,21,20,16,16,10,57,55,55,55,46,39,0],"gold":62,"neow_bonus":"THREE_SMALL_POTIONS","is_prod":false,"is_daily":false,"chose_seed":false,"campfire_upgraded":2,"win_rate":0,"timestamp":1563145033,"path_taken":["M","M","M","M","?","R","E","?","T","M","M","R","?","E","R","BOSS","M","?","$","M","M","E"],"build_version":"2019-07-05","purchased_purges":1,"victory":false,"max_hp_per_floor":[66,66,66,66,66,66,66,66,66,66,66,66,66,66,66,66,71,71,71,71,71,71,71],"card_choices":[{"not_picked":["Endless Agony","Bane"],"picked":"Dagger Throw","floor":1.0},{"not_picked":["Prepared","Quick Slash"],"picked":"Footwork","floor":2.0},{"not_picked":["Catalyst","Caltrops"],"picked":"Dagger Throw","floor":3.0},{"not_picked":["Poisoned Stab","Distraction"],"picked":"Cloak And Dagger","floor":4.0},{"not_picked":["Backflip","Slice"],"picked":"Dash","floor":7.0},{"not_picked":["Dash","Dagger Throw"],"picked":"Cloak And Dagger","floor":10.0},{"not_picked":["Accuracy","Bane"],"picked":"Deflect","floor":11.0},{"not_picked":["Poisoned Stab","Distraction"],"picked":"Terror","floor":13.0},{"not_picked":["Bouncing Flask","Backflip"],"picked":"Envenom","floor":14.0},{"not_picked":["Malaise","Die Die Die"],"picked":"Adrenaline","floor":16},{"not_picked":["Underhanded Strike","Terror"],"picked":"Bane","floor":17},{"not_picked":["Quick Slash","Deadly Poison+1","Sucker Punch+1"],"picked":"SKIP","floor":18},{"not_picked":["Skewer","Underhanded Strike"],"picked":"Envenom","floor":21},{"not_picked":["Reflex","Poisoned Stab","Sucker Punch"],"picked":"SKIP","floor":22}],"player_experience":1247326,"relics_obtained":[{"floor":7.0,"key":"Torii"},{"floor":9.0,"key":"Matryoshka"},{"floor":14.0,"key":"Letter Opener"}],"event_choices":[{"damage_healed":0.0,"max_hp_gain":0.0,"max_hp_loss":0.0,"gold_gain":0.0,"event_name":"Scrap Ooze","player_choice":"Success","floor":5.0,"gold_loss":0.0,"damage_taken":11.0,"relics_obtained":["Anchor"]},{"damage_healed":0.0,"max_hp_gain":0.0,"max_hp_loss":0.0,"gold_gain":0.0,"event_name":"FaceTrader","player_choice":"Trade","floor":8.0,"gold_loss":0.0,"damage_taken":0.0,"relics_obtained":["CultistMask"]},{"cards_removed":["Strike_G"],"damage_healed":0,"gold_gain":0,"player_choice":"Offered Basic","damage_taken":0,"max_hp_gain":0,"max_hp_loss":0,"event_name":"Bonfire Elementals","floor":19,"gold_loss":0}],"is_beta":false,"boss_relics":[{"not_picked":["HoveringKite","WristBlade"],"picked":"Tiny House"}],"items_purged_floors":[20],"is_endless":false,"potions_floor_spawned":[1,3,4,11,14,22],"killed_by":"Slavers","ascension_level":20}