{"gold_per_floor":[114,39,51,69,69,69,84,84,129,156,156,169,199,213,213,291,291,306,306,318,318,4,4,16,46,46,46,46,46,46,46,46,123,123,137,237,247,299,299,299,329,354,354,354,682,682,695,720,720,720,720,720,720,77,103,103],"floor_reached":57,"playtime":3693,"items_purged":["Strike_R","Bash+1"],"score":3013,"play_id":"6e0e7e53-b8de-4cae-95a2-4ff022ed519c","local_time":"20190621134011","is_ascension_mode":true,"campfire_choices":[{"data":"Anger","floor":6,"key":"SMITH"},{"data":"Bash","floor":8,"key":"SMITH"},{"data":"Sever Soul","floor":11,"key":"SMITH"},{"data":"Inflame","floor":15,"key":"SMITH"},{"data":"Fiend Fire","floor":23,"key":"SMITH"},{"data":"Spot Weakness","floor":30,"key":"SMITH"},{"data":"Uppercut","floor":32,"key":"SMITH"},{"data":"Barricade","floor":40,"key":"SMITH"},{"floor":44,"key":"RECALL"},{"data":"Sword Boomerang","floor":46,"key":"SMITH"},{"data":"Corruption","floor":49,"key":"SMITH"},{"data":"Spot Weakness","floor":53,"key":"SMITH"}],"neow_cost":"TEN_PERCENT_HP_LOSS","seed_source_timestamp":5779909154700,"circlet_count":0,"master_deck":["AscendersBane","Defend_R","Defend_R","Defend_R","Ghostly Armor+1","Anger+1","Sword Boomerang+1","Seeing Red+1","Inflame+1","Fiend Fire+1","Warcry+1","Spot Weakness+1","Corruption+1","Spot Weakness+1","Reaper+1","Uppercut+1","Wild Strike+1","Ghostly+1","Ghostly+1","Ghostly+1","Power Through+1","Barricade+1","Second Wind+1","Shockwave+1","True Grit+1","Sword Boomerang","Dropkick","Shrug It Off+1","Ghostly Armor+1","Intimidate+1"],"relics":["Burning Blood","Juzu Bracelet","Bag of Preparation","Mercury Hourglass","Runic Pyramid","Medical Kit","Darkstone Periapt","Pear","Toxic Egg 2","Black Star","WingedGreaves","FossilizedHelix","Art of War","StoneCalendar","Ancient Tea Set","Blood Vial","Old Coin","Whetstone","Bag of Marbles","Charon\u0027s Ashes","Dead Branch","Centennial Puzzle","War Paint"],"potions_floor_usage":[16,16,25,38,42,42,56],"damage_taken":[{"damage":6,"enemies":"Cultist","floor":1,"turns":3},{"damage":12,"enemies":"Jaw Worm","floor":3,"turns":3},{"damage":0,"enemies":"2 Louse","floor":4,"turns":3},{"damage":12,"enemies":"Lots of Slimes","floor":7,"turns":5},{"damage":20,"enemies":"3 Sentries","floor":10,"turns":8},{"damage":4,"enemies":"2 Fungi Beasts","floor":12,"turns":4},{"damage":8,"enemies":"Gremlin Nob","floor":13,"turns":3},{"damage":10,"enemies":"Gremlin Gang","floor":14,"turns":3},{"damage":8,"enemies":"Slime Boss","floor":16,"turns":6},{"damage":7,"enemies":"3 Byrds","floor":18,"turns":4},{"damage":0,"enemies":"Chosen","floor":20,"turns":3},{"damage":3,"enemies":"Snecko","floor":24,"turns":3},{"damage":10,"enemies":"Gremlin Leader","floor":25,"turns":2},{"damage":36,"enemies":"Automaton","floor":33,"turns":8},{"damage":8,"enemies":"Orb Walker","floor":35,"turns":3},{"damage":2,"enemies":"Mind Bloom Boss Battle","floor":36,"turns":6},{"damage":40,"enemies":"3 Darklings","floor":37,"turns":7},{"damage":14,"enemies":"2 Orb Walkers","floor":38,"turns":5},{"damage":2,"enemies":"Giant Head","floor":41,"turns":9},{"damage":0,"enemies":"Reptomancer","floor":42,"turns":5},{"damage":0,"enemies":"Giant Head","floor":45,"turns":8},{"damage":7,"enemies":"Sphere and 2 Shapes","floor":47,"turns":6},{"damage":0,"enemies":"Reptomancer","floor":48,"turns":6},{"damage":25,"enemies":"Donu and Deca","floor":50,"turns":7},{"damage":33,"enemies":"Awakened One","floor":51,"turns":9},{"damage":3,"enemies":"Shield and Spear","floor":55,"turns":4},{"damage":15,"enemies":"The Heart","floor":56,"turns":7}],"seed_played":"90575701026134388","potions_obtained":[{"floor":4,"key":"Block Potion"},{"floor":7,"key":"Ancient Potion"},{"floor":12,"key":"SpeedPotion"},{"floor":18,"key":"SteroidPotion"},{"floor":25,"key":"SpeedPotion"},{"floor":33,"key":"Strength Potion"},{"floor":36,"key":"FearPotion"},{"floor":37,"key":"Energy Potion"},{"floor":38,"key":"SteroidPotion"},{"floor":42,"key":"SteroidPotion"}],"is_trial":false,"path_per_floor":["M","$","M","M","?","R","M","R","T","E","R","M","E","M","R","B",null,"M","?","M","?","$","R","M","E","T","?","?","?","R","?","R","B",null,"M","?","M","?","$","R","E","E","T","R","E","R","M","E","R","B","B",null,"R","$","E","B",null],"character_chosen":"IRONCLAD","items_purchased":["Medical Kit","Corruption","Dead Branch","Shrug It Off+1","Ghostly Armor+1","Swift Potion"],"campfire_rested":0,"item_purchase_floors":[22,22,54,54,54,54],"current_hp_per_floor":[68,68,62,68,61,61,55,55,55,41,41,43,41,37,37,35,60,59,59,65,46,46,46,49,45,55,55,55,41,41,41,41,11,34,32,41,36,41,41,41,41,41,41,41,41,41,41,41,41,41,41,41,41,41,41,32],"gold":103,"neow_bonus":"TRANSFORM_TWO_CARDS","is_prod":false,"is_daily":false,"chose_seed":false,"campfire_upgraded":11,"win_rate":0,"timestamp":1561092011,"path_taken":["M","$","?","?","?","R","M","R","T","E","R","M","E","M","R","BOSS","M","?","M","?","$","R","M","E","T","?","?","?","R","?","R","BOSS","M","?","M","?","?","R","E","E","T","R","E","R","M","E","R","BOSS","BOSS","R","$","E","BOSS"],"build_version":"2019-01-23","purchased_purges":2,"victory":true,"max_hp_per_floor":[68,68,68,68,68,68,68,68,68,68,68,68,68,68,68,68,68,68,68,68,73,73,73,73,73,83,83,83,41,41,41,41,41,41,41,41,41,41,41,41,41,41,41,41,41,41,41,41,41,41,41,41,41,41,41,41],"card_choices":[{"not_picked":["Body Slam","Thunderclap"],"picked":"Anger","floor":1},{"not_picked":["Havoc","Armaments","Thunderclap"],"picked":"SKIP","floor":3},{"not_picked":["Iron Wave","Flex"],"picked":"Sword Boomerang","floor":4},{"not_picked":["Clothesline","Pummel"],"picked":"Seeing Red","floor":7},{"not_picked":["Dual Wield","Searing Blow","Fire Breathing"],"picked":"SKIP","floor":10},{"not_picked":["Rage","Pommel Strike"],"picked":"Inflame","floor":12},{"not_picked":["Armaments","Clash","Sword Boomerang"],"picked":"SKIP","floor":13},{"not_picked":["Rampage","Thunderclap","Perfected Strike"],"picked":"SKIP","floor":14},{"not_picked":["Barricade","Berserk"],"picked":"Fiend Fire","floor":16},{"not_picked":["True Grit","Flex"],"picked":"Warcry+1","floor":18},{"not_picked":["Infernal Blade","Impervious"],"picked":"Spot Weakness","floor":20},{"not_picked":["Havoc","Hemokinesis"],"picked":"Spot Weakness","floor":24},{"not_picked":["Bludgeon","Twin Strike"],"picked":"Reaper","floor":25},{"not_picked":["Berserk","Brutality"],"picked":"Barricade","floor":33},{"not_picked":["Blood for Blood","Flex+1"],"picked":"Second Wind+1","floor":35},{"not_picked":["Searing Blow","Anger"],"picked":"Shockwave+1","floor":37},{"not_picked":["Iron Wave","Cleave"],"picked":"True Grit+1","floor":38},{"not_picked":["Clash","Reckless Charge","Thunderclap+1"],"picked":"SKIP","floor":41},{"not_picked":["Clash","Reckless Charge","Thunderclap+1"],"picked":"SKIP","floor":41},{"not_picked":["Clash","Reckless Charge","Thunderclap+1"],"picked":"SKIP","floor":41},{"not_picked":["Havoc+1","Heavy Blade"],"picked":"Sword Boomerang","floor":42},{"not_picked":["Rage+1","Anger","Bludgeon"],"picked":"SKIP","floor":45},{"not_picked":["Wild Strike","Blood for Blood+1"],"picked":"Dropkick","floor":47},{"not_picked":["Uppercut","Hemokinesis","Perfected Strike"],"picked":"SKIP","floor":48},{"not_picked":["Wild Strike","Flex+1"],"picked":"Intimidate+1","floor":55}],"player_experience":726640,"relics_obtained":[{"floor":9,"key":"Juzu Bracelet"},{"floor":10,"key":"Bag of Preparation"},{"floor":13,"key":"Mercury Hourglass"},{"floor":25,"key":"Darkstone Periapt"},{"floor":26,"key":"Pear"},{"floor":36,"key":"WingedGreaves"},{"floor":38,"key":"FossilizedHelix"},{"floor":41,"key":"Art of War"},{"floor":41,"key":"StoneCalendar"},{"floor":42,"key":"Ancient Tea Set"},{"floor":42,"key":"Blood Vial"},{"floor":45,"key":"Old Coin"},{"floor":45,"key":"Whetstone"},{"floor":48,"key":"Bag of Marbles"},{"floor":48,"key":"Charon\u0027s Ashes"},{"floor":55,"key":"Centennial Puzzle"},{"floor":55,"key":"War Paint"}],"event_choices":[{"cards_removed":["Strike_R"],"damage_healed":0,"gold_gain":0,"player_choice":"Card Removal","damage_taken":7,"max_hp_gain":0,"max_hp_loss":0,"event_name":"Golden Wing","floor":5,"gold_loss":0},{"cards_removed":["Strike_R"],"damage_healed":0,"gold_gain":0,"player_choice":"Offered Basic","damage_taken":0,"max_hp_gain":0,"max_hp_loss":0,"event_name":"Bonfire Elementals","floor":19,"gold_loss":0},{"damage_healed":0,"gold_gain":0,"player_choice":"Shed Blood","damage_taken":24,"max_hp_gain":5,"max_hp_loss":0,"event_name":"Forgotten Altar","floor":21,"gold_loss":0},{"damage_healed":0,"gold_gain":0,"player_choice":"Gave Potion","damage_taken":0,"relics_obtained":["Toxic Egg 2"],"max_hp_gain":0,"max_hp_loss":0,"event_name":"WeMeetAgain","floor":27,"gold_loss":0},{"damage_healed":0,"gold_gain":0,"cards_transformed":["Sever Soul","Defend_R"],"player_choice":"Became Test Subject","damage_taken":0,"max_hp_gain":0,"max_hp_loss":0,"event_name":"Drug Dealer","floor":28,"gold_loss":0,"cards_obtained":["Uppercut","Wild Strike"]},{"damage_healed":0,"gold_gain":0,"player_choice":"Became a Ghost","damage_taken":0,"max_hp_gain":0,"max_hp_loss":42,"event_name":"Ghosts","floor":29,"gold_loss":0,"cards_obtained":["Ghostly","Ghostly","Ghostly"]},{"damage_healed":0,"gold_gain":0,"player_choice":"Read","damage_taken":0,"max_hp_gain":0,"max_hp_loss":0,"event_name":"The Library","floor":31,"gold_loss":0,"cards_obtained":["Power Through"]},{"damage_healed":0,"gold_gain":0,"player_choice":"Fight","damage_taken":0,"max_hp_gain":0,"max_hp_loss":0,"event_name":"MindBloom","floor":36,"gold_loss":0},{"damage_healed":0,"gold_gain":0,"player_choice":"Fight","damage_taken":0,"max_hp_gain":0,"max_hp_loss":0,"event_name":"Mysterious Sphere","floor":38,"gold_loss":0}],"is_beta":false,"boss_relics":[{"not_picked":["Coffee Dripper","Black Blood"],"picked":"Runic Pyramid"},{"not_picked":["Calling Bell","White Beast Statue"],"picked":"Black Star"}],"items_purged_floors":[2,54],"is_endless":false,"potions_floor_spawned":[4,7,12,18,25,33,36,37,38,42],"ascension_level":20}