{"gold_per_floor":[359,374,389,360,360,360,391,410,410,426,372,392,35,52,52,150,150,162,176,176,176,194,194,11,40,66,79,79,107,107,117,117,218,218,231,243,33,45,19,19,54,66,78,90,119,142,165,277,289,301],"floor_reached":50,"playtime":4697,"items_purged":[],"score":899,"play_id":"924f74fb-9b68-4f67-bd7f-e21d573ed608","local_time":"20190623102852","is_ascension_mode":true,"campfire_choices":[{"floor":6.0,"key":"REST"},{"data":"Escape Plan","floor":15.0,"key":"SMITH"},{"floor":23.0,"key":"REST"},{"data":"A Thousand Cuts","floor":28.0,"key":"SMITH"},{"data":"Calculated Gamble","floor":32.0,"key":"SMITH"},{"floor":40.0,"key":"REST"},{"floor":42.0,"key":"REST"},{"data":"Choke","floor":49.0,"key":"SMITH"}],"neow_cost":"PERCENT_DAMAGE","seed_source_timestamp":829059014834763,"circlet_count":0,"master_deck":["AscendersBane","Defend_G","Defend_G","Defend_G","Defend_G","Defend_G","Strike_G","Strike_G","Strike_G","Strike_G","Strike_G","Survivor","Neutralize","All Out Attack+1","Concentrate","Flying Knee","PiercingWail","Tactician","Dagger Throw","Backstab","Escape Plan+1","Expertise","Die Die Die","Prepared","Acrobatics+1","A Thousand Cuts+1","Escape Plan","Flying Knee","Backstab+1","Calculated Gamble+1","Reflex+1","Burst","Dagger Throw+1","Terror","PiercingWail","Flying Knee+1","Master of Strategy","Expertise","Tactician","Dagger Throw","Unload","Writhe","Finisher","Choke+1"],"special_seed":0,"relics":["Ring of the Snake","FossilizedHelix","Dodecahedron","Pantograph","Black Star","Oddly Smooth Stone","Meat on the Bone","Centennial Puzzle","Bag of Preparation","Thread and Needle","Mercury Hourglass","Orrery","Anchor","MawBank","Bottled Lightning","Mango"],"potions_floor_usage":[50,50,50],"damage_taken":[{"damage":1.0,"enemies":"2 Louse","floor":1.0,"turns":3.0},{"damage":7.0,"enemies":"Small Slimes","floor":2.0,"turns":5.0},{"damage":10.0,"enemies":"Cultist","floor":3.0,"turns":5.0},{"damage":7.0,"enemies":"3 Sentries","floor":7.0,"turns":5.0},{"damage":0.0,"enemies":"Exordium Wildlife","floor":8.0,"turns":3.0},{"damage":7.0,"enemies":"Large Slime","floor":10.0,"turns":6.0},{"damage":0.0,"enemies":"Gremlin Gang","floor":12.0,"turns":1.0},{"damage":0.0,"enemies":"Exordium Wildlife","floor":14.0,"turns":2.0},{"damage":52.0,"enemies":"The Guardian","floor":16.0,"turns":14.0},{"damage":3.0,"enemies":"3 Byrds","floor":18.0,"turns":4.0},{"damage":24.0,"enemies":"Spheric Guardian","floor":19.0,"turns":5.0},{"damage":27.0,"enemies":"Centurion and Healer","floor":22.0,"turns":13.0},{"damage":0.0,"enemies":"Gremlin Leader","floor":25.0,"turns":6.0},{"damage":0.0,"enemies":"Cultist and Chosen","floor":27.0,"turns":6.0},{"damage":0.0,"enemies":"Slavers","floor":29.0,"turns":3.0},{"damage":0.0,"enemies":"Snake Plant","floor":31.0,"turns":4.0},{"damage":43.0,"enemies":"Collector","floor":33.0,"turns":9.0},{"damage":21.0,"enemies":"3 Darklings","floor":35.0,"turns":4.0},{"damage":0.0,"enemies":"3 Shapes","floor":36.0,"turns":3.0},{"damage":18.0,"enemies":"3 Darklings","floor":38.0,"turns":3.0},{"damage":26.0,"enemies":"Giant Head","floor":41.0,"turns":7.0},{"damage":0.0,"enemies":"Maw","floor":45.0,"turns":6.0},{"damage":6.0,"enemies":"Transient","floor":46.0,"turns":5.0},{"damage":0.0,"enemies":"3 Darklings","floor":47.0,"turns":8.0},{"damage":16.0,"enemies":"Mind Bloom Boss Battle","floor":48.0,"turns":6.0},{"damage":94,"enemies":"Donu and Deca","floor":50,"turns":6}],"seed_played":"-9105616957518539091","potions_obtained":[{"floor":3.0,"key":"Strength Potion"},{"floor":10.0,"key":"Ancient Potion"},{"floor":12.0,"key":"Energy Potion"},{"floor":14.0,"key":"Fire Potion"},{"floor":19.0,"key":"Explosive Potion"},{"floor":22.0,"key":"SneckoOil"},{"floor":25.0,"key":"Explosive Potion"},{"floor":31.0,"key":"GamblersBrew"},{"floor":35.0,"key":"Block Potion"},{"floor":41.0,"key":"Strength Potion"},{"floor":45.0,"key":"Dexterity Potion"},{"floor":47.0,"key":"Ancient Potion"}],"is_trial":false,"path_per_floor":["M","M","M","?","?","R","E","M","T","M","$","M","$","M","R","B",null,"M","M","?","?","M","R","$","E","T","M","R","E","?","M","R","B",null,"M","M","$","M","$","R","E","R","T","?","M","M","M","?","R","B"],"character_chosen":"THE_SILENT","items_purchased":["Dagger Throw","Escape Plan","Pantograph","GamblersBrew","Escape Plan","Oddly Smooth Stone","Master of Strategy","Expertise","Dagger Throw"],"campfire_rested":4,"item_purchase_floors":[11,13,13,13,24,24,37,37,39],"current_hp_per_floor":[44,37,27,27,27,48,41,41,41,34,34,34,34,34,34,7,54,51,27,50,70,43,64,64,64,64,64,64,64,64,64,64,39,62,41,41,41,35,35,56,42,63,63,70,70,64,64,68,68,0],"gold":301,"neow_bonus":"TWO_FIFTY_GOLD","is_prod":false,"is_daily":false,"chose_seed":false,"campfire_upgraded":4,"win_rate":0,"timestamp":1561274932,"path_taken":["M","M","M","?","?","R","E","M","T","M","$","M","$","?","R","BOSS","M","M","?","?","?","R","$","E","T","M","R","E","?","M","R","BOSS","M","M","$","M","$","R","E","R","T","?","M","M","M","?","R","BOSS"],"build_version":"2019-01-23","purchased_purges":0,"victory":false,"max_hp_per_floor":[70,70,70,70,70,70,70,70,70,70,70,70,70,70,70,70,70,70,70,70,70,70,70,70,70,70,70,70,70,70,70,70,70,70,70,70,70,70,70,70,70,70,70,70,70,70,70,84,84,84],"card_choices":[{"not_picked":["Slice","Backflip"],"picked":"Accuracy","floor":1.0},{"not_picked":["Dodge and Roll","Distraction"],"picked":"All Out Attack","floor":2.0},{"not_picked":["Poisoned Stab","Catalyst"],"picked":"Concentrate","floor":3.0},{"not_picked":["Sucker Punch","Deflect"],"picked":"Flying Knee","floor":7.0},{"not_picked":["Envenom","Slice"],"picked":"PiercingWail","floor":8.0},{"not_picked":["Acrobatics","Sucker Punch"],"picked":"Tactician","floor":10.0},{"not_picked":["Footwork","Skewer"],"picked":"Backstab","floor":12.0},{"not_picked":["Outmaneuver","Prepared"],"picked":"Expertise","floor":14.0},{"not_picked":["After Image","Bullet Time"],"picked":"Die Die Die","floor":16.0},{"not_picked":["Flying Knee+1","Slice"],"picked":"Prepared","floor":18.0},{"not_picked":["Footwork","Outmaneuver"],"picked":"Acrobatics+1","floor":19.0},{"not_picked":["Infinite Blades","Cloak And Dagger+1"],"picked":"A Thousand Cuts","floor":22.0},{"not_picked":["Bane","Noxious Fumes"],"picked":"Flying Knee","floor":25.0},{"not_picked":["Masterful Stab+1","Poisoned Stab"],"picked":"Backstab+1","floor":27.0},{"not_picked":["Tools of the Trade","Blade Dance"],"picked":"Calculated Gamble","floor":29.0},{"not_picked":["Acrobatics","Dagger Spray"],"picked":"Reflex+1","floor":31.0},{"not_picked":["Glass Knife","Corpse Explosion"],"picked":"Burst","floor":33.0},{"not_picked":["Blade Dance","Crippling Poison"],"picked":"Dagger Throw+1","floor":34.0},{"not_picked":["Slice","Deadly Poison"],"picked":"Terror","floor":34.0},{"not_picked":["Blade Dance+1","Deadly Poison"],"picked":"PiercingWail","floor":34.0},{"not_picked":["Bullet Time","Bane","Outmaneuver"],"picked":"SKIP","floor":35.0},{"not_picked":["Quick Slash","Deadly Poison+1"],"picked":"Flying Knee+1","floor":36.0},{"not_picked":["Endless Agony","PiercingWail+1"],"picked":"Tactician","floor":38.0},{"not_picked":["Malaise","Dagger Spray"],"picked":"Unload","floor":41.0},{"not_picked":["Terror","Outmaneuver+1","Deflect+1"],"picked":"SKIP","floor":45.0},{"not_picked":["Bane+1","Eviscerate"],"picked":"Finisher","floor":46.0},{"not_picked":["Endless Agony+1","PiercingWail+1","Sucker Punch"],"picked":"SKIP","floor":47.0},{"not_picked":["Expertise","Skewer"],"picked":"Choke","floor":48.0}],"player_experience":1562649,"relics_obtained":[{"floor":7.0,"key":"FossilizedHelix"},{"floor":9.0,"key":"Dodecahedron"},{"floor":25.0,"key":"Meat on the Bone"},{"floor":25.0,"key":"Centennial Puzzle"},{"floor":26.0,"key":"Bag of Preparation"},{"floor":29.0,"key":"Thread and Needle"},{"floor":29.0,"key":"Mercury Hourglass"},{"floor":41.0,"key":"Anchor"},{"floor":41.0,"key":"MawBank"},{"floor":43.0,"key":"Bottled Lightning"},{"floor":48.0,"key":"Mango"}],"event_choices":[{"damage_healed":0.0,"max_hp_gain":0.0,"max_hp_loss":0.0,"gold_gain":0.0,"event_name":"World of Goop","player_choice":"Left Gold","floor":4.0,"gold_loss":29.0,"damage_taken":0.0},{"damage_healed":0.0,"max_hp_gain":0.0,"max_hp_loss":0.0,"gold_gain":0.0,"event_name":"Upgrade Shrine","player_choice":"Upgraded","floor":5.0,"gold_loss":0.0,"damage_taken":0.0,"cards_upgraded":["All Out Attack"]},{"damage_healed":23.0,"max_hp_gain":0.0,"max_hp_loss":0.0,"gold_gain":0.0,"event_name":"The Library","player_choice":"Heal","floor":20.0,"gold_loss":0.0,"damage_taken":0.0},{"cards_removed":["Accuracy"],"damage_healed":20.0,"max_hp_gain":0.0,"max_hp_loss":0.0,"gold_gain":0.0,"event_name":"Bonfire Elementals","player_choice":"Offered Uncommon","floor":21.0,"gold_loss":0.0,"damage_taken":0.0},{"damage_healed":0.0,"max_hp_gain":0.0,"max_hp_loss":0.0,"gold_gain":0.0,"event_name":"Ghosts","player_choice":"Ignored","floor":30.0,"gold_loss":0.0,"damage_taken":0.0},{"damage_healed":18.0,"max_hp_gain":0.0,"max_hp_loss":0.0,"gold_gain":0.0,"event_name":"Winding Halls","player_choice":"Writhe","floor":44.0,"gold_loss":0.0,"damage_taken":0.0,"cards_obtained":["Writhe"]},{"damage_healed":0.0,"max_hp_gain":0.0,"max_hp_loss":0.0,"gold_gain":0.0,"event_name":"MindBloom","player_choice":"Fight","floor":48.0,"gold_loss":0.0,"damage_taken":0.0}],"is_beta":false,"boss_relics":[{"not_picked":["White Beast Statue","Fusion Hammer"],"picked":"Black Star"},{"not_picked":["Runic Pyramid","Busted Crown"],"picked":"Orrery"}],"items_purged_floors":[],"is_endless":false,"potions_floor_spawned":[3,10,12,14,19,22,25,29,31,35,41,45,47],"killed_by":"Donu and Deca","ascension_level":10}