{"gold_per_floor":[111,111,123,135,135,135,164,164,232,257,257,257,257,257,257,329,329,343,268,268,268,111,139,157,157,157,157,157,107,138,156,156,230,230,248,267,267,267,286,286],"floor_reached":40,"playtime":1727,"items_purged":[],"score":881,"play_id":"b2abbbe8-85cd-4af0-a5ec-39646ba9e2a7","local_time":"20190722153630","is_ascension_mode":true,"campfire_choices":[{"data":"Carnage","floor":6.0,"key":"SMITH"},{"data":"Juggernaut","floor":8.0,"key":"SMITH"},{"data":"Bash","floor":15.0,"key":"SMITH"},{"data":"Barricade","floor":25.0,"key":"SMITH"},{"data":"Entrench","floor":32.0,"key":"SMITH"}],"neow_cost":"NONE","seed_source_timestamp":258487649830400,"circlet_count":0,"master_deck":["AscendersBane","Defend_R","Defend_R+1","Defend_R+1","Defend_R+1","Bash+1","Armaments+1","Carnage+1","Juggernaut+1","True Grit","Pummel","Barricade+1","Bite","Bite","Bite","Corruption+1","Shrug It Off+1","Offering","Inflame+1","Second Wind","Entrench+1","Exhume","Shockwave","Metallicize+1","Enlightenment","Master of Strategy"],"special_seed":0,"relics":["Burning Blood","NeowsBlessing","WarpedTongs","War Paint","Regal Pillow","Pear","Juzu Bracelet","Black Star","Frozen Egg 2","The Courier","Meat on the Bone","Vajra","Molten Egg 2","Empty Cage"],"potions_floor_usage":[40,40],"damage_taken":[{"damage":0.0,"enemies":"Jaw Worm","floor":1.0,"turns":1.0},{"damage":0.0,"enemies":"Cultist","floor":3.0,"turns":1.0},{"damage":2.0,"enemies":"Small Slimes","floor":4.0,"turns":1.0},{"damage":22.0,"enemies":"3 Sentries","floor":7.0,"turns":8.0},{"damage":34.0,"enemies":"Gremlin Nob","floor":10.0,"turns":4.0},{"damage":37.0,"enemies":"The Guardian","floor":16.0,"turns":13.0},{"damage":51.0,"enemies":"Shell Parasite","floor":18.0,"turns":9.0},{"damage":28.0,"enemies":"Slavers","floor":23.0,"turns":6.0},{"damage":22.0,"enemies":"3 Byrds","floor":24.0,"turns":6.0},{"damage":28.0,"enemies":"Gremlin Leader","floor":30.0,"turns":11.0},{"damage":29.0,"enemies":"Centurion and Healer","floor":31.0,"turns":13.0},{"damage":24.0,"enemies":"Champ","floor":33.0,"turns":24.0},{"damage":67.0,"enemies":"3 Darklings","floor":35.0,"turns":21.0},{"damage":22.0,"enemies":"3 Shapes","floor":36.0,"turns":8.0},{"damage":16.0,"enemies":"Writhing Mass","floor":39.0,"turns":11.0},{"damage":70,"enemies":"Reptomancer","floor":40,"turns":2}],"seed_played":"9198430424068666","potions_obtained":[{"floor":3.0,"key":"BloodPotion"},{"floor":10.0,"key":"BloodPotion"},{"floor":23.0,"key":"EssenceOfSteel"},{"floor":24.0,"key":"Swift Potion"},{"floor":31.0,"key":"SpeedPotion"},{"floor":35.0,"key":"Energy Potion"}],"is_trial":false,"path_per_floor":["M","?","M","M","?","R","E","R","T","E","?","?","?","?","R","B",null,"M","?","?","T","$","E","M","R","T","$","?","?","E","M","R","B",null,"M","M","?","?","M","E"],"character_chosen":"IRONCLAD","items_purchased":["Corruption+1","Shrug It Off","AttackPotion"],"campfire_rested":0,"item_purchase_floors":[22,22,22],"current_hp_per_floor":[74,74,75,75,40,40,42,42,52,24,29,29,29,29,29,20,73,28,28,28,28,28,21,42,42,42,42,47,47,62,62,62,62,62,62,55,55,45,59,0],"gold":286,"neow_bonus":"THREE_ENEMY_KILL","is_prod":false,"is_daily":false,"chose_seed":false,"campfire_upgraded":5,"win_rate":0,"timestamp":1563777390,"path_taken":["M","?","?","M","?","R","E","R","T","E","?","?","?","?","R","BOSS","M","?","?","?","$","E","M","R","T","?","?","?","E","M","R","BOSS","M","M","?","?","M","E"],"build_version":"2019-07-17","purchased_purges":0,"victory":false,"max_hp_per_floor":[75,75,75,75,75,75,75,75,85,85,90,90,90,90,90,90,90,90,90,62,62,62,62,62,62,62,62,62,62,62,62,62,62,62,62,62,59,59,59,59],"card_choices":[{"not_picked":["Iron Wave","Pommel Strike"],"picked":"Armaments","floor":1.0},{"not_picked":["Flex","Body Slam"],"picked":"Carnage","floor":3.0},{"not_picked":["Wild Strike","Combust","True Grit"],"picked":"SKIP","floor":4.0},{"not_picked":["Clothesline","Seeing Red"],"picked":"Juggernaut","floor":7.0},{"not_picked":["Warcry","Combust"],"picked":"True Grit","floor":10.0},{"not_picked":["Brutality","Demon Form"],"picked":"Barricade","floor":16.0},{"not_picked":["Sword Boomerang","Combust"],"picked":"Havoc","floor":18.0},{"not_picked":["Heavy Blade","Rupture+1"],"picked":"Offering","floor":23.0},{"not_picked":["Anger+1","Armaments"],"picked":"Inflame+1","floor":24.0},{"not_picked":["Power Through","Disarm"],"picked":"Second Wind","floor":30.0},{"not_picked":["True Grit","Flex"],"picked":"Entrench","floor":31.0},{"not_picked":["Reaper+1","Barricade+1"],"picked":"Exhume","floor":33.0},{"not_picked":["Pommel Strike+1","Pummel+1"],"picked":"Shockwave","floor":35.0},{"not_picked":["Armaments","Clothesline+1"],"picked":"Metallicize+1","floor":36.0},{"not_picked":["Panache+1","Flash of Steel+1"],"picked":"Enlightenment","floor":38.0},{"not_picked":["Trip","PanicButton"],"picked":"Master of Strategy","floor":38.0},{"not_picked":["Rampage+1","Heavy Blade+1","Twin Strike+1"],"picked":"SKIP","floor":39.0}],"player_experience":1123531,"relics_obtained":[{"floor":7.0,"key":"Regal Pillow"},{"floor":9.0,"key":"Pear"},{"floor":10.0,"key":"Juzu Bracelet"},{"floor":21.0,"key":"Frozen Egg 2"},{"floor":23.0,"key":"The Courier"},{"floor":23.0,"key":"Meat on the Bone"},{"floor":30.0,"key":"Vajra"},{"floor":30.0,"key":"Molten Egg 2"}],"event_choices":[{"damage_healed":0.0,"max_hp_gain":0.0,"max_hp_loss":0.0,"gold_gain":0.0,"event_name":"Accursed Blacksmith","player_choice":"Rummage","floor":2.0,"gold_loss":0.0,"damage_taken":0.0,"relics_obtained":["WarpedTongs"],"cards_obtained":["Pain"]},{"damage_healed":0.0,"max_hp_gain":0.0,"max_hp_loss":0.0,"gold_gain":0.0,"event_name":"Scrap Ooze","player_choice":"Success","floor":5.0,"gold_loss":0.0,"damage_taken":35.0,"relics_obtained":["War Paint"]},{"damage_healed":0.0,"max_hp_gain":5.0,"max_hp_loss":0.0,"gold_gain":0.0,"event_name":"Big Fish","player_choice":"Donut","floor":11.0,"gold_loss":0.0,"damage_taken":0.0},{"damage_healed":0.0,"max_hp_gain":0.0,"max_hp_loss":0.0,"gold_gain":0.0,"event_name":"Upgrade Shrine","player_choice":"Upgraded","floor":12.0,"gold_loss":0.0,"damage_taken":0.0,"cards_upgraded":["Armaments"]},{"damage_healed":0.0,"max_hp_gain":0.0,"max_hp_loss":0.0,"gold_gain":0.0,"event_name":"Match and Keep!","player_choice":"0 cards matched","floor":13.0,"gold_loss":0.0,"damage_taken":0.0,"cards_obtained":[]},{"damage_healed":0.0,"max_hp_gain":0.0,"max_hp_loss":0.0,"gold_gain":0.0,"cards_transformed":["Strike_R"],"event_name":"Transmorgrifier","player_choice":"Transformed","floor":14.0,"gold_loss":0.0,"damage_taken":0.0,"cards_obtained":["Pummel"]},{"cards_removed":["Pain"],"damage_healed":0.0,"max_hp_gain":0.0,"max_hp_loss":0.0,"gold_gain":0.0,"event_name":"Beggar","player_choice":"Gave Gold","floor":19.0,"gold_loss":75.0,"damage_taken":0.0},{"damage_healed":0.0,"max_hp_gain":0.0,"max_hp_loss":28.0,"gold_gain":0.0,"event_name":"Vampires","player_choice":"Became a vampire","floor":20.0,"gold_loss":0.0,"damage_taken":0.0,"cards_obtained":["Bite","Bite","Bite","Bite","Bite"]},{"cards_removed":["Bite"],"damage_healed":5.0,"max_hp_gain":0.0,"max_hp_loss":0.0,"gold_gain":0.0,"event_name":"Bonfire Elementals","player_choice":"Offered Special","floor":28.0,"gold_loss":0.0,"damage_taken":0.0},{"damage_healed":0.0,"max_hp_gain":0.0,"max_hp_loss":0.0,"gold_gain":0.0,"event_name":"Designer","player_choice":"Upgraded Two","floor":29.0,"gold_loss":50.0,"damage_taken":0.0,"cards_upgraded":["Defend_R","Shrug It Off"]},{"damage_healed":0.0,"max_hp_gain":0.0,"max_hp_loss":3.0,"gold_gain":0.0,"event_name":"Winding Halls","player_choice":"Max HP","floor":37.0,"gold_loss":0.0,"damage_taken":0.0},{"damage_healed":0.0,"max_hp_gain":0.0,"max_hp_loss":0.0,"gold_gain":0.0,"event_name":"SensoryStone","player_choice":"Memory 3","floor":38.0,"gold_loss":0.0,"damage_taken":10.0}],"is_beta":false,"boss_relics":[{"not_picked":["Eternal Feather","Lizard Tail"],"picked":"Black Star"},{"not_picked":["White Beast Statue","Sozu"],"picked":"Empty Cage"}],"items_purged_floors":[],"is_endless":false,"potions_floor_spawned":[3,10,23,24,31,35],"killed_by":"Reptomancer","ascension_level":20}