{"gold_per_floor":[119,44,57,75,85,85,99,126,149,129,129,161,178,195,195,195],"floor_reached":16,"playtime":419,"items_purged":[],"score":228,"play_id":"f6bc33cb-f4ce-4bb5-929e-4f7b79d5345b","local_time":"20190718174224","is_ascension_mode":true,"campfire_choices":[{"data":"Bludgeon","floor":6,"key":"SMITH"},{"data":"Bash","floor":11,"key":"SMITH"},{"data":"Entrench","floor":15,"key":"SMITH"}],"neow_cost":"NONE","seed_source_timestamp":489602023367900,"circlet_count":0,"master_deck":["AscendersBane","Strike_R","Strike_R","Strike_R","Defend_R","Defend_R","Defend_R","Defend_R","Bash+1","Seeing Red","Bludgeon+1","Entrench+1"],"relics":["Burning Blood","Bag of Preparation","Juzu Bracelet","Happy Flower"],"potions_floor_usage":[12,13,16],"damage_taken":[{"damage":6,"enemies":"Cultist","floor":1,"turns":3},{"damage":4,"enemies":"Small Slimes","floor":3,"turns":3},{"damage":4,"enemies":"Jaw Worm","floor":4,"turns":3},{"damage":9,"enemies":"Red Slaver","floor":5,"turns":2},{"damage":7,"enemies":"2 Fungi Beasts","floor":7,"turns":4},{"damage":41,"enemies":"Lagavulin","floor":8,"turns":8},{"damage":29,"enemies":"Gremlin Nob","floor":12,"turns":4},{"damage":0,"enemies":"Large Slime","floor":13,"turns":3},{"damage":0,"enemies":"Looter","floor":14,"turns":1},{"damage":21,"enemies":"The Guardian","floor":16,"turns":8}],"seed_played":"6291170483956307305","potions_obtained":[{"floor":1,"key":"Dexterity Potion"},{"floor":5,"key":"Fire Potion"},{"floor":13,"key":"Fire Potion"}],"is_trial":false,"path_per_floor":["M","?","M","M","M","R","M","E","T","?","R","E","M","M","R","B"],"character_chosen":"IRONCLAD","items_purchased":[],"campfire_rested":0,"item_purchase_floors":[],"current_hp_per_floor":[68,68,70,72,69,69,68,33,33,33,33,10,16,22,22,1],"gold":195,"neow_bonus":"REMOVE_CARD","is_prod":false,"is_daily":false,"chose_seed":false,"campfire_upgraded":3,"win_rate":0,"timestamp":1563439344,"path_taken":["M","?","M","M","M","R","M","E","T","?","R","E","M","M","R","BOSS"],"build_version":"2019-07-17","purchased_purges":0,"victory":false,"max_hp_per_floor":[75,75,75,75,75,75,75,75,75,75,75,75,75,75,75,75],"card_choices":[{"not_picked":["Headbutt","Wild Strike"],"picked":"Seeing Red","floor":1},{"not_picked":["Warcry","Shrug It Off"],"picked":"Bludgeon","floor":3},{"not_picked":["Seeing Red","Flex","Thunderclap"],"picked":"SKIP","floor":4},{"not_picked":["Corruption","Flex","Second Wind"],"picked":"SKIP","floor":5},{"not_picked":["Uppercut","Iron Wave","Blood for Blood"],"picked":"SKIP","floor":7},{"not_picked":["Infernal Blade","Wild Strike"],"picked":"Entrench","floor":8},{"not_picked":["Havoc","Uppercut","Sever Soul"],"picked":"SKIP","floor":12},{"not_picked":["Sword Boomerang","Thunderclap","Rupture"],"picked":"SKIP","floor":13},{"not_picked":["Iron Wave","Clothesline","Entrench"],"picked":"SKIP","floor":14}],"player_experience":1088431,"relics_obtained":[{"floor":8,"key":"Bag of Preparation"},{"floor":9,"key":"Juzu Bracelet"},{"floor":12,"key":"Happy Flower"}],"event_choices":[{"cards_removed":["Strike_R"],"damage_healed":0,"gold_gain":0,"player_choice":"Card Removal","damage_taken":0,"max_hp_gain":0,"max_hp_loss":0,"event_name":"The Cleric","floor":2,"gold_loss":75},{"damage_healed":0,"gold_gain":0,"player_choice":"Bought 1 Potion","damage_taken":0,"max_hp_gain":0,"max_hp_loss":0,"event_name":"The Woman in Blue","floor":10,"gold_loss":0}],"is_beta":false,"boss_relics":[],"items_purged_floors":[],"is_endless":false,"potions_floor_spawned":[1,5,7,8,13],"killed_by":"The Guardian","ascension_level":20}