{"gold_per_floor":[364,364,5,5,21,53,53,80,80,80,115,115,125,152,152,226,226,240,240,259,259,259,259,275,308,308,342,360,360,388,405,405,477,477,494,494,510,510,45,45,77,77,100,100,200,200,228,239,239,239,239,239,239,25,50,50],"floor_reached":57,"playtime":2782,"items_purged":["Pain","Defend_B"],"score":2764,"play_id":"2fdb83d5-4bf9-4ac1-a00e-4ba57266c03a","local_time":"20190709193434","is_ascension_mode":true,"campfire_choices":[{"floor":7,"key":"REST"},{"floor":10,"key":"REST"},{"data":"Zap","floor":15,"key":"SMITH"},{"data":"Sweeping Beam","floor":23,"key":"SMITH"},{"floor":32,"key":"REST"},{"data":"Blizzard","floor":40,"key":"SMITH"},{"floor":44,"key":"RECALL"},{"data":"Strike_B+1","floor":49,"key":"PURGE"},{"data":"Zap+1","floor":53,"key":"PURGE"}],"neow_cost":"CURSE","seed_source_timestamp":137985246475900,"circlet_count":0,"master_deck":["AscendersBane","Defend_B","Defend_B+1","Defend_B","Dualcast","Ball Lightning+1","Cold Snap+1","Defragment+1","White Noise+1","Electrodynamics+1","Cold Snap+1","Seek","Sweeping Beam+1","Glacier","Machine Learning+1","Force Field","Loop+1","Rainbow","Heatsinks+1","Biased Cognition+1","Recycle","Self Repair+1","Blizzard+1","White Noise","Capacitor+1","All For One+1","Echo Form+1"],"relics":["Cracked Core","Question Card","Frozen Egg 2","Matryoshka","Centennial Puzzle","Ornamental Fan","Meat on the Bone","Odd Mushroom","Snecko Eye","War Paint","Vajra","Whetstone","Inserter","Membership Card","Calipers","Letter Opener","Molten Egg 2","Anchor","Peace Pipe","Ginger","DataDisk","Bag of Preparation","Pear"],"potions_floor_usage":[14,27,33,50,56],"damage_taken":[{"damage":3,"enemies":"Small Slimes","floor":1,"turns":3},{"damage":7,"enemies":"Jaw Worm","floor":5,"turns":2},{"damage":23,"enemies":"Lagavulin","floor":6,"turns":5},{"damage":36,"enemies":"3 Sentries","floor":8,"turns":7},{"damage":21,"enemies":"Gremlin Nob","floor":11,"turns":4},{"damage":0,"enemies":"Cultist","floor":13,"turns":3},{"damage":13,"enemies":"The Mushroom Lair","floor":14,"turns":2},{"damage":18,"enemies":"The Guardian","floor":16,"turns":9},{"damage":10,"enemies":"2 Thieves","floor":18,"turns":3},{"damage":1,"enemies":"3 Byrds","floor":20,"turns":2},{"damage":0,"enemies":"Snecko","floor":24,"turns":3},{"damage":23,"enemies":"Slavers","floor":25,"turns":4},{"damage":2,"enemies":"Gremlin Leader","floor":27,"turns":4},{"damage":3,"enemies":"3 Cultists","floor":28,"turns":3},{"damage":34,"enemies":"Slavers","floor":30,"turns":5},{"damage":14,"enemies":"Snake Plant","floor":31,"turns":4},{"damage":7,"enemies":"Collector","floor":33,"turns":7},{"damage":6,"enemies":"Orb Walker","floor":35,"turns":3},{"damage":5,"enemies":"3 Shapes","floor":37,"turns":4},{"damage":29,"enemies":"Reptomancer","floor":41,"turns":5},{"damage":5,"enemies":"Mind Bloom Boss Battle","floor":45,"turns":6},{"damage":7,"enemies":"Giant Head","floor":47,"turns":8},{"damage":0,"enemies":"Maw","floor":48,"turns":5},{"damage":60,"enemies":"Awakened One","floor":50,"turns":29},{"damage":4,"enemies":"Donu and Deca","floor":51,"turns":10},{"damage":45,"enemies":"Shield and Spear","floor":55,"turns":4},{"damage":20,"enemies":"The Heart","floor":56,"turns":11}],"seed_played":"3105535764223323272","potions_obtained":[{"floor":13,"key":"Explosive Potion"},{"floor":14,"key":"LiquidBronze"},{"floor":16,"key":"EssenceOfSteel"},{"floor":25,"key":"Dexterity Potion"},{"floor":27,"key":"LiquidBronze"},{"floor":28,"key":"Weak Potion"},{"floor":33,"key":"GamblersBrew"},{"floor":41,"key":"AttackPotion"},{"floor":48,"key":"PowerPotion"}],"is_trial":false,"path_per_floor":["M","?","$","?","M","E","R","E","T","R","E","?","M","?","R","B",null,"M","?","M","?","$","R","M","E","T","E","M","?","E","M","R","B",null,"M","?","M","?","$","R","E","T","T","R","?","T","E","M","R","B","B",null,"R","$","E","B",null],"character_chosen":"DEFECT","items_purchased":["Question Card","Membership Card","Calipers","Self Repair+1","Blizzard","Bag of Preparation","All For One+1"],"campfire_rested":3,"item_purchase_floors":[3,39,39,39,39,54,54],"current_hp_per_floor":[61,40,40,63,56,33,54,18,18,39,18,18,30,29,29,23,59,49,49,48,28,28,28,40,29,29,39,48,48,26,24,46,39,67,61,61,56,56,56,56,49,49,49,49,54,54,57,67,67,29,47,66,66,66,53,55],"gold":50,"neow_bonus":"TWO_FIFTY_GOLD","is_prod":false,"is_daily":false,"chose_seed":false,"campfire_upgraded":3,"win_rate":0,"timestamp":1562668474,"path_taken":["M","?","$","?","M","E","R","E","T","R","E","?","?","?","R","BOSS","M","?","M","?","$","R","M","E","T","E","M","?","E","M","R","BOSS","M","?","M","?","$","R","E","?","T","R","?","?","E","?","R","BOSS","BOSS","R","$","E","BOSS"],"build_version":"2019-07-05","purchased_purges":2,"victory":true,"max_hp_per_floor":[71,71,71,71,71,71,71,71,71,71,71,71,71,71,71,71,71,71,71,71,76,76,76,76,76,76,76,76,76,76,76,76,76,76,76,72,72,72,72,72,72,72,72,72,72,72,72,72,72,72,72,72,72,72,82,82],"card_choices":[{"not_picked":["Auto Shields","Rebound"],"picked":"Ball Lightning","floor":1},{"not_picked":["Recycle","Ball Lightning","Streamline"],"picked":"Cold Snap","floor":5},{"not_picked":["Rainbow","Lockon","Gash"],"picked":"Ball Lightning","floor":6},{"not_picked":["Beam Cell","Stack","Multi-Cast","Compile Driver"],"picked":"SKIP","floor":8},{"not_picked":["Turbo","Streamline","Hello World+1"],"picked":"Defragment+1","floor":11},{"not_picked":["Gash","Scrape","Chill"],"picked":"White Noise","floor":13},{"not_picked":["Hyperbeam","Buffer+1","Core Surge"],"picked":"Electrodynamics+1","floor":16},{"not_picked":["Redo","Barrage+1","Hologram"],"picked":"Cold Snap","floor":18},{"not_picked":["Go for the Eyes","Double Energy","Melter"],"picked":"Glacier","floor":20},{"not_picked":["Go for the Eyes","Streamline","Steam Power"],"picked":"Machine Learning+1","floor":24},{"not_picked":["Streamline","Cold Snap+1","Barrage"],"picked":"Force Field","floor":25},{"not_picked":["Auto Shields","Ball Lightning","Beam Cell"],"picked":"Loop+1","floor":27},{"not_picked":["Aggregate","Beam Cell","Cold Snap","Sweeping Beam"],"picked":"SKIP","floor":28},{"not_picked":["Genetic Algorithm","Doom and Gloom","Compile Driver"],"picked":"Rainbow","floor":30},{"not_picked":["Turbo","Redo+1","Fusion"],"picked":"Heatsinks+1","floor":31},{"not_picked":["All For One","Fission","Hyperbeam"],"picked":"Biased Cognition+1","floor":33},{"not_picked":["Beam Cell","Darkness","Genetic Algorithm","Barrage"],"picked":"SKIP","floor":35},{"not_picked":["Rebound+1","Streamline","Force Field"],"picked":"Recycle","floor":37},{"not_picked":["Fusion","Sweeping Beam+1","Gash","Go for the Eyes"],"picked":"SKIP","floor":41},{"not_picked":["Barrage+1","Reprogram","Cold Snap+1"],"picked":"White Noise","floor":45},{"not_picked":["Chaos","Rebound+1","Scrape+1"],"picked":"Capacitor+1","floor":47},{"not_picked":["Reinforced Body","Leap","BootSequence+1","Redo"],"picked":"SKIP","floor":48},{"not_picked":["Stack","Turbo","Sweeping Beam+1"],"picked":"Echo Form+1","floor":55}],"player_experience":960968,"relics_obtained":[{"floor":6,"key":"Frozen Egg 2"},{"floor":8,"key":"Matryoshka"},{"floor":9,"key":"Centennial Puzzle"},{"floor":9,"key":"Ornamental Fan"},{"floor":11,"key":"Meat on the Bone"},{"floor":14,"key":"Odd Mushroom"},{"floor":26,"key":"War Paint"},{"floor":27,"key":"Vajra"},{"floor":30,"key":"Whetstone"},{"floor":41,"key":"Letter Opener"},{"floor":42,"key":"Molten Egg 2"},{"floor":43,"key":"Anchor"},{"floor":45,"key":"Peace Pipe"},{"floor":46,"key":"Ginger"},{"floor":47,"key":"DataDisk"},{"floor":55,"key":"Pear"}],"event_choices":[{"damage_healed":0,"gold_gain":0,"player_choice":"Entered Light","damage_taken":21,"max_hp_gain":0,"max_hp_loss":0,"event_name":"Shining Light","floor":2,"gold_loss":0,"cards_upgraded":["Ball Lightning","Strike_B"]},{"damage_healed":23,"gold_gain":0,"player_choice":"Banana","damage_taken":0,"max_hp_gain":0,"max_hp_loss":0,"event_name":"Big Fish","floor":4,"gold_loss":0},{"cards_removed":["Strike_B"],"damage_healed":0,"gold_gain":0,"player_choice":"Offered Basic","damage_taken":0,"max_hp_gain":0,"max_hp_loss":0,"event_name":"Bonfire Elementals","floor":12,"gold_loss":0},{"damage_healed":0,"gold_gain":0,"player_choice":"Fought Mushrooms","damage_taken":0,"max_hp_gain":0,"max_hp_loss":0,"event_name":"Mushrooms","floor":14,"gold_loss":0},{"damage_healed":0,"gold_gain":0,"cards_transformed":["Strike_B","Strike_B"],"player_choice":"Became Test Subject","damage_taken":0,"max_hp_gain":0,"max_hp_loss":0,"event_name":"Drug Dealer","floor":19,"gold_loss":0,"cards_obtained":["Seek","Sweeping Beam"]},{"damage_healed":0,"gold_gain":0,"player_choice":"Shed Blood","damage_taken":25,"max_hp_gain":5,"max_hp_loss":0,"event_name":"Forgotten Altar","floor":21,"gold_loss":0},{"damage_healed":0,"gold_gain":0,"player_choice":"Ignored","damage_taken":0,"max_hp_gain":0,"max_hp_loss":0,"event_name":"The Mausoleum","floor":29,"gold_loss":0},{"damage_healed":0,"gold_gain":0,"player_choice":"Max HP","damage_taken":0,"max_hp_gain":0,"max_hp_loss":4,"event_name":"Winding Halls","floor":36,"gold_loss":0},{"cards_removed":["Ball Lightning"],"damage_healed":0,"gold_gain":0,"player_choice":"Removed Attack","damage_taken":0,"max_hp_gain":0,"max_hp_loss":0,"event_name":"Falling","floor":38,"gold_loss":0},{"damage_healed":0,"gold_gain":0,"player_choice":"Fight","damage_taken":0,"max_hp_gain":0,"max_hp_loss":0,"event_name":"MindBloom","floor":45,"gold_loss":0}],"is_beta":false,"boss_relics":[{"not_picked":["Lizard Tail","Sozu"],"picked":"Snecko Eye"},{"not_picked":["Cursed Key","Busted Crown"],"picked":"Inserter"}],"items_purged_floors":[3,54],"is_endless":false,"potions_floor_spawned":[13,14,16,25,27,28,33,41,48],"ascension_level":20}