{"gold_per_floor":[109,68,68,33,49,81,81,81,81,101,117,117,117,136,136,213,213,223,237,237,248,260,285,285,285,334,334,363,363,138,138],"floor_reached":31,"playtime":676,"items_purged":["Strike_R"],"score":646,"play_id":"c2d47058-c573-4ba6-9c62-543d908f908a","local_time":"20190723202752","is_ascension_mode":true,"campfire_choices":[{"data":"Bash","floor":8.0,"key":"SMITH"},{"data":"True Grit","floor":13.0,"key":"SMITH"},{"data":"Defend_R","floor":15.0,"key":"SMITH"},{"data":"Immolate","floor":24.0,"key":"SMITH"},{"data":"Reaper","floor":27.0,"key":"SMITH"},{"data":"Battle Trance","floor":29.0,"key":"SMITH"}],"neow_cost":"NONE","seed_source_timestamp":363422541377100,"circlet_count":0,"master_deck":["AscendersBane","Strike_R","Strike_R","Strike_R","Strike_R","Defend_R","Defend_R","Defend_R","Defend_R+1","Bash+1","Carnage+1","Reaper+1","Power Through","True Grit+1","Immolate+1","Feel No Pain+1","Dual Wield","Armaments+1","Battle Trance+1","Shrug It Off","Madness"],"special_seed":0,"relics":["Burning Blood","NeowsBlessing","Anchor","Gambling Chip","Bag of Marbles","Sozu","Nunchaku","Juzu Bracelet","Shuriken"],"potions_floor_usage":[],"damage_taken":[{"damage":0.0,"enemies":"Small Slimes","floor":1.0,"turns":1.0},{"damage":0.0,"enemies":"2 Louse","floor":5.0,"turns":1.0},{"damage":0.0,"enemies":"Lagavulin","floor":6.0,"turns":1.0},{"damage":2.0,"enemies":"Jaw Worm","floor":10.0,"turns":2.0},{"damage":0.0,"enemies":"Exordium Wildlife","floor":11.0,"turns":3.0},{"damage":0.0,"enemies":"Red Slaver","floor":14.0,"turns":2.0},{"damage":54.0,"enemies":"The Guardian","floor":16.0,"turns":10.0},{"damage":7.0,"enemies":"Spheric Guardian","floor":18.0,"turns":4.0},{"damage":0.0,"enemies":"Chosen","floor":19.0,"turns":3.0},{"damage":27.0,"enemies":"Sentry and Sphere","floor":21.0,"turns":6.0},{"damage":44.0,"enemies":"Centurion and Healer","floor":22.0,"turns":12.0},{"damage":0.0,"enemies":"Slavers","floor":23.0,"turns":1.0},{"damage":37.0,"enemies":"Book of Stabbing","floor":28.0,"turns":4.0},{"damage":11,"enemies":"Shelled Parasite and Fungi","floor":31,"turns":3}],"seed_played":"3005026593358076487","potions_obtained":[{"floor":6.0,"key":"AttackPotion"},{"floor":14.0,"key":"FairyPotion"}],"is_trial":false,"path_per_floor":["M","$","?","?","M","E","?","R","T","M","M","T","R","M","R","B",null,"M","M","?","M","M","E","R","?","T","R","E","R","$","M"],"character_chosen":"IRONCLAD","items_purchased":["Carnage","Shrug It Off","Madness"],"campfire_rested":0,"item_purchase_floors":[2,30,30],"current_hp_per_floor":[74,74,56,74,75,75,75,75,75,75,75,75,75,75,75,27,63,62,74,74,55,39,63,63,63,63,63,39,39,39,28],"gold":138,"neow_bonus":"THREE_ENEMY_KILL","is_prod":false,"is_daily":false,"chose_seed":false,"campfire_upgraded":6,"win_rate":0,"timestamp":1563881272,"path_taken":["M","$","?","?","?","E","?","R","T","M","?","?","R","M","R","BOSS","M","M","?","M","M","E","R","?","T","R","E","R","$","M"],"build_version":"2019-07-17","purchased_purges":1,"victory":false,"max_hp_per_floor":[75,75,75,75,75,75,75,75,75,75,75,75,75,75,75,75,75,75,75,75,75,75,75,75,75,75,75,75,75,75,75],"card_choices":[{"not_picked":["Warcry","Combust","Clothesline"],"picked":"SKIP","floor":1.0},{"not_picked":["Clash","Searing Blow","Sword Boomerang"],"picked":"SKIP","floor":5.0},{"not_picked":["Thunderclap","True Grit"],"picked":"Reaper","floor":6.0},{"not_picked":["Perfected Strike","Metallicize"],"picked":"Power Through","floor":10.0},{"not_picked":["Pummel","Pommel Strike"],"picked":"True Grit","floor":11.0},{"not_picked":["Flex","Clash","Perfected Strike"],"picked":"SKIP","floor":14.0},{"not_picked":["Limit Break","Dark Embrace"],"picked":"Immolate","floor":16.0},{"not_picked":["Flex","Entrench"],"picked":"Feel No Pain+1","floor":18.0},{"not_picked":["Twin Strike","Ghostly Armor","Iron Wave"],"picked":"SKIP","floor":19.0},{"not_picked":["Headbutt","Body Slam"],"picked":"Dual Wield","floor":21.0},{"not_picked":["Combust","Sentinel","Twin Strike"],"picked":"SKIP","floor":22.0},{"not_picked":["Uppercut","Heavy Blade"],"picked":"Armaments+1","floor":23.0},{"not_picked":["Carnage","Intimidate"],"picked":"Battle Trance","floor":28.0}],"player_experience":1155731,"relics_obtained":[{"floor":6.0,"key":"Gambling Chip"},{"floor":9.0,"key":"Bag of Marbles"},{"floor":23.0,"key":"Nunchaku"},{"floor":26.0,"key":"Juzu Bracelet"},{"floor":28.0,"key":"Shuriken"}],"event_choices":[{"damage_healed":0.0,"max_hp_gain":0.0,"max_hp_loss":0.0,"gold_gain":0.0,"event_name":"Scrap Ooze","player_choice":"Success","floor":3.0,"gold_loss":0.0,"damage_taken":18.0,"relics_obtained":["Anchor"]},{"damage_healed":18.0,"max_hp_gain":0.0,"max_hp_loss":0.0,"gold_gain":0.0,"event_name":"The Cleric","player_choice":"Healed","floor":4.0,"gold_loss":35.0,"damage_taken":0.0},{"damage_healed":0.0,"max_hp_gain":0.0,"max_hp_loss":0.0,"gold_gain":0.0,"event_name":"Upgrade Shrine","player_choice":"Upgraded","floor":7.0,"gold_loss":0.0,"damage_taken":0.0,"cards_upgraded":["Carnage"]},{"damage_healed":0.0,"max_hp_gain":0.0,"max_hp_loss":0.0,"gold_gain":0.0,"event_name":"Ghosts","player_choice":"Ignored","floor":20.0,"gold_loss":0.0,"damage_taken":0.0},{"damage_healed":0.0,"max_hp_gain":0.0,"max_hp_loss":0.0,"gold_gain":0.0,"event_name":"The Mausoleum","player_choice":"Ignored","floor":25.0,"gold_loss":0.0,"damage_taken":0.0}],"is_beta":false,"boss_relics":[{"not_picked":["Velvet Choker","Tiny House"],"picked":"Sozu"}],"items_purged_floors":[30],"is_endless":false,"potions_floor_spawned":[6,14,19,21,23,28],"killed_by":"Shelled Parasite and Fungi","ascension_level":20}