{"gold_per_floor":[114,129,404,65,76,76,110,110,110,128,146,163,177,205,205,205],"floor_reached":16,"playtime":1698,"items_purged":["Regret"],"score":194,"play_id":"6236b149-0b7d-4ee1-a578-ffce79d31dc2","local_time":"20190512224721","is_ascension_mode":true,"campfire_choices":[{"data":"Cloak And Dagger","floor":6,"key":"SMITH"},{"data":"Well Laid Plans","floor":8,"key":"SMITH"},{"floor":15,"key":"REST"}],"neow_cost":"NONE","seed_source_timestamp":41961567238284,"circlet_count":0,"master_deck":["AscendersBane","Defend_G","Defend_G","Defend_G","Defend_G","Defend_G","Strike_G","Strike_G","Strike_G+1","Strike_G","Strike_G","Survivor","Neutralize","Cloak And Dagger+1","All Out Attack+1","Well Laid Plans+1","PiercingWail","Flying Knee","Bullet Time","Riddle With Holes","Dodge and Roll","Dagger Throw","Escape Plan","Finisher"],"relics":["WristBlade","Omamori","Gremlin Horn","Whetstone","Bottled Flame"],"potions_floor_usage":[7,14,16],"damage_taken":[{"damage":0,"enemies":"Small Slimes","floor":1,"turns":5},{"damage":0,"enemies":"Cultist","floor":2,"turns":4},{"damage":0,"enemies":"Jaw Worm","floor":5,"turns":4},{"damage":16,"enemies":"Gremlin Nob","floor":7,"turns":5},{"damage":0,"enemies":"Large Slime","floor":10,"turns":4},{"damage":4,"enemies":"Red Slaver","floor":11,"turns":4},{"damage":0,"enemies":"Looter","floor":12,"turns":3},{"damage":8,"enemies":"Exordium Wildlife","floor":13,"turns":4},{"damage":7,"enemies":"3 Sentries","floor":14,"turns":4},{"damage":36,"enemies":"The Guardian","floor":16,"turns":13}],"seed_played":"-4869547397017599989","potions_obtained":[{"floor":5,"key":"Weak Potion"},{"floor":12,"key":"Strength Potion"},{"floor":13,"key":"SpeedPotion"}],"is_trial":false,"path_per_floor":["M","M","?","$","M","R","E","R","T","M","M","M","M","E","R","B"],"character_chosen":"THE_SILENT","items_purchased":["Well Laid Plans","Omamori","PiercingWail"],"campfire_rested":1,"item_purchase_floors":[4,4,4],"current_hp_per_floor":[59,59,59,59,59,59,43,43,43,43,39,39,31,24,43,7],"gold":205,"neow_bonus":"BOSS_RELIC","is_prod":false,"is_daily":false,"chose_seed":false,"campfire_upgraded":2,"win_rate":0,"timestamp":1557694041,"path_taken":["M","M","?","$","M","R","E","R","T","?","M","M","M","E","R","BOSS"],"build_version":"2019-01-23","purchased_purges":1,"victory":false,"max_hp_per_floor":[66,66,66,66,66,66,66,66,66,66,66,66,66,66,66,66],"card_choices":[{"not_picked":["Dagger Throw","All Out Attack"],"picked":"Cloak And Dagger","floor":1},{"not_picked":["Finisher","Skewer"],"picked":"All Out Attack","floor":2},{"not_picked":["Well Laid Plans","Concentrate"],"picked":"Flying Knee","floor":5},{"not_picked":["Escape Plan","PiercingWail"],"picked":"Bullet Time","floor":7},{"not_picked":["Slice","Endless Agony"],"picked":"Riddle With Holes","floor":10},{"not_picked":["Slice","Grand Finale"],"picked":"Dodge and Roll","floor":11},{"not_picked":["Bouncing Flask","Quick Slash"],"picked":"Dagger Throw","floor":12},{"not_picked":["Riddle With Holes","Flechettes"],"picked":"Escape Plan","floor":13},{"not_picked":["Well Laid Plans","Caltrops"],"picked":"Finisher","floor":14}],"player_experience":841978,"relics_obtained":[{"floor":7,"key":"Gremlin Horn"},{"floor":9,"key":"Whetstone"},{"floor":14,"key":"Bottled Flame"}],"event_choices":[{"damage_healed":0,"gold_gain":275,"player_choice":"Desecrate","damage_taken":0,"max_hp_gain":0,"max_hp_loss":0,"event_name":"Golden Shrine","floor":3,"gold_loss":0,"cards_obtained":["Regret"]}],"is_beta":false,"boss_relics":[],"items_purged_floors":[4],"is_endless":false,"potions_floor_spawned":[5,12,13],"killed_by":"The Guardian","ascension_level":14}