{"gold_per_floor":[115,190,28,28,28,58,68,68,143,157,157,190,206,206,206,280,280,296,312,237,262,7,33,33,46,46,72,72,107,124,24,24,24],"floor_reached":33,"playtime":2663,"items_purged":["Strike_G"],"score":672,"play_id":"214321fe-cdbf-4314-96f8-7beb8b77bc5e","local_time":"20190716071633","is_ascension_mode":true,"campfire_choices":[{"data":"Noxious Fumes","floor":8,"key":"SMITH"},{"data":"Dodge and Roll","floor":11,"key":"SMITH"},{"data":"Crippling Poison","floor":15,"key":"SMITH"},{"floor":24,"key":"REST"},{"floor":28,"key":"REST"},{"data":"Night Terror","floor":32,"key":"SMITH"}],"neow_cost":"NONE","seed_source_timestamp":451267618521950,"circlet_count":0,"master_deck":["AscendersBane","Strike_G","Strike_G+1","Strike_G+1","Defend_G","Defend_G","Defend_G","Defend_G","Defend_G","Survivor","Neutralize","Dodge and Roll+1","Noxious Fumes+1","Crippling Poison+1","Crippling Poison+1","Burst","Heel Hook+1","Acrobatics","After Image+1","Footwork+1","Blur","Night Terror+1","Cloak And Dagger","Deflect","Dodge and Roll","Dash+1","Prepared"],"relics":["Ring of the Snake","NeowsBlessing","Whetstone","Frozen Egg 2","Molten Egg 2","Sozu","Red Mask","Regal Pillow","Bottled Tornado","Vajra"],"potions_floor_usage":[23],"damage_taken":[{"damage":0,"enemies":"Small Slimes","floor":1,"turns":1},{"damage":0,"enemies":"Gremlin Nob","floor":6,"turns":1},{"damage":0,"enemies":"Jaw Worm","floor":7,"turns":1},{"damage":0,"enemies":"2 Louse","floor":10,"turns":3},{"damage":16,"enemies":"3 Sentries","floor":12,"turns":9},{"damage":1,"enemies":"Blue Slaver","floor":13,"turns":5},{"damage":29,"enemies":"The Guardian","floor":16,"turns":11},{"damage":1,"enemies":"Chosen","floor":18,"turns":5},{"damage":16,"enemies":"2 Thieves","floor":19,"turns":4},{"damage":15,"enemies":"Masked Bandits","floor":21,"turns":3},{"damage":16,"enemies":"Slavers","floor":23,"turns":6},{"damage":6,"enemies":"Centurion and Healer","floor":25,"turns":7},{"damage":7,"enemies":"Gremlin Leader","floor":27,"turns":7},{"damage":5,"enemies":"Slavers","floor":29,"turns":5},{"damage":4,"enemies":"Snecko","floor":30,"turns":7},{"damage":68,"enemies":"Collector","floor":33,"turns":9}],"seed_played":"6361844484456394178","potions_obtained":[{"floor":1,"key":"GhostInAJar"},{"floor":6,"key":"SmokeBomb"}],"is_trial":false,"path_per_floor":["M","?","$","?","$","E","M","R","T","M","R","E","M","?","R","B",null,"M","M","?","?","$","E","R","M","T","E","R","E","M","$","R","B"],"character_chosen":"THE_SILENT","items_purchased":["Noxious Fumes","Crippling Poison","Footwork+1","Blur","Dash+1","Prepared"],"campfire_rested":2,"item_purchase_floors":[3,3,22,22,31,31],"current_hp_per_floor":[59,48,48,48,48,48,48,48,48,48,48,32,31,31,31,2,50,49,33,33,18,18,2,36,30,30,23,57,52,48,48,48,0],"gold":24,"neow_bonus":"THREE_ENEMY_KILL","is_prod":false,"is_daily":false,"chose_seed":false,"campfire_upgraded":4,"win_rate":0,"timestamp":1563254193,"path_taken":["M","?","$","?","?","E","M","R","T","?","R","E","M","?","R","BOSS","M","M","?","?","$","E","R","M","T","E","R","E","M","$","R","BOSS"],"build_version":"2019-07-05","purchased_purges":1,"victory":false,"max_hp_per_floor":[66,66,66,66,66,66,66,66,66,66,66,66,66,66,66,66,66,66,66,66,66,66,66,66,66,66,66,66,66,66,66,66,66],"card_choices":[{"not_picked":["Terror","Prepared"],"picked":"Dodge and Roll","floor":1},{"not_picked":["Phantasmal Killer","Dagger Throw"],"picked":"Crippling Poison","floor":6},{"not_picked":["Grand Finale+1","After Image+1"],"picked":"Burst","floor":16},{"not_picked":["Dagger Spray+1","Outmaneuver"],"picked":"Heel Hook+1","floor":18},{"not_picked":["Quick Slash+1","Underhanded Strike+1"],"picked":"Acrobatics","floor":19},{"not_picked":["Bane+1","Choke+1"],"picked":"After Image+1","floor":21},{"not_picked":["Dodge and Roll","Poisoned Stab+1"],"picked":"Night Terror","floor":23},{"not_picked":["Eviscerate+1","Crippling Poison","Dagger Throw+1"],"picked":"SKIP","floor":25},{"not_picked":["Infinite Blades+1","Underhanded Strike+1"],"picked":"Cloak And Dagger","floor":27},{"not_picked":["Dagger Spray+1","Backstab+1"],"picked":"Deflect","floor":29},{"not_picked":["Blade Dance","Dagger Spray+1"],"picked":"Dodge and Roll","floor":30}],"player_experience":1259275,"relics_obtained":[{"floor":6,"key":"Whetstone"},{"floor":9,"key":"Frozen Egg 2"},{"floor":12,"key":"Molten Egg 2"},{"floor":21,"key":"Red Mask"},{"floor":23,"key":"Regal Pillow"},{"floor":27,"key":"Bottled Tornado"},{"floor":29,"key":"Vajra"}],"event_choices":[{"damage_healed":0,"gold_gain":75,"player_choice":"Gather Gold","damage_taken":11,"max_hp_gain":0,"max_hp_loss":0,"event_name":"World of Goop","floor":2,"gold_loss":0},{"damage_healed":0,"gold_gain":0,"player_choice":"Ignored","damage_taken":0,"max_hp_gain":0,"max_hp_loss":0,"event_name":"Liars Game","floor":4,"gold_loss":0},{"damage_healed":0,"gold_gain":0,"player_choice":"Grow","damage_taken":0,"max_hp_gain":0,"max_hp_loss":0,"event_name":"Living Wall","floor":14,"gold_loss":0,"cards_upgraded":["Crippling Poison"]},{"cards_removed":["Strike_G"],"damage_healed":0,"gold_gain":0,"player_choice":"Gave Gold","damage_taken":0,"max_hp_gain":0,"max_hp_loss":0,"event_name":"Beggar","floor":20,"gold_loss":75},{"damage_healed":0,"gold_gain":0,"player_choice":"Fought Bandits","damage_taken":0,"max_hp_gain":0,"max_hp_loss":0,"event_name":"Masked Bandits","floor":21,"gold_loss":0}],"is_beta":false,"boss_relics":[{"not_picked":["Astrolabe","Coffee Dripper"],"picked":"Sozu"}],"items_purged_floors":[22],"is_endless":false,"potions_floor_spawned":[1,6,16,18,21,23],"killed_by":"Collector","ascension_level":20}