{"gold_per_floor":[10,10,26,26,46,46,69,69,69,87,87,107,382,402,402,402],"floor_reached":16,"playtime":330,"items_purged":[],"score":188,"play_id":"c892e7dd-f4c2-42a2-987d-53f104ed6805","local_time":"20190726161658","is_ascension_mode":true,"campfire_choices":[{"data":"Juggernaut","floor":6,"key":"SMITH"},{"data":"Evolve","floor":8,"key":"SMITH"},{"floor":15,"key":"REST"}],"neow_cost":"NO_GOLD","seed_source_timestamp":607953746109800,"circlet_count":0,"master_deck":["AscendersBane","Strike_R","Strike_R","Strike_R","Strike_R","Defend_R","Defend_R","Defend_R","Defend_R","Bash","Pommel Strike","Second Wind","Juggernaut+1","Evolve+1","Feel No Pain","Regret","Bludgeon"],"relics":["Burning Blood","Nunchaku","Golden Idol","Self Forming Clay"],"potions_floor_usage":[],"damage_taken":[{"damage":14,"enemies":"Jaw Worm","floor":1,"turns":3},{"damage":1,"enemies":"Small Slimes","floor":3,"turns":4},{"damage":9,"enemies":"2 Louse","floor":5,"turns":2},{"damage":11,"enemies":"Exordium Wildlife","floor":7,"turns":3},{"damage":18,"enemies":"3 Louse","floor":10,"turns":5},{"damage":9,"enemies":"Red Slaver","floor":12,"turns":3},{"damage":11,"enemies":"Blue Slaver","floor":14,"turns":4},{"damage":0,"enemies":"Slime Boss","floor":16,"turns":3}],"seed_played":"-130743097194231938","potions_obtained":[{"floor":10,"key":"SpeedPotion"},{"floor":12,"key":"Energy Potion"}],"is_trial":false,"path_per_floor":["M","?","M","?","M","R","M","R","T","M","?","M","?","M","R","B"],"character_chosen":"IRONCLAD","items_purchased":[],"campfire_rested":1,"item_purchase_floors":[],"current_hp_per_floor":[60,60,65,39,36,36,31,31,31,19,19,16,16,11,33,33],"gold":402,"neow_bonus":"ONE_RARE_RELIC","is_prod":false,"is_daily":false,"chose_seed":false,"campfire_upgraded":2,"win_rate":0,"timestamp":1564125418,"path_taken":["M","?","M","?","M","R","M","R","T","M","?","?","?","?","R","BOSS"],"build_version":"2019-07-17","purchased_purges":0,"victory":false,"max_hp_per_floor":[75,75,75,75,75,75,75,75,75,75,75,75,75,75,75,75],"card_choices":[{"not_picked":["Iron Wave","Heavy Blade","Wild Strike"],"picked":"SKIP","floor":1},{"not_picked":["Spot Weakness","Twin Strike"],"picked":"Second Wind","floor":3},{"not_picked":["Clothesline","Wild Strike"],"picked":"Juggernaut","floor":5},{"not_picked":["Flex","Rage"],"picked":"Evolve","floor":7},{"not_picked":["Perfected Strike","Clash","Uppercut"],"picked":"SKIP","floor":10},{"not_picked":["Pommel Strike","Warcry"],"picked":"Feel No Pain","floor":12},{"not_picked":["Headbutt","Havoc"],"picked":"Bludgeon","floor":14}],"player_experience":1218171,"relics_obtained":[],"event_choices":[{"damage_healed":0,"gold_gain":0,"cards_transformed":["Strike_R"],"player_choice":"Change","damage_taken":0,"max_hp_gain":0,"max_hp_loss":0,"event_name":"Living Wall","floor":2,"gold_loss":0,"cards_obtained":["Pommel Strike"]},{"damage_healed":0,"gold_gain":0,"player_choice":"Take Damage","damage_taken":26,"relics_obtained":["Golden Idol"],"max_hp_gain":0,"max_hp_loss":0,"event_name":"Golden Idol","floor":4,"gold_loss":0},{"damage_healed":0,"gold_gain":0,"player_choice":"Searched \u00271\u0027 times","damage_taken":0,"relics_obtained":["Self Forming Clay"],"max_hp_gain":0,"max_hp_loss":0,"event_name":"Dead Adventurer","floor":11,"gold_loss":0},{"damage_healed":0,"gold_gain":275,"player_choice":"Desecrate","damage_taken":0,"max_hp_gain":0,"max_hp_loss":0,"event_name":"Golden Shrine","floor":13,"gold_loss":0,"cards_obtained":["Regret"]}],"is_beta":false,"boss_relics":[],"items_purged_floors":[],"is_endless":false,"potions_floor_spawned":[10,12],"killed_by":"Slime Boss","ascension_level":20}