{"gold_per_floor":[111,36,36,54,66,66,92,92,92,92,105,145,145,169,169,267,267,280,298,298,319,81,81,81,81,81,105,143,43,43,64,64,157,157,173,173,22,22,43,82,82,116,116,116,130,130,148,166,166,166,166,166,166,36,67,67],"floor_reached":56,"playtime":3046,"items_purged":["Injury","Pain"],"score":1945,"play_id":"244190fe-7294-49ae-be8c-09d07e1da746","local_time":"20190720190049","is_ascension_mode":true,"campfire_choices":[{"data":"Cloak And Dagger","floor":6.0,"key":"SMITH"},{"data":"Dagger Spray","floor":13.0,"key":"SMITH"},{"data":"Bouncing Flask","floor":15.0,"key":"SMITH"},{"data":"A Thousand Cuts","floor":23.0,"key":"SMITH"},{"floor":25.0,"key":"REST"},{"data":"Footwork","floor":30.0,"key":"SMITH"},{"data":"Calculated Gamble","floor":32.0,"key":"SMITH"},{"data":"Noxious Fumes","floor":41.0,"key":"SMITH"},{"data":"Calculated Gamble","floor":44.0,"key":"SMITH"},{"floor":49.0,"key":"RECALL"},{"data":"Acrobatics","floor":53.0,"key":"SMITH"}],"neow_cost":"TEN_PERCENT_HP_LOSS","seed_source_timestamp":96495239487400,"circlet_count":0,"master_deck":["AscendersBane","Defend_G","Defend_G","Defend_G","Defend_G","Survivor","Neutralize","Cloak And Dagger+1","Finisher","Dagger Spray+1","PiercingWail","Die Die Die","Bouncing Flask+1","Crippling Poison","Acrobatics+1","A Thousand Cuts+1","Leg Sweep","Calculated Gamble+1","Footwork+1","Backflip+1","Malaise","Predator+1","Dagger Throw+1","Backstab+1","Calculated Gamble+1","Bullet Time","Noxious Fumes+1","Underhanded Strike","Envenom","Predator+1","Catalyst","Riddle With Holes","Catalyst"],"special_seed":0,"relics":["Ring of the Snake","Tough Bandages","Darkstone Periapt","Mango","Golden Idol","Potion Belt","Snecko Eye","Snake Skull","WarpedTongs","Ornamental Fan","Vajra","Astrolabe","Bag of Preparation","Mummified Hand","Happy Flower"],"potions_floor_usage":[56,56,56],"damage_taken":[{"damage":0.0,"enemies":"Small Slimes","floor":1.0,"turns":5.0},{"damage":14.0,"enemies":"Jaw Worm","floor":4.0,"turns":8.0},{"damage":0.0,"enemies":"2 Louse","floor":5.0,"turns":3.0},{"damage":10.0,"enemies":"3 Sentries","floor":7.0,"turns":6.0},{"damage":13.0,"enemies":"Exordium Thugs","floor":11.0,"turns":6.0},{"damage":18.0,"enemies":"Lagavulin","floor":12.0,"turns":8.0},{"damage":0.0,"enemies":"2 Fungi Beasts","floor":14.0,"turns":2.0},{"damage":3.0,"enemies":"The Guardian","floor":16.0,"turns":10.0},{"damage":5.0,"enemies":"2 Thieves","floor":18.0,"turns":4.0},{"damage":0.0,"enemies":"3 Byrds","floor":19.0,"turns":3.0},{"damage":22.0,"enemies":"Cultist and Chosen","floor":21.0,"turns":6.0},{"damage":17.0,"enemies":"Centurion and Healer","floor":27.0,"turns":8.0},{"damage":7.0,"enemies":"Gremlin Leader","floor":28.0,"turns":3.0},{"damage":0.0,"enemies":"Snake Plant","floor":31.0,"turns":4.0},{"damage":20.0,"enemies":"Champ","floor":33.0,"turns":12.0},{"damage":0.0,"enemies":"3 Shapes","floor":35.0,"turns":3.0},{"damage":0.0,"enemies":"3 Darklings","floor":39.0,"turns":3.0},{"damage":0.0,"enemies":"Nemesis","floor":40.0,"turns":7.0},{"damage":0.0,"enemies":"Giant Head","floor":42.0,"turns":6.0},{"damage":0.0,"enemies":"Maw","floor":45.0,"turns":5.0},{"damage":0.0,"enemies":"Sphere and 2 Shapes","floor":47.0,"turns":1.0},{"damage":0.0,"enemies":"Writhing Mass","floor":48.0,"turns":5.0},{"damage":27.0,"enemies":"Awakened One","floor":50.0,"turns":13.0},{"damage":11.0,"enemies":"Time Eater","floor":51.0,"turns":10.0},{"damage":53.0,"enemies":"Shield and Spear","floor":55.0,"turns":9.0},{"damage":43,"enemies":"The Heart","floor":56,"turns":3}],"seed_played":"-2870972299288391580","potions_obtained":[{"floor":1.0,"key":"Strength Potion"},{"floor":4.0,"key":"LiquidBronze"},{"floor":11.0,"key":"EssenceOfSteel"},{"floor":12.0,"key":"GamblersBrew"},{"floor":28.0,"key":"SpeedPotion"},{"floor":31.0,"key":"GamblersBrew"},{"floor":35.0,"key":"Weak Potion"},{"floor":36.0,"key":"Strength Potion"},{"floor":36.0,"key":"Energy Potion"},{"floor":40.0,"key":"GhostInAJar"},{"floor":45.0,"key":"Dexterity Potion"}],"is_trial":false,"path_per_floor":["M","?","?","M","M","R","E","?","T","?","M","E","R","M","R","B",null,"M","M","?","M","$","R","?","R","T","M","E","$","R","M","R","B",null,"M","?","$","T","M","E","R","E","T","R","M","?","M","M","R","B","B",null,"R","$","E","B"],"character_chosen":"THE_SILENT","items_purchased":["Snake Skull","Bullet Time","Catalyst","Riddle With Holes"],"campfire_rested":1,"item_purchase_floors":[22,37,54,54],"current_hp_per_floor":[59,59,59,45,45,45,35,28,42,48,35,17,17,17,17,14,64,59,59,59,37,37,37,43,68,68,51,44,44,44,44,44,24,71,71,71,71,71,71,71,71,71,71,71,71,71,71,71,71,44,33,73,73,73,20,0],"gold":67,"neow_bonus":"ONE_RARE_RELIC","is_prod":false,"is_daily":false,"chose_seed":false,"campfire_upgraded":9,"win_rate":0,"timestamp":1563616849,"path_taken":["M","?","?","M","M","R","E","?","T","?","M","E","R","M","R","BOSS","M","M","?","M","?","R","?","R","T","?","E","$","R","M","R","BOSS","M","?","?","?","M","E","R","E","T","R","?","?","M","M","R","BOSS","BOSS","R","$","E","BOSS"],"build_version":"2019-07-17","purchased_purges":2,"victory":false,"max_hp_per_floor":[60,60,60,60,60,60,60,60,74,80,80,80,80,80,80,80,80,80,80,80,80,80,80,86,86,86,86,86,86,86,86,86,86,86,86,86,86,86,86,86,86,86,86,86,86,86,86,86,86,86,86,86,86,86,86,86],"card_choices":[{"not_picked":["Distraction","Bane"],"picked":"Cloak And Dagger","floor":1.0},{"not_picked":["Flechettes","Bane"],"picked":"Dagger Spray","floor":4.0},{"not_picked":["Dodge and Roll","Quick Slash"],"picked":"PiercingWail","floor":5.0},{"not_picked":["Acrobatics","Underhanded Strike"],"picked":"Die Die Die","floor":7.0},{"not_picked":["Cloak And Dagger","Skewer"],"picked":"Bouncing Flask","floor":11.0},{"not_picked":["Poisoned Stab","Dagger Throw"],"picked":"Crippling Poison","floor":12.0},{"not_picked":["Crippling Poison","Dodge and Roll"],"picked":"Acrobatics","floor":14.0},{"not_picked":["Bullet Time","Storm of Steel"],"picked":"A Thousand Cuts","floor":16.0},{"not_picked":["Sucker Punch","Prepared","Deadly Poison"],"picked":"SKIP","floor":18.0},{"not_picked":["Poisoned Stab","Dagger Spray","Blade Dance"],"picked":"SKIP","floor":19.0},{"not_picked":["Dagger Spray","Expertise","Escape Plan"],"picked":"SKIP","floor":21.0},{"not_picked":["Bane+1","Acrobatics"],"picked":"Calculated Gamble","floor":27.0},{"not_picked":["Choke+1","Burst"],"picked":"Footwork","floor":28.0},{"not_picked":["Choke+1","Underhanded Strike"],"picked":"Backflip+1","floor":31.0},{"not_picked":["Glass Knife","Unload"],"picked":"Malaise","floor":33.0},{"not_picked":["Dagger Throw+1","Endless Agony+1"],"picked":"Calculated Gamble","floor":35.0},{"not_picked":["Quick Slash","Blade Dance+1","Slice"],"picked":"SKIP","floor":39.0},{"not_picked":["Quick Slash","Blade Dance+1","Slice"],"picked":"SKIP","floor":39.0},{"not_picked":["Concentrate","Reflex"],"picked":"Noxious Fumes","floor":40.0},{"not_picked":["Skewer","Deflect"],"picked":"Underhanded Strike","floor":42.0},{"not_picked":["Flying Knee","Deadly Poison"],"picked":"Tactician","floor":45.0},{"not_picked":["Endless Agony","Dagger Throw"],"picked":"Envenom","floor":47.0},{"not_picked":["Calculated Gamble","Eviscerate+1"],"picked":"Predator+1","floor":48.0},{"not_picked":["Dodge and Roll","Well Laid Plans"],"picked":"Catalyst","floor":55.0}],"player_experience":1110091,"relics_obtained":[{"floor":7.0,"key":"Darkstone Periapt"},{"floor":9.0,"key":"Mango"},{"floor":12.0,"key":"Potion Belt"},{"floor":26.0,"key":"Ornamental Fan"},{"floor":28.0,"key":"Vajra"},{"floor":42.0,"key":"Bag of Preparation"},{"floor":43.0,"key":"Mummified Hand"},{"floor":55.0,"key":"Happy Flower"}],"event_choices":[{"cards_removed":["Strike_G"],"damage_healed":0.0,"max_hp_gain":0.0,"max_hp_loss":0.0,"gold_gain":0.0,"event_name":"The Cleric","player_choice":"Card Removal","floor":2.0,"gold_loss":75.0,"damage_taken":0.0},{"damage_healed":0.0,"max_hp_gain":0.0,"max_hp_loss":0.0,"gold_gain":0.0,"cards_transformed":["Strike_G"],"event_name":"Living Wall","player_choice":"Change","floor":3.0,"gold_loss":0.0,"damage_taken":0.0,"cards_obtained":["Finisher"]},{"cards_removed":["Strike_G"],"damage_healed":0.0,"max_hp_gain":0.0,"max_hp_loss":0.0,"gold_gain":0.0,"event_name":"Golden Wing","player_choice":"Card Removal","floor":8.0,"gold_loss":0.0,"damage_taken":7.0},{"damage_healed":0.0,"max_hp_gain":0.0,"max_hp_loss":0.0,"gold_gain":0.0,"event_name":"Golden Idol","player_choice":"Take Wound","floor":10.0,"gold_loss":0.0,"damage_taken":0.0,"relics_obtained":["Golden Idol"],"cards_obtained":["Injury"]},{"damage_healed":0.0,"max_hp_gain":0.0,"max_hp_loss":0.0,"gold_gain":0.0,"event_name":"The Library","player_choice":"Read","floor":20.0,"gold_loss":0.0,"damage_taken":0.0,"cards_obtained":["Leg Sweep"]},{"damage_healed":0.0,"max_hp_gain":0.0,"max_hp_loss":0.0,"gold_gain":0.0,"event_name":"Accursed Blacksmith","player_choice":"Rummage","floor":24.0,"gold_loss":0.0,"damage_taken":0.0,"relics_obtained":["WarpedTongs"],"cards_obtained":["Pain"]},{"damage_healed":0.0,"max_hp_gain":0.0,"max_hp_loss":0.0,"gold_gain":0.0,"event_name":"Lab","player_choice":"Got Potions","floor":36.0,"gold_loss":0.0,"damage_taken":0.0},{"cards_removed":["Tactician"],"damage_healed":0.0,"max_hp_gain":0.0,"max_hp_loss":0.0,"gold_gain":0.0,"event_name":"Falling","player_choice":"Removed Skill","floor":46.0,"gold_loss":0.0,"damage_taken":0.0}],"is_beta":false,"boss_relics":[{"not_picked":["Ring of the Serpent","Busted Crown"],"picked":"Snecko Eye"},{"not_picked":["WristBlade","Calling Bell"],"picked":"Astrolabe"}],"items_purged_floors":[22,29],"is_endless":false,"potions_floor_spawned":[1,4,11,12,28,31,35,40,45,47],"killed_by":"The Heart","ascension_level":20}