{"gold_per_floor":[109,123,273,286,211,211,211,223,269,269,269,298,298,314,314,386,386,398,34,89,89,14,14,64,92,141,152,152,165,165,179,179,255,255,269,280,280,295,295,295],"floor_reached":40,"playtime":1344,"items_purged":["Doubt","Strike_B"],"score":908,"play_id":"bce94e8e-8cc9-4ae4-9ac8-3737c7fc17fd","local_time":"20190714143331","is_ascension_mode":true,"campfire_choices":[{"data":"Sweeping Beam","floor":6.0,"key":"SMITH"},{"data":"Zap","floor":10.0,"key":"SMITH"},{"data":"Darkness","floor":13.0,"key":"SMITH"},{"data":"Barrage","floor":15.0,"key":"SMITH"},{"data":"Coolheaded","floor":23.0,"key":"SMITH"},{"floor":28.0,"key":"REST"},{"floor":32.0,"key":"REST"}],"neow_cost":"PERCENT_DAMAGE","seed_source_timestamp":131612768648900,"circlet_count":0,"master_deck":["AscendersBane","Defend_B+1","Defend_B","Defend_B+1","Defend_B","Zap+1","Dualcast","Sweeping Beam+1","Ball Lightning","Darkness+1","Barrage+1","Seek","Coolheaded","Self Repair","Coolheaded+1","Capacitor","Conserve Battery+1","Heatsinks","Cold Snap","Electrodynamics","Chill","Coolheaded","Self Repair"],"special_seed":0,"relics":["Cracked Core","Turnip","Bird Faced Urn","Centennial Puzzle","War Paint","Philosopher\u0027s Stone","Tiny Chest","PreservedInsect","Lantern","Mummified Hand","Nuclear Battery","Question Card"],"potions_floor_usage":[33,38,38,40],"damage_taken":[{"damage":7.0,"enemies":"Jaw Worm","floor":1.0,"turns":3.0},{"damage":4.0,"enemies":"2 Louse","floor":2.0,"turns":2.0},{"damage":2.0,"enemies":"Cultist","floor":4.0,"turns":4.0},{"damage":2.0,"enemies":"3 Louse","floor":8.0,"turns":2.0},{"damage":15.0,"enemies":"3 Sentries","floor":12.0,"turns":5.0},{"damage":0.0,"enemies":"Lots of Slimes","floor":14.0,"turns":2.0},{"damage":0.0,"enemies":"Hexaghost","floor":16.0,"turns":7.0},{"damage":15.0,"enemies":"2 Thieves","floor":18.0,"turns":3.0},{"damage":38.0,"enemies":"Slavers","floor":25.0,"turns":4.0},{"damage":7.0,"enemies":"Shell Parasite","floor":27.0,"turns":4.0},{"damage":14.0,"enemies":"Shelled Parasite and Fungi","floor":29.0,"turns":5.0},{"damage":19.0,"enemies":"Snake Plant","floor":31.0,"turns":4.0},{"damage":59,"enemies":"Automaton","floor":33,"turns":10},{"damage":16,"enemies":"3 Shapes","floor":35,"turns":4},{"damage":15,"enemies":"Orb Walker","floor":36,"turns":3},{"damage":43,"enemies":"Maw","floor":38,"turns":9},{"damage":36,"enemies":"Nemesis","floor":40,"turns":6}],"seed_played":"-1491787639451855150","potions_obtained":[{"floor":8.0,"key":"Explosive Potion"},{"floor":12.0,"key":"EssenceOfSteel"},{"floor":14.0,"key":"GamblersBrew"},{"floor":25.0,"key":"Fire Potion"},{"floor":31.0,"key":"FairyPotion"},{"floor":33,"key":"SpeedPotion"},{"floor":36,"key":"Swift Potion"},{"floor":38,"key":"Swift Potion"}],"is_trial":false,"path_per_floor":["M","M","?","M","$","R","T","M","T","R","?","E","R","M","R","B",null,"M","$","T","?","?","R","?","E","T","M","R","M","T","M","R","B",null,"M","M","T","M","$","E"],"character_chosen":"DEFECT","items_purchased":["Tiny Chest","Self Repair","Coolheaded"],"campfire_rested":2,"item_purchase_floors":[19,19,19],"current_hp_per_floor":[39,35,35,33,33,33,33,31,31,31,31,16,16,16,16,16,57,42,42,42,42,42,42,42,4,4,8,29,26,26,20,41,14,57,56,56,56,28,28,2],"gold":295,"neow_bonus":"ONE_RARE_RELIC","is_prod":false,"is_daily":false,"chose_seed":false,"campfire_upgraded":5,"win_rate":0,"timestamp":1563082411,"path_taken":["M","M","?","M","$","R","?","M","T","R","?","E","R","M","R","BOSS","M","$","?","?","?","R","?","E","T","M","R","M","?","?","R","BOSS","M","M","?","M","$","E"],"build_version":"2019-07-05","purchased_purges":2,"victory":false,"max_hp_per_floor":[71,71,71,71,71,71,71,71,71,71,71,71,71,71,71,71,71,71,71,71,71,71,71,71,71,71,71,71,71,71,71,71,71,71,71,71,71,71,71,71],"card_choices":[{"not_picked":["Gash","Redo"],"picked":"Sweeping Beam","floor":1.0},{"not_picked":["Compile Driver","Streamline","BootSequence"],"picked":"SKIP","floor":2.0},{"not_picked":["Chaos","Beam Cell","Barrage"],"picked":"SKIP","floor":4.0},{"not_picked":["Undo","Rebound"],"picked":"Ball Lightning","floor":8.0},{"not_picked":["Seek","Cold Snap"],"picked":"Darkness","floor":12.0},{"not_picked":["Rebound","Stack"],"picked":"Barrage","floor":14.0},{"not_picked":["Rainbow","All For One"],"picked":"Seek","floor":16.0},{"not_picked":["Cold Snap+1","Tempest+1"],"picked":"Coolheaded","floor":18.0},{"not_picked":["Rebound","Hello World"],"picked":"Conserve Battery+1","floor":25.0},{"not_picked":["Leap+1","Thunder Strike","Barrage"],"picked":"SKIP","floor":27.0},{"not_picked":["Leap","Go for the Eyes"],"picked":"Heatsinks","floor":29.0},{"not_picked":["Tempest","Go for the Eyes"],"picked":"Cold Snap","floor":31.0},{"not_picked":["Machine Learning","Meteor Strike"],"picked":"Electrodynamics","floor":33},{"not_picked":["Conserve Battery","Rebound"],"picked":"Chill","floor":35},{"not_picked":["Rebound","Lockon+1"],"picked":"Coolheaded","floor":36},{"not_picked":["FTL","Leap","Stack"],"picked":"Self Repair","floor":38}],"player_experience":1025988,"relics_obtained":[{"floor":7.0,"key":"Bird Faced Urn"},{"floor":9.0,"key":"Centennial Puzzle"},{"floor":12.0,"key":"War Paint"},{"floor":20.0,"key":"PreservedInsect"},{"floor":26.0,"key":"Lantern"},{"floor":30.0,"key":"Mummified Hand"},{"floor":37,"key":"Question Card"}],"event_choices":[{"damage_healed":0.0,"max_hp_gain":0.0,"max_hp_loss":0.0,"gold_gain":150.0,"event_name":"Liars Game","player_choice":"AGREE","floor":3.0,"gold_loss":0.0,"damage_taken":0.0,"cards_obtained":["Doubt"]},{"cards_removed":["Strike_B"],"damage_healed":0.0,"max_hp_gain":0.0,"max_hp_loss":0.0,"gold_gain":0.0,"event_name":"Bonfire Elementals","player_choice":"Offered Basic","floor":11.0,"gold_loss":0.0,"damage_taken":0.0},{"damage_healed":0.0,"max_hp_gain":0.0,"max_hp_loss":0.0,"gold_gain":0.0,"cards_transformed":["Strike_B","Strike_B"],"event_name":"Drug Dealer","player_choice":"Became Test Subject","floor":21.0,"gold_loss":0.0,"damage_taken":0.0,"cards_obtained":["Capacitor","Doom and Gloom"]},{"cards_removed":["Doom and Gloom"],"damage_healed":0.0,"max_hp_gain":0.0,"max_hp_loss":0.0,"gold_gain":0.0,"event_name":"Beggar","player_choice":"Gave Gold","floor":22.0,"gold_loss":75.0,"damage_taken":0.0},{"damage_healed":0.0,"max_hp_gain":0.0,"max_hp_loss":0.0,"gold_gain":50.0,"event_name":"Nest","player_choice":"Stole From Cult","floor":24.0,"gold_loss":0.0,"damage_taken":0.0}],"is_beta":false,"boss_relics":[{"not_picked":["Velvet Choker","Tiny House"],"picked":"Philosopher\u0027s Stone"},{"not_picked":["Sozu","Busted Crown"],"picked":"Nuclear Battery"}],"items_purged_floors":[5,19],"is_endless":false,"potions_floor_spawned":[8,12,14,25,31,33,36,38],"killed_by":"Nemesis","ascension_level":20}