{"gold_per_floor":[118,31,306,319,330,330,330,330,355,372,398,145,145,176,176,270,270,294,219,219],"floor_reached":20,"playtime":518,"items_purged":["Regret"],"score":360,"play_id":"555a132f-8b69-4a86-b0e9-33f48a49aaed","local_time":"20190628183805","is_ascension_mode":true,"campfire_choices":[{"data":"Armaments","floor":6,"key":"SMITH"},{"data":"Bash","floor":8,"key":"SMITH"},{"data":"Limit Break","floor":15,"key":"SMITH"}],"neow_cost":"TEN_PERCENT_HP_LOSS","seed_source_timestamp":146145679541700,"circlet_count":0,"master_deck":["AscendersBane","Strike_R","Strike_R","Defend_R","Defend_R","Defend_R","Defend_R","Bash+1","Anger","Corruption","Armaments+1","Shrug It Off","Inflame","Limit Break+1","Entrench","Reaper","Havoc"],"relics":["Burning Blood","Anchor","Potion Belt","Oddly Smooth Stone","Golden Idol","Unceasing Top","Mark of Pain"],"potions_floor_usage":[11,14,14],"damage_taken":[{"damage":7,"enemies":"Small Slimes","floor":1,"turns":5},{"damage":16,"enemies":"Cultist","floor":4,"turns":4},{"damage":4,"enemies":"2 Louse","floor":5,"turns":3},{"damage":5,"enemies":"Looter","floor":10,"turns":4},{"damage":6,"enemies":"Gremlin Nob","floor":11,"turns":3},{"damage":25,"enemies":"3 Sentries","floor":14,"turns":10},{"damage":53,"enemies":"Slime Boss","floor":16,"turns":10},{"damage":51,"enemies":"Chosen","floor":18,"turns":8},{"damage":8,"enemies":"Spheric Guardian","floor":20,"turns":4}],"seed_played":"1336112876048967537","potions_obtained":[{"floor":1,"key":"AttackPotion"},{"floor":4,"key":"Regen Potion"},{"floor":10,"key":"Regen Potion"},{"floor":18,"key":"Swift Potion"}],"is_trial":false,"path_per_floor":["M","$","?","M","M","R","?","R","T","M","E","$","?","E","R","B",null,"M","?","M"],"character_chosen":"IRONCLAD","items_purchased":["Corruption","Limit Break"],"campfire_rested":0,"item_purchase_floors":[2,12],"current_hp_per_floor":[67,67,67,57,59,59,54,54,54,55,55,55,32,67,67,20,56,18,18,10],"gold":219,"neow_bonus":"REMOVE_TWO","is_prod":false,"is_daily":false,"chose_seed":false,"campfire_upgraded":3,"win_rate":0,"timestamp":1561714685,"path_taken":["M","$","?","M","?","R","?","R","T","M","E","$","?","E","R","BOSS","M","?","M"],"build_version":"2019-01-23","purchased_purges":1,"victory":false,"max_hp_per_floor":[68,68,68,68,68,68,68,68,68,68,68,68,68,68,68,68,68,68,68,68],"card_choices":[{"not_picked":["Entrench","Dual Wield"],"picked":"Anger","floor":1},{"not_picked":["Bloodletting","True Grit"],"picked":"Armaments","floor":4},{"not_picked":["Intimidate","Cleave"],"picked":"Shrug It Off","floor":5},{"not_picked":["Pommel Strike","Heavy Blade"],"picked":"Inflame","floor":10},{"not_picked":["Heavy Blade","Warcry","Flex"],"picked":"SKIP","floor":11},{"not_picked":["Clash","Perfected Strike"],"picked":"Entrench","floor":14},{"not_picked":["Berserk","Juggernaut"],"picked":"Reaper","floor":16},{"not_picked":["Pommel Strike","Perfected Strike"],"picked":"Havoc","floor":18}],"player_experience":862064,"relics_obtained":[{"floor":9,"key":"Potion Belt"},{"floor":11,"key":"Oddly Smooth Stone"},{"floor":14,"key":"Unceasing Top"}],"event_choices":[{"damage_healed":0,"gold_gain":275,"player_choice":"Desecrate","damage_taken":0,"max_hp_gain":0,"max_hp_loss":0,"event_name":"Golden Shrine","floor":3,"gold_loss":0,"cards_obtained":["Regret"]},{"damage_healed":0,"gold_gain":0,"player_choice":"Success","damage_taken":5,"relics_obtained":["Anchor"],"max_hp_gain":0,"max_hp_loss":0,"event_name":"Scrap Ooze","floor":7,"gold_loss":0},{"damage_healed":0,"gold_gain":0,"player_choice":"Take Damage","damage_taken":23,"relics_obtained":["Golden Idol"],"max_hp_gain":0,"max_hp_loss":0,"event_name":"Golden Idol","floor":13,"gold_loss":0},{"cards_removed":["Strike_R"],"damage_healed":0,"gold_gain":0,"player_choice":"Gave Gold","damage_taken":0,"max_hp_gain":0,"max_hp_loss":0,"event_name":"Beggar","floor":19,"gold_loss":75}],"is_beta":false,"boss_relics":[{"not_picked":["Eternal Feather","Lizard Tail"],"picked":"Mark of Pain"}],"items_purged_floors":[12],"is_endless":false,"potions_floor_spawned":[1,4,10,18],"killed_by":"Spheric Guardian","ascension_level":20}