{"gold_per_floor":[109,21,21,21,38,38,73,73,73,103,113,125,125,160,160,231,231,247,247,264,278,289,354,354,381,426,426,426,460,472,25,25,98,98,114,58,0,999,1049,1080,324,324,378,378,390,390,415,326,326,326,326,326,326,65,100,100],"floor_reached":57,"playtime":2204,"items_purged":["Bash"],"score":3235,"play_id":"1d2f5a3c-c0eb-4f0f-8a16-3a898de67aa8","local_time":"20190614213151","is_ascension_mode":true,"campfire_choices":[{"data":"Juggernaut","floor":6.0,"key":"SMITH"},{"data":"Dark Embrace","floor":8.0,"key":"SMITH"},{"data":"Carnage","floor":13.0,"key":"SMITH"},{"data":"Strike_R","floor":15.0,"key":"PURGE"},{"data":"Body Slam","floor":24.0,"key":"SMITH"},{"data":"Corruption","floor":27.0,"key":"SMITH"},{"data":"Bludgeon","floor":32.0,"key":"PURGE"},{"floor":42.0,"key":"RECALL"},{"floor":44.0,"key":"REST"},{"floor":46.0,"key":"REST"},{"data":"Armaments","floor":49.0,"key":"PURGE"},{"floor":53.0,"key":"REST"}],"neow_cost":"NONE","seed_source_timestamp":23214555035300,"circlet_count":0,"master_deck":["AscendersBane","Defend_R","Defend_R","Defend_R+1","Defend_R+1","Juggernaut+1","Corruption+1","Shrug It Off","Dark Embrace+1","True Grit","Carnage+1","Anger","Impervious","Seeing Red+1","Pommel Strike+1","Armaments","Armaments+1","Rage","Body Slam+1","Shrug It Off+1","Shrug It Off","Feel No Pain","Entrench","Shockwave","Limit Break","Juggernaut","Corruption","Warcry+1","Evolve","Offering","Apotheosis","Shrug It Off","Second Wind","Rage","Barricade"],"special_seed":0,"relics":["Burning Blood","Gremlin Horn","Ice Cream","Peace Pipe","Meat on the Bone","Bag of Preparation","Astrolabe","Tiny Chest","Omamori","Anchor","MawBank","Orichalcum","Fusion Hammer","Red Mask","Turnip","Potion Belt","Bottled Lightning","Happy Flower","Vajra","Mercury Hourglass"],"potions_floor_usage":[56,56],"damage_taken":[{"damage":1.0,"enemies":"Cultist","floor":1.0,"turns":4.0},{"damage":4.0,"enemies":"Jaw Worm","floor":5.0,"turns":5.0},{"damage":26.0,"enemies":"Lagavulin","floor":7.0,"turns":8.0},{"damage":18.0,"enemies":"3 Sentries","floor":10.0,"turns":8.0},{"damage":2.0,"enemies":"Small Slimes","floor":11.0,"turns":4.0},{"damage":1.0,"enemies":"2 Fungi Beasts","floor":12.0,"turns":4.0},{"damage":32.0,"enemies":"Gremlin Nob","floor":14.0,"turns":4.0},{"damage":10.0,"enemies":"Slime Boss","floor":16.0,"turns":7.0},{"damage":17.0,"enemies":"Shell Parasite","floor":18.0,"turns":4.0},{"damage":0.0,"enemies":"Chosen","floor":20.0,"turns":4.0},{"damage":11.0,"enemies":"Snake Plant","floor":21.0,"turns":4.0},{"damage":36.0,"enemies":"Centurion and Healer","floor":22.0,"turns":4.0},{"damage":3.0,"enemies":"Slavers","floor":23.0,"turns":6.0},{"damage":31.0,"enemies":"Book of Stabbing","floor":25.0,"turns":4.0},{"damage":0.0,"enemies":"Gremlin Leader","floor":29.0,"turns":3.0},{"damage":21.0,"enemies":"Champ","floor":33.0,"turns":3.0},{"damage":0.0,"enemies":"Orb Walker","floor":35.0,"turns":3.0},{"damage":0.0,"enemies":"2 Orb Walkers","floor":39.0,"turns":3.0},{"damage":51.0,"enemies":"Reptomancer","floor":40.0,"turns":4.0},{"damage":6.0,"enemies":"3 Shapes","floor":45.0,"turns":3.0},{"damage":6.0,"enemies":"Nemesis","floor":47.0,"turns":1.0},{"damage":19.0,"enemies":"Awakened One","floor":50.0,"turns":4.0},{"damage":6.0,"enemies":"Time Eater","floor":51.0,"turns":2.0},{"damage":6.0,"enemies":"Shield and Spear","floor":55.0,"turns":4.0},{"damage":6,"enemies":"The Heart","floor":56,"turns":4}],"seed_played":"-7810780471429933987","potions_obtained":[{"floor":7.0,"key":"SpeedPotion"},{"floor":10.0,"key":"GamblersBrew"},{"floor":12.0,"key":"SkillPotion"},{"floor":22.0,"key":"Explosive Potion"},{"floor":23.0,"key":"SteroidPotion"},{"floor":40.0,"key":"Fire Potion"},{"floor":45.0,"key":"GamblersBrew"}],"is_trial":false,"path_per_floor":["M","$","?","T","M","R","E","R","T","E","M","M","R","E","R","B",null,"M","?","M","M","M","E","R","E","T","R","?","E","?","$","R","B",null,"M","$","?","?","?","E","$","R","T","R","M","R","E","$","R","B","B",null,"R","$","E","B",null],"character_chosen":"IRONCLAD","items_purchased":["Corruption","Shockwave","Limit Break","Energy Potion","Orichalcum","PowerPotion","Evolve","Offering","Bottled Lightning","Apotheosis","Second Wind","Vajra","Rage"],"campfire_rested":3,"item_purchase_floors":[2,31,31,31,31,36,41,41,41,41,48,54,54],"current_hp_per_floor":[73,73,50,50,52,52,32,32,32,20,36,53,53,39,39,47,68,57,57,63,58,40,55,55,42,42,42,42,48,48,48,48,45,68,74,74,74,74,75,42,42,42,42,64,64,75,75,75,75,62,62,72,75,75,75,75],"gold":100,"neow_bonus":"ONE_RANDOM_RARE_CARD","is_prod":false,"is_daily":false,"chose_seed":false,"campfire_upgraded":5,"win_rate":0,"timestamp":1560515511,"path_taken":["M","$","?","?","M","R","E","R","T","E","?","M","R","E","R","BOSS","M","?","M","M","M","E","R","E","T","R","?","E","?","$","R","BOSS","M","$","?","?","?","E","$","R","T","R","?","R","E","$","R","BOSS","BOSS","R","$","E","BOSS"],"build_version":"2019-01-23","purchased_purges":1,"victory":true,"max_hp_per_floor":[75,75,75,75,75,75,75,75,75,75,75,75,75,75,75,75,75,75,75,75,75,75,75,75,75,75,75,75,75,75,75,75,75,75,75,75,75,75,75,75,75,75,75,75,75,75,75,75,75,75,75,75,75,75,75,75],"card_choices":[{"not_picked":["Headbutt","Havoc","Armaments"],"picked":"SKIP","floor":1.0},{"not_picked":["Iron Wave","Hemokinesis"],"picked":"Shrug It Off","floor":5.0},{"not_picked":["Rampage","Offering"],"picked":"Dark Embrace","floor":7.0},{"not_picked":["Clash","Disarm"],"picked":"True Grit","floor":10.0},{"not_picked":["Wild Strike","Fire Breathing"],"picked":"Carnage","floor":11.0},{"not_picked":["Searing Blow","Intimidate","Reckless Charge"],"picked":"SKIP","floor":12.0},{"not_picked":["Sever Soul","Thunderclap"],"picked":"Anger","floor":14.0},{"not_picked":["Demon Form","Juggernaut"],"picked":"Impervious","floor":16.0},{"not_picked":["Clash","Fire Breathing+1"],"picked":"Armaments","floor":18.0},{"not_picked":["Flex","Pummel"],"picked":"Armaments+1","floor":20.0},{"not_picked":["Rampage","Anger"],"picked":"Rage","floor":21.0},{"not_picked":["Wild Strike","Entrench"],"picked":"Body Slam","floor":22.0},{"not_picked":["Rupture","Infernal Blade"],"picked":"Shrug It Off+1","floor":23.0},{"not_picked":["Rupture","Rage"],"picked":"Shrug It Off","floor":25.0},{"not_picked":["Pommel Strike+1","Sever Soul+1","Metallicize"],"picked":"SKIP","floor":29.0},{"not_picked":["Pommel Strike+1","Sever Soul+1","Metallicize"],"picked":"SKIP","floor":29.0},{"not_picked":["Double Tap","Fiend Fire"],"picked":"Juggernaut","floor":33.0},{"not_picked":["Rupture+1","Clothesline+1"],"picked":"Armaments","floor":35.0},{"not_picked":["Thunderclap","Headbutt+1"],"picked":"Corruption","floor":39.0},{"not_picked":["Iron Wave","Searing Blow+1"],"picked":"Warcry+1","floor":40.0},{"not_picked":["Reckless Charge","Searing Blow+1"],"picked":"Shrug It Off","floor":45.0},{"not_picked":["Carnage+1","Iron Wave+1","Inflame"],"picked":"SKIP","floor":47.0},{"not_picked":["Flex","Clothesline"],"picked":"Barricade","floor":55.0}],"player_experience":656987,"relics_obtained":[{"floor":4.0,"key":"Gremlin Horn"},{"floor":7.0,"key":"Ice Cream"},{"floor":9.0,"key":"Peace Pipe"},{"floor":10.0,"key":"Meat on the Bone"},{"floor":14.0,"key":"Bag of Preparation"},{"floor":23.0,"key":"Tiny Chest"},{"floor":25.0,"key":"Omamori"},{"floor":26.0,"key":"Anchor"},{"floor":29.0,"key":"MawBank"},{"floor":39.0,"key":"Turnip"},{"floor":40.0,"key":"Potion Belt"},{"floor":47.0,"key":"Happy Flower"},{"floor":55.0,"key":"Mercury Hourglass"}],"event_choices":[{"damage_healed":0.0,"max_hp_gain":0.0,"max_hp_loss":0.0,"gold_gain":0.0,"event_name":"Shining Light","player_choice":"Entered Light","floor":3.0,"gold_loss":0.0,"damage_taken":23.0,"cards_upgraded":["Defend_R","Defend_R"]},{"damage_healed":0.0,"max_hp_gain":0.0,"max_hp_loss":0.0,"gold_gain":0.0,"event_name":"Vampires","player_choice":"Ignored","floor":19.0,"gold_loss":0.0,"damage_taken":0.0},{"damage_healed":0.0,"max_hp_gain":0.0,"max_hp_loss":0.0,"gold_gain":0.0,"event_name":"The Library","player_choice":"Read","floor":28.0,"gold_loss":0.0,"damage_taken":0.0,"cards_obtained":["Feel No Pain"]},{"damage_healed":0.0,"max_hp_gain":0.0,"max_hp_loss":0.0,"gold_gain":0.0,"cards_transformed":["Strike_R","Searing Blow"],"event_name":"Drug Dealer","player_choice":"Became Test Subject","floor":30.0,"gold_loss":0.0,"damage_taken":0.0,"cards_obtained":["Entrench","Bludgeon"]},{"damage_healed":0.0,"max_hp_gain":0.0,"max_hp_loss":0.0,"gold_gain":0.0,"event_name":"Tomb of Lord Red Mask","player_choice":"Paid","floor":37.0,"gold_loss":58.0,"damage_taken":0.0,"relics_obtained":["Red Mask"]},{"damage_healed":0.0,"max_hp_gain":0.0,"max_hp_loss":0.0,"gold_gain":999.0,"event_name":"MindBloom","player_choice":"Gold","floor":38.0,"gold_loss":0.0,"damage_taken":0.0,"cards_obtained":["Normality","Normality"]},{"damage_healed":0.0,"max_hp_gain":0.0,"max_hp_loss":0.0,"gold_gain":0.0,"event_name":"Mysterious Sphere","player_choice":"Fight","floor":39.0,"gold_loss":0.0,"damage_taken":0.0}],"is_beta":false,"boss_relics":[{"not_picked":["Mark of Pain","Black Star"],"picked":"Astrolabe"},{"not_picked":["Black Blood","Runic Cube"],"picked":"Fusion Hammer"}],"items_purged_floors":[41],"is_endless":false,"potions_floor_spawned":[7,10,12,14,16,21,22,23,40,45],"ascension_level":20}