{"gold_per_floor":[118,129,9,22,76,101,101,114,114,124,15,15,44,44,44,118,118,132,132,132,132,144,144,178,178,178,178,20,55,74,74,74,146,146,157,157,47,62,81,81,109,109,156,168,207,237,276,67,67,67,67,67,67,13,43,43],"floor_reached":57,"playtime":3461,"items_purged":["Zap","Streamline+1"],"score":2868,"play_id":"0fcf63c5-9713-4387-86ad-5103ac0e1a73","local_time":"20190612044400","is_ascension_mode":true,"campfire_choices":[{"floor":7.0,"key":"REST"},{"data":"Defragment","floor":12.0,"key":"SMITH"},{"data":"Consume","floor":15.0,"key":"SMITH"},{"data":"Chill","floor":23.0,"key":"SMITH"},{"data":"Chrysalis","floor":25.0,"key":"SMITH"},{"data":"Darkness","floor":27.0,"key":"SMITH"},{"data":"Capacitor","floor":32.0,"key":"SMITH"},{"data":"Discovery","floor":40.0,"key":"SMITH"},{"floor":42.0,"key":"RECALL"},{"data":"Coolheaded","floor":44.0,"key":"SMITH"},{"data":"Loop","floor":49.0,"key":"SMITH"},{"data":"Defragment","floor":53.0,"key":"SMITH"}],"neow_cost":"NONE","seed_source_timestamp":309071123569000,"circlet_count":0,"master_deck":["AscendersBane","Defend_B","Defend_B","Defend_B","Dualcast","Cold Snap","Coolheaded","Darkness+1","Capacitor+1","Cold Snap","Consume+1","Cold Snap+1","Defragment+1","Coolheaded","Amplify","Coolheaded+1","Bite+1","Bite+1","Bite+1","Chrysalis+1","Purity","Chill+1","Cold Snap+1","Barrage+1","Biased Cognition+1","Tempest","Discovery+1","Double Energy","Hologram","Capacitor","Defragment+1","Loop+1","Core Surge+1","Hologram"],"special_seed":0,"relics":["Cracked Core","NeowsBlessing","Molten Egg 2","Smiling Mask","Cables","Inserter","Pocketwatch","Shuriken","Regal Pillow","Nilry\u0027s Codex","Philosopher\u0027s Stone","MawBank","Bottled Lightning","Potion Belt","Thread and Needle"],"potions_floor_usage":[56,56,56],"damage_taken":[{"damage":0.0,"enemies":"Cultist","floor":1.0,"turns":1.0},{"damage":0.0,"enemies":"Small Slimes","floor":2.0,"turns":1.0},{"damage":0.0,"enemies":"2 Louse","floor":4.0,"turns":1.0},{"damage":31.0,"enemies":"Gremlin Nob","floor":6.0,"turns":4.0},{"damage":21.0,"enemies":"Exordium Thugs","floor":8.0,"turns":5.0},{"damage":5.0,"enemies":"3 Louse","floor":10.0,"turns":4.0},{"damage":3.0,"enemies":"3 Sentries","floor":13.0,"turns":8.0},{"damage":11.0,"enemies":"Hexaghost","floor":16.0,"turns":10.0},{"damage":12.0,"enemies":"Shell Parasite","floor":18.0,"turns":9.0},{"damage":37.0,"enemies":"3 Byrds","floor":22.0,"turns":14.0},{"damage":49.0,"enemies":"Gremlin Leader","floor":24.0,"turns":21.0},{"damage":36.0,"enemies":"Book of Stabbing","floor":29.0,"turns":5.0},{"damage":0.0,"enemies":"Cultist and Chosen","floor":30.0,"turns":12.0},{"damage":0.0,"enemies":"Automaton","floor":33.0,"turns":15.0},{"damage":0.0,"enemies":"Orb Walker","floor":35.0,"turns":5.0},{"damage":0.0,"enemies":"3 Shapes","floor":38.0,"turns":9.0},{"damage":6.0,"enemies":"Transient","floor":39.0,"turns":6.0},{"damage":1.0,"enemies":"Giant Head","floor":41.0,"turns":8.0},{"damage":45.0,"enemies":"Reptomancer","floor":45.0,"turns":18.0},{"damage":3.0,"enemies":"Spire Growth","floor":46.0,"turns":7.0},{"damage":8.0,"enemies":"Nemesis","floor":47.0,"turns":9.0},{"damage":53.0,"enemies":"Time Eater","floor":50.0,"turns":28.0},{"damage":3.0,"enemies":"Donu and Deca","floor":51.0,"turns":16.0},{"damage":27.0,"enemies":"Shield and Spear","floor":55.0,"turns":18.0},{"damage":44,"enemies":"The Heart","floor":56,"turns":12}],"seed_played":"2125135921507051437","potions_obtained":[{"floor":2.0,"key":"EssenceOfSteel"},{"floor":6.0,"key":"Strength Potion"},{"floor":18.0,"key":"Regen Potion"},{"floor":29.0,"key":"Block Potion"},{"floor":38.0,"key":"EntropicBrew"},{"floor":41.0,"key":"PowerPotion"},{"floor":55.0,"key":"SkillPotion"}],"is_trial":false,"path_per_floor":["M","M","$","M","T","E","R","M","T","M","$","R","E","?","R","B",null,"M","?","?","?","M","R","E","R","T","R","$","E","M","?","R","B",null,"M","?","?","M","M","R","E","R","T","R","E","M","E","$","R","B","B",null,"R","$","E","B",null],"character_chosen":"DEFECT","items_purchased":["Darkness","Capacitor","Cold Snap+1","Defragment","Barrage+1","Explosive Potion","Core Surge+1","Swift Potion"],"campfire_rested":1,"item_purchase_floors":[3,3,11,11,28,28,48,54],"current_hp_per_floor":[64,64,64,64,64,33,54,33,33,28,28,28,25,30,30,19,62,50,50,50,50,53,53,53,53,53,53,53,23,50,29,29,53,53,53,43,43,49,52,52,53,53,53,53,53,53,53,53,53,53,53,53,53,53,53,18],"gold":43,"neow_bonus":"THREE_ENEMY_KILL","is_prod":false,"is_daily":false,"chose_seed":false,"campfire_upgraded":10,"win_rate":0,"timestamp":1560282240,"path_taken":["M","?","?","M","?","E","R","M","T","?","$","R","E","?","R","BOSS","M","?","?","?","?","R","E","R","T","R","$","E","M","?","R","BOSS","M","?","?","?","M","R","E","R","T","R","E","M","E","$","R","BOSS","BOSS","R","$","E","BOSS"],"build_version":"2019-01-23","purchased_purges":2,"victory":true,"max_hp_per_floor":[71,71,71,71,71,71,71,71,71,71,71,71,71,76,76,76,76,76,53,53,53,53,53,53,53,53,53,53,53,53,53,53,53,53,53,53,53,53,53,53,53,53,53,53,53,53,53,53,53,53,53,53,53,53,53,53],"card_choices":[{"not_picked":["Conserve Battery","BootSequence"],"picked":"Cold Snap","floor":1.0},{"not_picked":["Gash","Stack"],"picked":"Coolheaded","floor":2.0},{"not_picked":["Hologram","Rebound"],"picked":"Cold Snap","floor":4.0},{"not_picked":["Hologram","Stack"],"picked":"Streamline","floor":6.0},{"not_picked":["Redo","Chaos","BootSequence"],"picked":"SKIP","floor":8.0},{"not_picked":["Barrage+1","Go for the Eyes+1"],"picked":"Consume","floor":10.0},{"not_picked":["Doom and Gloom+1","Reprogram"],"picked":"Coolheaded","floor":13.0},{"not_picked":["Creative AI","Hyperbeam+1"],"picked":"Amplify","floor":16.0},{"not_picked":["Leap","Ball Lightning+1"],"picked":"Coolheaded","floor":18.0},{"not_picked":["Hologram","Aggregate"],"picked":"Chill","floor":22.0},{"not_picked":["Steam Power","Gash+1"],"picked":"Cold Snap+1","floor":24.0},{"not_picked":["Coolheaded","Streamline+1","Gash+1"],"picked":"SKIP","floor":29.0},{"not_picked":["Cold Snap+1","Redo","Leap"],"picked":"SKIP","floor":30.0},{"not_picked":["Thunder Strike+1","Core Surge+1"],"picked":"Biased Cognition","floor":33.0},{"not_picked":["Hologram","Beam Cell+1"],"picked":"Tempest","floor":35.0},{"not_picked":["Enlightenment","Good Instincts"],"picked":"Discovery","floor":36.0},{"not_picked":["Self Repair","Force Field+1"],"picked":"Double Energy","floor":38.0},{"not_picked":["Gash+1","Hello World"],"picked":"Hologram","floor":39.0},{"not_picked":["Hologram","Fusion"],"picked":"Capacitor","floor":41.0},{"not_picked":["Heatsinks","Rebound+1","Static Discharge"],"picked":"SKIP","floor":45.0},{"not_picked":["Recycle","Steam Power+1"],"picked":"Defragment","floor":46.0},{"not_picked":["Ball Lightning+1","Reboot"],"picked":"Loop","floor":47.0},{"not_picked":["Coolheaded","Sweeping Beam+1"],"picked":"Hologram","floor":55.0}],"player_experience":597108,"relics_obtained":[{"floor":6.0,"key":"Molten Egg 2"},{"floor":9.0,"key":"Smiling Mask"},{"floor":13.0,"key":"Cables"},{"floor":24.0,"key":"Pocketwatch"},{"floor":26.0,"key":"Shuriken"},{"floor":29.0,"key":"Regal Pillow"},{"floor":31.0,"key":"Nilry\u0027s Codex"},{"floor":43.0,"key":"MawBank"},{"floor":45.0,"key":"Bottled Lightning"},{"floor":47.0,"key":"Potion Belt"},{"floor":55.0,"key":"Thread and Needle"}],"event_choices":[{"damage_healed":0.0,"max_hp_gain":5.0,"max_hp_loss":0.0,"gold_gain":0.0,"event_name":"Big Fish","player_choice":"Donut","floor":14.0,"gold_loss":0.0,"damage_taken":0.0},{"damage_healed":0.0,"max_hp_gain":0.0,"max_hp_loss":23.0,"gold_gain":0.0,"event_name":"Vampires","player_choice":"Became a vampire","floor":19.0,"gold_loss":0.0,"damage_taken":0.0,"cards_obtained":["Bite","Bite","Bite","Bite","Bite"]},{"damage_healed":0.0,"max_hp_gain":0.0,"max_hp_loss":0.0,"gold_gain":0.0,"cards_transformed":["Bite","Bite"],"event_name":"Drug Dealer","player_choice":"Became Test Subject","floor":20.0,"gold_loss":0.0,"damage_taken":0.0,"cards_obtained":["Chrysalis","Purity"]},{"damage_healed":0.0,"max_hp_gain":0.0,"max_hp_loss":0.0,"gold_gain":0.0,"event_name":"N\u0027loth","player_choice":"Ignored","floor":21.0,"gold_loss":0.0,"damage_taken":0.0},{"damage_healed":0.0,"max_hp_gain":0.0,"max_hp_loss":0.0,"gold_gain":0.0,"event_name":"Cursed Tome","player_choice":"Obtained Book","floor":31.0,"gold_loss":0.0,"damage_taken":21.0},{"damage_healed":0.0,"max_hp_gain":0.0,"max_hp_loss":0.0,"gold_gain":0.0,"event_name":"SensoryStone","player_choice":"Memory 3","floor":36.0,"gold_loss":0.0,"damage_taken":10.0},{"cards_removed":["Defend_B"],"damage_healed":0.0,"max_hp_gain":0.0,"max_hp_loss":0.0,"gold_gain":0.0,"event_name":"Designer","player_choice":"Upgrade and Remove","floor":37.0,"gold_loss":110.0,"damage_taken":0.0,"cards_upgraded":["Biased Cognition"]}],"is_beta":false,"boss_relics":[{"not_picked":["Cursed Key","Astrolabe"],"picked":"Inserter"},{"not_picked":["Eternal Feather","Empty Cage"],"picked":"Philosopher\u0027s Stone"}],"items_purged_floors":[28,48],"is_endless":false,"potions_floor_spawned":[2,6,10,18,29,33,35,38,41,55],"ascension_level":20}