{"gold_per_floor":[367,442,461,386,396,396,429,429,456,468,484,501,501,80,80,159,159,177,227,238,258,274,274,300,300,300,320,245,245,160,160,160,234,234,251,261,279,296,316,316,343,343,343,392,392,402,437,393,393,393,393,393,393,25,53,53],"floor_reached":57,"playtime":3810,"items_purged":["Strike_B","Rebound+1"],"score":2768,"play_id":"30dea0d9-ac33-46df-9eba-6b5ced8a7d19","local_time":"20190716170152","is_ascension_mode":true,"campfire_choices":[{"data":"Zap","floor":6.0,"key":"SMITH"},{"data":"Streamline","floor":8.0,"key":"SMITH"},{"data":"Barrage","floor":13.0,"key":"SMITH"},{"data":"Creative AI","floor":15.0,"key":"SMITH"},{"data":"Fission","floor":23.0,"key":"SMITH"},{"data":"Heatsinks","floor":25.0,"key":"SMITH"},{"floor":32.0,"key":"REST"},{"floor":40.0,"key":"REST"},{"data":"Double Energy","floor":42.0,"key":"SMITH"},{"floor":45.0,"key":"REST"},{"floor":49.0,"key":"RECALL"},{"floor":53.0,"key":"REST"}],"neow_cost":"CURSE","seed_source_timestamp":310686984145300,"circlet_count":0,"master_deck":["AscendersBane","Defend_B","Defend_B","Defend_B","Zap+1","Dualcast","Chill","Glacier","Coolheaded","Streamline+1","Barrage+1","Fission+1","Creative AI+1","Echo Form","Recycle+1","Hologram+1","Coolheaded","Heatsinks+1","Chill","Loop+1","Echo Form","White Noise+1","Double Energy+1","Turbo+1","White Noise"],"special_seed":0,"relics":["Cracked Core","Potion Belt","Blood Vial","Mummified Hand","Astrolabe","Singing Bowl","Dodecahedron","Philosopher\u0027s Stone","Symbiotic Virus","Happy Flower","Regal Pillow","Strawberry","Art of War","Bronze Scales"],"potions_floor_usage":[56,56,56,56],"damage_taken":[{"damage":9.0,"enemies":"Jaw Worm","floor":1.0,"turns":3.0},{"damage":9.0,"enemies":"Small Slimes","floor":3.0,"turns":4.0},{"damage":0.0,"enemies":"2 Louse","floor":5.0,"turns":3.0},{"damage":20.0,"enemies":"3 Sentries","floor":7.0,"turns":15.0},{"damage":0.0,"enemies":"Blue Slaver","floor":10.0,"turns":3.0},{"damage":7.0,"enemies":"3 Louse","floor":11.0,"turns":3.0},{"damage":3.0,"enemies":"2 Fungi Beasts","floor":12.0,"turns":3.0},{"damage":9.0,"enemies":"Slime Boss","floor":16.0,"turns":8.0},{"damage":0.0,"enemies":"Spheric Guardian","floor":18.0,"turns":5.0},{"damage":10.0,"enemies":"Shell Parasite","floor":20.0,"turns":5.0},{"damage":2.0,"enemies":"Sentry and Sphere","floor":21.0,"turns":6.0},{"damage":19.0,"enemies":"Shelled Parasite and Fungi","floor":22.0,"turns":6.0},{"damage":19.0,"enemies":"Book of Stabbing","floor":24.0,"turns":5.0},{"damage":0.0,"enemies":"Snake Plant","floor":27.0,"turns":4.0},{"damage":23.0,"enemies":"Colosseum Slavers","floor":29.0,"turns":4.0},{"damage":9.0,"enemies":"Champ","floor":33.0,"turns":29.0},{"damage":6.0,"enemies":"Orb Walker","floor":35.0,"turns":4.0},{"damage":9.0,"enemies":"3 Shapes","floor":36.0,"turns":3.0},{"damage":14.0,"enemies":"Jaw Worm Horde","floor":37.0,"turns":3.0},{"damage":25.0,"enemies":"Writhing Mass","floor":38.0,"turns":6.0},{"damage":7.0,"enemies":"Sphere and 2 Shapes","floor":39.0,"turns":5.0},{"damage":0.0,"enemies":"Nemesis","floor":41.0,"turns":7.0},{"damage":4.0,"enemies":"Jaw Worm Horde","floor":46.0,"turns":3.0},{"damage":12.0,"enemies":"Giant Head","floor":47.0,"turns":8.0},{"damage":8.0,"enemies":"Donu and Deca","floor":50.0,"turns":7.0},{"damage":56.0,"enemies":"Awakened One","floor":51.0,"turns":13.0},{"damage":0.0,"enemies":"Shield and Spear","floor":55.0,"turns":6.0},{"damage":72,"enemies":"The Heart","floor":56,"turns":8}],"seed_played":"-601100283095612728","potions_obtained":[{"floor":3.0,"key":"Block Potion"},{"floor":7.0,"key":"EssenceOfSteel"},{"floor":12.0,"key":"Regen Potion"},{"floor":16.0,"key":"Poison Potion"},{"floor":20.0,"key":"Ancient Potion"},{"floor":22.0,"key":"Strength Potion"},{"floor":31.0,"key":"Block Potion"},{"floor":31.0,"key":"Strength Potion"},{"floor":33.0,"key":"FearPotion"},{"floor":35.0,"key":"Ancient Potion"},{"floor":37.0,"key":"Dexterity Potion"},{"floor":38.0,"key":"FearPotion"},{"floor":46.0,"key":"PowerPotion"},{"floor":55.0,"key":"Block Potion"}],"is_trial":false,"path_per_floor":["M","?","M","?","M","R","E","R","T","M","M","M","R","$","R","B",null,"M","?","M","M","M","R","E","R","T","M","?","?","?","?","R","B",null,"M","M","M","M","M","R","E","R","T","T","R","M","E","$","R","B","B",null,"R","$","E","B",null],"character_chosen":"DEFECT","items_purchased":["Mummified Hand","Creative AI","White Noise","Art of War","Dexterity Potion","Block Potion"],"campfire_rested":4,"item_purchase_floors":[14,14,48,54,54,54],"current_hp_per_floor":[55,44,35,35,35,35,15,15,15,17,12,11,11,11,11,19,58,60,60,52,52,35,35,20,20,20,22,22,1,1,1,22,15,59,57,50,40,19,14,37,39,39,39,39,77,77,76,76,76,70,16,72,90,90,92,20],"gold":53,"neow_bonus":"TWO_FIFTY_GOLD","is_prod":false,"is_daily":false,"chose_seed":false,"campfire_upgraded":7,"win_rate":0,"timestamp":1563264112,"path_taken":["M","?","M","?","M","R","E","R","T","M","M","?","R","$","R","BOSS","M","?","M","M","M","R","E","R","T","M","?","?","?","?","R","BOSS","M","M","?","M","M","R","E","R","T","?","R","?","E","?","R","BOSS","BOSS","R","$","E","BOSS"],"build_version":"2019-07-05","purchased_purges":2,"victory":true,"max_hp_per_floor":[71,71,71,71,71,71,71,71,71,71,71,71,71,71,71,71,71,71,71,71,71,71,71,73,73,73,73,73,73,73,73,73,73,73,75,75,77,79,79,79,79,79,79,79,79,81,90,90,90,90,90,90,90,90,92,92],"card_choices":[{"not_picked":["Rip and Tear","Conserve Battery"],"picked":"Chill","floor":1.0},{"not_picked":["Steam","Conserve Battery"],"picked":"Glacier","floor":3.0},{"not_picked":["Leap","Redo"],"picked":"Coolheaded","floor":5.0},{"not_picked":["FTL","Coolheaded"],"picked":"Streamline","floor":7.0},{"not_picked":["Tempest","Reprogram"],"picked":"Barrage","floor":10.0},{"not_picked":["Cold Snap","Gash"],"picked":"Fission","floor":11.0},{"not_picked":["Turbo","Streamline","Reinforced Body"],"picked":"SKIP","floor":12.0},{"not_picked":["Creative AI","Seek"],"picked":"Echo Form","floor":16.0},{"not_picked":["Sweeping Beam","Barrage"],"picked":"Coolheaded","floor":18.0},{"not_picked":["Cold Snap","Sweeping Beam"],"picked":"Heatsinks","floor":20.0},{"not_picked":["Lockon","Sweeping Beam","Go for the Eyes"],"picked":"SKIP","floor":21.0},{"not_picked":["Compile Driver","Streamline"],"picked":"Chill","floor":22.0},{"not_picked":["Turbo","Hologram","Rip and Tear"],"picked":"Singing Bowl","floor":24.0},{"not_picked":["Skim+1","Barrage"],"picked":"Loop+1","floor":27.0},{"not_picked":["Core Surge","Thunder Strike"],"picked":"Echo Form","floor":33.0},{"not_picked":["Hologram","Cold Snap","Compile Driver"],"picked":"Singing Bowl","floor":35.0},{"not_picked":["Capacitor","Steam"],"picked":"White Noise+1","floor":36.0},{"not_picked":["Beam Cell","Hologram+1","Leap"],"picked":"Singing Bowl","floor":37.0},{"not_picked":["Stack+1","Compile Driver","Darkness"],"picked":"Singing Bowl","floor":38.0},{"not_picked":["Doom and Gloom+1","Machine Learning"],"picked":"Double Energy","floor":39.0},{"not_picked":["Cold Snap+1","Stack"],"picked":"Turbo+1","floor":41.0},{"not_picked":["Go for the Eyes","Redo","Tempest"],"picked":"Singing Bowl","floor":46.0},{"not_picked":["Steam Power+1","Redo","Beam Cell"],"picked":"Singing Bowl","floor":47.0},{"not_picked":["Gash","Genetic Algorithm","Barrage"],"picked":"Singing Bowl","floor":55.0}],"player_experience":1057433,"relics_obtained":[{"floor":7.0,"key":"Potion Belt"},{"floor":9.0,"key":"Blood Vial"},{"floor":24.0,"key":"Singing Bowl"},{"floor":41.0,"key":"Symbiotic Virus"},{"floor":43.0,"key":"Happy Flower"},{"floor":44.0,"key":"Regal Pillow"},{"floor":47.0,"key":"Strawberry"},{"floor":55.0,"key":"Bronze Scales"}],"event_choices":[{"damage_healed":0.0,"max_hp_gain":0.0,"max_hp_loss":0.0,"gold_gain":75.0,"event_name":"World of Goop","player_choice":"Gather Gold","floor":2.0,"gold_loss":0.0,"damage_taken":11.0},{"cards_removed":["Decay"],"damage_healed":0.0,"max_hp_gain":0.0,"max_hp_loss":0.0,"gold_gain":0.0,"event_name":"The Cleric","player_choice":"Card Removal","floor":4.0,"gold_loss":75.0,"damage_taken":0.0},{"damage_healed":0.0,"max_hp_gain":0.0,"max_hp_loss":0.0,"gold_gain":50.0,"event_name":"Nest","player_choice":"Stole From Cult","floor":19.0,"gold_loss":0.0,"damage_taken":0.0},{"cards_removed":["Strike_B"],"damage_healed":0.0,"max_hp_gain":0.0,"max_hp_loss":0.0,"gold_gain":0.0,"event_name":"Beggar","player_choice":"Gave Gold","floor":28.0,"gold_loss":75.0,"damage_taken":0.0},{"damage_healed":0.0,"max_hp_gain":0.0,"max_hp_loss":0.0,"gold_gain":0.0,"event_name":"Colosseum","player_choice":"Fight","floor":29.0,"gold_loss":0.0,"damage_taken":0.0},{"damage_healed":0.0,"max_hp_gain":0.0,"max_hp_loss":0.0,"gold_gain":0.0,"event_name":"Colosseum","player_choice":"Fled From Nobs","floor":29.0,"gold_loss":0.0,"damage_taken":0.0},{"damage_healed":0.0,"max_hp_gain":0.0,"max_hp_loss":0.0,"gold_gain":0.0,"event_name":"Addict","player_choice":"Obtained Relic","floor":30.0,"gold_loss":85.0,"damage_taken":0.0,"relics_obtained":["Dodecahedron"]},{"damage_healed":0.0,"max_hp_gain":0.0,"max_hp_loss":0.0,"gold_gain":0.0,"event_name":"Lab","player_choice":"Got Potions","floor":31.0,"gold_loss":0.0,"damage_taken":0.0}],"is_beta":false,"boss_relics":[{"not_picked":["Inserter","Lizard Tail"],"picked":"Astrolabe"},{"not_picked":["Empty Cage","Velvet Choker"],"picked":"Philosopher\u0027s Stone"}],"items_purged_floors":[14,54],"is_endless":false,"potions_floor_spawned":[3,7,12,16,20,22,29,33,35,37,38,46,55],"ascension_level":20}