{"gold_per_floor":[110,122,138,138,138,165,165,165,165,165,191,191,209,225,225,304,304,323,323,248,282,299,325,340,368,368,403,403,467,467,477,477,555,555,565,276,288,288,302,302,315,348,400,400,412,5,32,47,47,47,47,47,47,47,73,73],"floor_reached":57,"playtime":2568,"items_purged":["Strike_B"],"score":3350,"play_id":"deb14cbc-19db-4f88-b1e0-5de9db15b0f7","local_time":"20190614205205","is_ascension_mode":true,"campfire_choices":[{"data":"Zap","floor":7.0,"key":"SMITH"},{"data":"Dualcast","floor":10.0,"key":"SMITH"},{"floor":12.0,"key":"REST"},{"data":"Electrodynamics","floor":15.0,"key":"SMITH"},{"floor":28,"key":"REST"},{"data":"Loop","floor":30,"key":"SMITH"},{"floor":32,"key":"REST"},{"floor":40,"key":"RECALL"},{"data":"Loop","floor":44,"key":"SMITH"},{"data":"Echo Form","floor":49,"key":"SMITH"},{"data":"Chill","floor":53,"key":"SMITH"}],"neow_cost":"NONE","seed_source_timestamp":20472619437300,"circlet_count":0,"master_deck":["AscendersBane","Strike_B","Strike_B","Defend_B","Defend_B","Defend_B","Defend_B","Zap+1","Dualcast+1","Chill+1","Coolheaded+1","Biased Cognition+1","Darkness+1","Electrodynamics+1","Seek+1","Ghostly+1","Ghostly+1","Ghostly+1","Fission+1","Glacier+1","Defragment+1","Coolheaded+1","Loop+1","Echo Form+1","White Noise+1","Loop+1","Cold Snap+1","Echo Form","Tempest+1","Consume+1","Defragment+1","Panacea+1","Amplify+1","Blizzard+1"],"special_seed":0,"relics":["Cracked Core","NeowsBlessing","StoneCalendar","Toxic Egg 2","Pen Nib","Sozu","Red Mask","Molten Egg 2","Potion Belt","Mummified Hand","Tiny Chest","Inserter","DataDisk","Pocketwatch","Bag of Preparation","Bird Faced Urn","Dream Catcher","Gremlin Horn"],"potions_floor_usage":[],"damage_taken":[{"damage":0.0,"enemies":"Cultist","floor":1.0,"turns":1.0},{"damage":0.0,"enemies":"Small Slimes","floor":2.0,"turns":1.0},{"damage":0.0,"enemies":"Jaw Worm","floor":3.0,"turns":1.0},{"damage":9.0,"enemies":"3 Sentries","floor":6.0,"turns":12.0},{"damage":32.0,"enemies":"Gremlin Nob","floor":11.0,"turns":4.0},{"damage":7.0,"enemies":"Looter","floor":13.0,"turns":3.0},{"damage":1.0,"enemies":"3 Louse","floor":14.0,"turns":2.0},{"damage":0.0,"enemies":"Slime Boss","floor":16.0,"turns":5.0},{"damage":21.0,"enemies":"Shell Parasite","floor":18.0,"turns":4.0},{"damage":2.0,"enemies":"Masked Bandits","floor":21.0,"turns":2.0},{"damage":0.0,"enemies":"Chosen","floor":22.0,"turns":3.0},{"damage":8,"enemies":"Book of Stabbing","floor":23,"turns":5},{"damage":0,"enemies":"Centurion and Healer","floor":24,"turns":7},{"damage":1,"enemies":"Gremlin Leader","floor":25,"turns":7},{"damage":6,"enemies":"Book of Stabbing","floor":27,"turns":6},{"damage":0,"enemies":"Gremlin Leader","floor":29,"turns":7},{"damage":0,"enemies":"Snecko","floor":31,"turns":5},{"damage":0,"enemies":"Automaton","floor":33,"turns":5},{"damage":1,"enemies":"3 Darklings","floor":35,"turns":3},{"damage":0,"enemies":"Orb Walker","floor":37,"turns":2},{"damage":0,"enemies":"4 Shapes","floor":39,"turns":4},{"damage":0,"enemies":"Writhing Mass","floor":41,"turns":5},{"damage":0,"enemies":"Giant Head","floor":42,"turns":8},{"damage":0,"enemies":"Spire Growth","floor":45,"turns":4},{"damage":0,"enemies":"Nemesis","floor":47,"turns":5},{"damage":8,"enemies":"Transient","floor":48,"turns":6},{"damage":18,"enemies":"Time Eater","floor":50,"turns":8},{"damage":0,"enemies":"Donu and Deca","floor":51,"turns":4},{"damage":18,"enemies":"Shield and Spear","floor":55,"turns":6},{"damage":26,"enemies":"The Heart","floor":56,"turns":8}],"seed_played":"7968043988517098221","potions_obtained":[{"floor":2.0,"key":"Explosive Potion"},{"floor":6.0,"key":"Swift Potion"},{"floor":13.0,"key":"GamblersBrew"}],"is_trial":false,"path_per_floor":["M","M","M","?","?","E","R","?","T","R","E","R","M","M","R","B",null,"M","?","?","?","M","E","M","E","T","E","R","E","R","M","R","B",null,"M","$","M","?","M","R","M","E","T","R","M","$","E","M","R","B","B",null,"R","$","E","B",null],"character_chosen":"DEFECT","items_purchased":["DataDisk","Loop","Bird Faced Urn","Panacea+1"],"campfire_rested":3,"item_purchase_floors":[36,36,46,46],"current_hp_per_floor":[64,64,64,43,66,57,57,57,57,57,25,46,39,38,38,38,63,42,35,35,33,33,25,25,24,24,18,28,28,28,28,35,35,35,34,34,34,34,34,34,34,34,34,34,34,34,35,35,35,27,35,35,35,35,35,34],"gold":73,"neow_bonus":"THREE_ENEMY_KILL","is_prod":false,"is_daily":false,"chose_seed":false,"campfire_upgraded":7,"win_rate":0,"timestamp":1560513125,"path_taken":["M","?","M","?","?","E","R","?","T","R","E","R","M","M","R","BOSS","M","?","?","?","M","E","M","E","T","E","R","E","R","M","R","BOSS","M","$","M","?","M","R","M","E","T","R","M","$","E","?","R","BOSS","BOSS","R","$","E","BOSS"],"build_version":"2019-01-23","purchased_purges":1,"victory":true,"max_hp_per_floor":[71,71,71,71,71,71,71,71,71,71,71,71,71,71,71,71,71,71,35,35,35,35,35,35,35,35,35,35,35,35,35,35,35,35,35,35,35,35,35,35,35,35,35,35,35,35,35,35,35,35,35,35,35,35,35,35],"card_choices":[{"not_picked":["Cold Snap","Steam"],"picked":"Chill","floor":1.0},{"not_picked":["Rebound","Conserve Battery"],"picked":"Coolheaded","floor":2.0},{"not_picked":["Sweeping Beam","Stack"],"picked":"Biased Cognition","floor":3.0},{"not_picked":["Sweeping Beam","Leap","Steam"],"picked":"SKIP","floor":6.0},{"not_picked":["Heatsinks","Go for the Eyes","Lockon"],"picked":"SKIP","floor":11.0},{"not_picked":["Coolheaded+1","Cold Snap"],"picked":"Darkness+1","floor":13.0},{"not_picked":["Streamline","Gash"],"picked":"Electrodynamics","floor":14.0},{"not_picked":["Multi-Cast+1","Meteor Strike"],"picked":"Seek+1","floor":16.0},{"not_picked":["Lockon","Gash","Steam+1"],"picked":"SKIP","floor":18.0},{"not_picked":["Ball Lightning","Rebound"],"picked":"Fission+1","floor":22.0},{"not_picked":["Sweeping Beam","Biased Cognition"],"picked":"Glacier+1","floor":23},{"not_picked":["Stack+1","Beam Cell+1","Steam+1"],"picked":"SKIP","floor":24},{"not_picked":["Coolheaded+1","Hello World"],"picked":"Defragment+1","floor":25},{"not_picked":["Ball Lightning+1","Gash+1"],"picked":"Coolheaded+1","floor":27},{"not_picked":["Conserve Battery+1","Self Repair"],"picked":"Loop","floor":29},{"not_picked":["Compile Driver+1","Gash+1","Steam+1"],"picked":"SKIP","floor":31},{"not_picked":["All For One+1","Electrodynamics"],"picked":"Echo Form","floor":33},{"not_picked":["Ball Lightning+1","Stack+1"],"picked":"White Noise+1","floor":35},{"not_picked":["Leap+1","Ball Lightning+1"],"picked":"Cold Snap+1","floor":37},{"not_picked":["Beam Cell+1","Sweeping Beam+1"],"picked":"Tempest+1","floor":39},{"not_picked":["Leap+1","Go for the Eyes+1"],"picked":"Consume+1","floor":41},{"not_picked":["Steam+1","Turbo+1","Leap+1"],"picked":"SKIP","floor":42},{"not_picked":["Streamline+1","Doom and Gloom+1"],"picked":"Defragment+1","floor":45},{"not_picked":["Compile Driver+1","Reprogram+1"],"picked":"Amplify+1","floor":47},{"not_picked":["Streamline+1","Steam+1"],"picked":"Blizzard+1","floor":48},{"not_picked":["Compile Driver+1","Meteor Strike+1","Stack+1"],"picked":"SKIP","floor":55}],"player_experience":654419,"relics_obtained":[{"floor":6.0,"key":"StoneCalendar"},{"floor":9.0,"key":"Toxic Egg 2"},{"floor":11.0,"key":"Pen Nib"},{"floor":21.0,"key":"Red Mask"},{"floor":23,"key":"Molten Egg 2"},{"floor":25,"key":"Potion Belt"},{"floor":27,"key":"Mummified Hand"},{"floor":29,"key":"Tiny Chest"},{"floor":42,"key":"Pocketwatch"},{"floor":43,"key":"Bag of Preparation"},{"floor":47,"key":"Dream Catcher"},{"floor":55,"key":"Gremlin Horn"}],"event_choices":[{"damage_healed":0.0,"max_hp_gain":0.0,"max_hp_loss":0.0,"gold_gain":0.0,"event_name":"Shining Light","player_choice":"Entered Light","floor":4.0,"gold_loss":0.0,"damage_taken":21.0,"cards_upgraded":["Biased Cognition","Coolheaded"]},{"damage_healed":23.0,"max_hp_gain":0.0,"max_hp_loss":0.0,"gold_gain":0.0,"event_name":"Big Fish","player_choice":"Banana","floor":5.0,"gold_loss":0.0,"damage_taken":0.0},{"damage_healed":0.0,"max_hp_gain":0.0,"max_hp_loss":0.0,"gold_gain":0.0,"event_name":"Liars Game","player_choice":"Ignored","floor":8.0,"gold_loss":0.0,"damage_taken":0.0},{"damage_healed":0.0,"max_hp_gain":0.0,"max_hp_loss":36.0,"gold_gain":0.0,"event_name":"Ghosts","player_choice":"Became a Ghost","floor":19.0,"gold_loss":0.0,"damage_taken":0.0,"cards_obtained":["Ghostly","Ghostly","Ghostly"]},{"cards_removed":["Strike_B"],"damage_healed":0.0,"max_hp_gain":0.0,"max_hp_loss":0.0,"gold_gain":0.0,"event_name":"Beggar","player_choice":"Gave Gold","floor":20.0,"gold_loss":75.0,"damage_taken":0.0},{"damage_healed":0.0,"max_hp_gain":0.0,"max_hp_loss":0.0,"gold_gain":0.0,"event_name":"Masked Bandits","player_choice":"Fought Bandits","floor":21.0,"gold_loss":0.0,"damage_taken":0.0},{"damage_healed":0,"gold_gain":0,"player_choice":"Copied","damage_taken":0,"max_hp_gain":0,"max_hp_loss":0,"event_name":"Duplicator","floor":38,"gold_loss":0,"cards_obtained":["Echo Form"]}],"is_beta":false,"boss_relics":[{"not_picked":["Runic Pyramid","Empty Cage"],"picked":"Sozu"},{"not_picked":["Calling Bell","Pandora\u0027s Box"],"picked":"Inserter"}],"items_purged_floors":[36],"is_endless":false,"potions_floor_spawned":[2,6,13,21,22,27,29,33,35,45,47],"ascension_level":20}