{"gold_per_floor":[119,131,151,151,169,196,196,121,121,121,133,143,172,172,172,172],"floor_reached":16,"playtime":399,"items_purged":[],"score":224,"play_id":"4e5101bc-4160-4e93-9e92-c9d2217e7e06","local_time":"20190622170230","is_ascension_mode":true,"campfire_choices":[{"floor":7.0,"key":"REST"},{"data":"Carnage","floor":10.0,"key":"SMITH"},{"data":"Shockwave","floor":15.0,"key":"SMITH"}],"neow_cost":"TEN_PERCENT_HP_LOSS","seed_source_timestamp":12541682339800,"circlet_count":0,"master_deck":["AscendersBane","Strike_R","Strike_R","Strike_R","Strike_R","Defend_R","Defend_R","Defend_R","Defend_R","Bash","Sword Boomerang","Inflame","Carnage+1","Shockwave+1","Shrug It Off","Pommel Strike","Spot Weakness"],"special_seed":0,"relics":["Burning Blood","Magic Flower","Kunai","Charon\u0027s Ashes","Bird Faced Urn","Bottled Tornado","Molten Egg 2"],"potions_floor_usage":[16],"damage_taken":[{"damage":6.0,"enemies":"Cultist","floor":1.0,"turns":3.0},{"damage":2.0,"enemies":"2 Louse","floor":2.0,"turns":3.0},{"damage":22.0,"enemies":"Small Slimes","floor":3.0,"turns":4.0},{"damage":21.0,"enemies":"Exordium Thugs","floor":5.0,"turns":5.0},{"damage":31.0,"enemies":"Gremlin Nob","floor":6.0,"turns":4.0},{"damage":15.0,"enemies":"Exordium Wildlife","floor":11.0,"turns":4.0},{"damage":6.0,"enemies":"Looter","floor":12.0,"turns":3.0},{"damage":22.0,"enemies":"3 Sentries","floor":13.0,"turns":5.0},{"damage":55,"enemies":"Slime Boss","floor":16,"turns":9}],"seed_played":"2809270808877933891","potions_obtained":[{"floor":1.0,"key":"AttackPotion"},{"floor":11.0,"key":"Weak Potion"},{"floor":12.0,"key":"Regen Potion"}],"is_trial":false,"path_per_floor":["M","M","M","?","M","E","R","?","T","R","M","M","E","T","R","B"],"character_chosen":"IRONCLAD","items_purchased":[],"campfire_rested":1,"item_purchase_floors":[],"current_hp_per_floor":[68,68,55,44,32,10,30,30,30,30,27,33,45,45,45,0],"gold":172,"neow_bonus":"ONE_RARE_RELIC","is_prod":false,"is_daily":false,"chose_seed":false,"campfire_upgraded":2,"win_rate":0,"timestamp":1561190550,"path_taken":["M","?","M","?","M","E","R","?","T","R","?","M","E","?","R","BOSS"],"build_version":"2019-01-23","purchased_purges":0,"victory":false,"max_hp_per_floor":[68,68,68,68,68,68,68,68,68,68,68,68,68,68,68,68],"card_choices":[{"not_picked":["Burning Pact","Intimidate","Armaments"],"picked":"SKIP","floor":1.0},{"not_picked":["Sword Boomerang","Cleave","Heavy Blade"],"picked":"SKIP","floor":2.0},{"not_picked":["Cleave","Heavy Blade"],"picked":"Sword Boomerang","floor":2.0},{"not_picked":["Dual Wield","Body Slam"],"picked":"Inflame","floor":3.0},{"not_picked":["Pommel Strike","Heavy Blade"],"picked":"Carnage","floor":5.0},{"not_picked":["Reckless Charge","Havoc"],"picked":"Shockwave","floor":6.0},{"not_picked":["Rage","Body Slam"],"picked":"Shrug It Off","floor":11.0},{"not_picked":["Searing Blow","Clash"],"picked":"Pommel Strike","floor":12.0},{"not_picked":["Rampage","Flex"],"picked":"Spot Weakness","floor":13.0}],"player_experience":747272,"relics_obtained":[{"floor":6.0,"key":"Charon\u0027s Ashes"},{"floor":9.0,"key":"Bird Faced Urn"},{"floor":13.0,"key":"Bottled Tornado"},{"floor":14.0,"key":"Molten Egg 2"}],"event_choices":[{"damage_healed":0.0,"max_hp_gain":0.0,"max_hp_loss":0.0,"gold_gain":0.0,"event_name":"Scrap Ooze","player_choice":"Success","floor":4.0,"gold_loss":0.0,"damage_taken":11.0,"relics_obtained":["Kunai"]},{"cards_removed":["Strike_R"],"damage_healed":0.0,"max_hp_gain":0.0,"max_hp_loss":0.0,"gold_gain":0.0,"event_name":"The Cleric","player_choice":"Card Removal","floor":8.0,"gold_loss":75.0,"damage_taken":0.0}],"is_beta":false,"boss_relics":[],"items_purged_floors":[],"is_endless":false,"potions_floor_spawned":[1,11,12],"killed_by":"Slime Boss","ascension_level":20}