{"gold_per_floor":[19,38,58,58,72,72,100,120,120,180,180,192,192,224,224,302,302,212,212],"floor_reached":19,"playtime":4220,"items_purged":[],"score":319,"play_id":"622d7b60-0c7d-4c93-bc7b-089f1e7775f2","local_time":"20190514220752","is_ascension_mode":true,"campfire_choices":[{"data":"Neutralize","floor":6,"key":"SMITH"},{"data":"Dagger Spray","floor":13,"key":"SMITH"},{"floor":15,"key":"REST"}],"neow_cost":"NO_GOLD","seed_source_timestamp":209795749684497,"circlet_count":0,"master_deck":["AscendersBane","Defend_G","Defend_G","Defend_G","Defend_G","Defend_G","Strike_G","Strike_G","Strike_G","Strike_G","Strike_G","Survivor","Neutralize+1","Die Die Die","Dagger Spray+1","Leg Sweep+1","Blur","Adrenaline","Night Terror","Doppelganger","Decay","Writhe","Writhe"],"relics":["Ring of the Snake","Juzu Bracelet","Blue Candle","Question Card","Calling Bell","PreservedInsect","Singing Bowl","FossilizedHelix"],"potions_floor_usage":[7,7,14],"damage_taken":[{"damage":0,"enemies":"Cultist","floor":1,"turns":4},{"damage":0,"enemies":"Jaw Worm","floor":2,"turns":5},{"damage":0,"enemies":"2 Louse","floor":3,"turns":2},{"damage":3,"enemies":"Blue Slaver","floor":5,"turns":4},{"damage":19,"enemies":"Lagavulin","floor":7,"turns":6},{"damage":5,"enemies":"2 Fungi Beasts","floor":8,"turns":4},{"damage":4,"enemies":"Looter","floor":12,"turns":5},{"damage":19,"enemies":"Gremlin Nob","floor":14,"turns":5},{"damage":13,"enemies":"The Guardian","floor":16,"turns":39},{"damage":10,"enemies":"2 Thieves","floor":18,"turns":5},{"damage":44,"enemies":"Colosseum Slavers","floor":19,"turns":7}],"seed_played":"-3850197458068016870","potions_obtained":[{"floor":2,"key":"FearPotion"},{"floor":3,"key":"Poison Potion"},{"floor":7,"key":"EssenceOfSteel"}],"is_trial":false,"path_per_floor":["M","M","M","$","M","R","E","M","T","?","?","M","R","E","R","B",null,"M","?"],"character_chosen":"THE_SILENT","items_purchased":[],"campfire_rested":1,"item_purchase_floors":[],"current_hp_per_floor":[59,59,59,59,56,56,37,32,32,32,32,28,28,9,28,15,53,45,1],"gold":212,"neow_bonus":"THREE_RARE_CARDS","is_prod":false,"is_daily":false,"chose_seed":false,"campfire_upgraded":2,"win_rate":0,"timestamp":1557864472,"path_taken":["M","?","M","$","M","R","E","M","T","?","?","M","R","E","R","BOSS","M","?"],"build_version":"2019-01-23","purchased_purges":0,"victory":false,"max_hp_per_floor":[66,66,66,66,66,66,66,66,66,66,66,66,66,66,66,66,66,68,68],"card_choices":[{"not_picked":["Doppelganger","A Thousand Cuts"],"picked":"Die Die Die","floor":0},{"not_picked":["Cloak And Dagger","Flechettes","Eviscerate"],"picked":"SKIP","floor":1},{"not_picked":["Underhanded Strike","Cloak And Dagger"],"picked":"Dagger Spray","floor":2},{"not_picked":["Heel Hook","Deadly Poison"],"picked":"Leg Sweep","floor":3},{"not_picked":["Infinite Blades","Cloak And Dagger"],"picked":"Blur","floor":7},{"not_picked":["Flying Knee","Quick Slash"],"picked":"Adrenaline","floor":12},{"not_picked":["Catalyst","PiercingWail"],"picked":"Night Terror","floor":14},{"not_picked":["Corpse Explosion","Unload","Venomology"],"picked":"Doppelganger","floor":16},{"not_picked":["Sucker Punch","Dagger Spray","Dodge and Roll","Predator"],"picked":"Singing Bowl","floor":18}],"player_experience":877860,"relics_obtained":[{"floor":7,"key":"Juzu Bracelet"},{"floor":9,"key":"Blue Candle"},{"floor":14,"key":"Question Card"},{"floor":17,"key":"PreservedInsect"},{"floor":17,"key":"Singing Bowl"},{"floor":17,"key":"FossilizedHelix"}],"event_choices":[{"damage_healed":0,"gold_gain":60,"player_choice":"Gained Gold","damage_taken":0,"max_hp_gain":0,"max_hp_loss":0,"event_name":"Golden Wing","floor":10,"gold_loss":0},{"damage_healed":0,"gold_gain":0,"player_choice":"Grow","damage_taken":0,"max_hp_gain":0,"max_hp_loss":0,"event_name":"Living Wall","floor":11,"gold_loss":0,"cards_upgraded":["Leg Sweep"]},{"damage_healed":0,"gold_gain":0,"player_choice":"Fight","damage_taken":0,"max_hp_gain":0,"max_hp_loss":0,"event_name":"Colosseum","floor":19,"gold_loss":0}],"is_beta":false,"boss_relics":[{"not_picked":["Empty Cage","Orrery"],"picked":"Calling Bell"}],"items_purged_floors":[],"is_endless":false,"potions_floor_spawned":[2,3,7],"killed_by":"Colosseum Slavers","ascension_level":16}