{"gold_per_floor":[216,391,403,181,196,196,196,211,211,242,261,281,281,300,300,401,401,420,433,333,333,345,345,363,388,414,289,289,90,90,15,15,115,115,131,131,142,156,170,170,270,270,270,270,95,95,95,95,95],"floor_reached":50,"playtime":2330,"items_purged":["Doubt","Strike_R","Defend_R","Defend_R","Strike_R"],"score":685,"play_id":"f9a279d3-e045-4b99-a85b-5ebb3829c3fe","local_time":"20190730012831","is_ascension_mode":false,"campfire_choices":[{"data":"Bash","floor":6.0,"key":"SMITH"},{"data":"Inflame","floor":13.0,"key":"SMITH"},{"data":"Spot Weakness","floor":15.0,"key":"SMITH"},{"floor":23,"key":"REST"},{"floor":28,"key":"REST"},{"floor":32,"key":"REST"},{"floor":40,"key":"REST"},{"floor":42,"key":"REST"},{"floor":44,"key":"REST"},{"floor":47,"key":"REST"}],"neow_cost":"NONE","seed_source_timestamp":1875808435287,"circlet_count":0,"master_deck":["Strike_R","Defend_R","Defend_R","Bash+1","Cleave","Battle Trance","Thunderclap","Spot Weakness+1","Headbutt","Inflame+1","Twin Strike","Heavy Blade","Metallicize+1","Thunderclap","Flex","Offering","Iron Wave+1","Twin Strike+1","Heavy Blade"],"special_seed":0,"relics":["Black Blood","Happy Flower","Ornamental Fan","PreservedInsect","Fusion Hammer","Omamori","Regal Pillow","Bird Faced Urn","Pantograph"],"potions_floor_usage":[18,35,49,49],"damage_taken":[{"damage":11.0,"enemies":"Jaw Worm","floor":1.0,"turns":4.0},{"damage":2.0,"enemies":"Small Slimes","floor":3.0,"turns":5.0},{"damage":1.0,"enemies":"Cultist","floor":5.0,"turns":3.0},{"damage":5.0,"enemies":"2 Fungi Beasts","floor":8.0,"turns":3.0},{"damage":10.0,"enemies":"3 Sentries","floor":10.0,"turns":9.0},{"damage":1.0,"enemies":"Gremlin Gang","floor":11.0,"turns":3.0},{"damage":4.0,"enemies":"Blue Slaver","floor":12.0,"turns":4.0},{"damage":8.0,"enemies":"3 Louse","floor":14.0,"turns":2.0},{"damage":42.0,"enemies":"Hexaghost","floor":16.0,"turns":9.0},{"damage":16,"enemies":"2 Thieves","floor":18,"turns":4},{"damage":3,"enemies":"Shell Parasite","floor":19,"turns":3},{"damage":1,"enemies":"Sentry and Sphere","floor":22,"turns":3},{"damage":7,"enemies":"Snecko","floor":24,"turns":3},{"damage":33,"enemies":"Slavers","floor":25,"turns":4},{"damage":63,"enemies":"Automaton","floor":33,"turns":7},{"damage":14,"enemies":"Orb Walker","floor":35,"turns":3},{"damage":6,"enemies":"3 Darklings","floor":37,"turns":4},{"damage":6,"enemies":"Transient","floor":38,"turns":5},{"damage":31,"enemies":"Jaw Worm Horde","floor":39,"turns":3},{"damage":90,"enemies":"Donu and Deca","floor":49,"turns":6}],"seed_played":"2530334245613079318","potions_obtained":[{"floor":1.0,"key":"FairyPotion"},{"floor":3.0,"key":"Block Potion"},{"floor":5.0,"key":"Strength Potion"},{"floor":12.0,"key":"Ancient Potion"},{"floor":24,"key":"Regen Potion"},{"floor":25,"key":"BloodPotion"},{"floor":35,"key":"Fruit Juice"},{"floor":39,"key":"Ancient Potion"}],"is_trial":false,"path_per_floor":["M","?","M","$","M","R","?","M","T","E","M","M","R","M","R","B",null,"M","M","$","?","M","R","M","E","T","$","R","$","?","?","R","B",null,"M","?","M","M","M","R","?","R","T","R","$","T","R","?","B",null],"character_chosen":"IRONCLAD","items_purchased":["Happy Flower","Flex"],"campfire_rested":7,"item_purchase_floors":[4,29],"current_hp_per_floor":[75,75,79,79,80,80,80,80,80,76,80,80,80,78,78,42,80,80,80,80,80,80,80,79,68,68,68,80,80,80,80,80,23,80,81,95,95,95,74,95,95,95,95,95,95,95,95,95,29],"gold":95,"neow_bonus":"HUNDRED_GOLD","is_prod":false,"is_daily":false,"chose_seed":false,"campfire_upgraded":3,"win_rate":0,"timestamp":1564471711,"path_taken":["M","?","M","$","M","R","?","M","T","E","M","?","R","M","R","BOSS","M","M","$","?","?","R","M","E","T","$","R","$","?","?","R","BOSS","M","?","M","?","M","R","?","R","T","R","?","?","R","?","BOSS"],"build_version":"2019-07-17","purchased_purges":5,"victory":true,"max_hp_per_floor":[80,80,80,80,80,80,80,80,80,80,80,80,80,80,80,80,80,80,80,80,80,80,80,80,80,80,80,80,80,80,80,80,80,80,85,95,95,95,95,95,95,95,95,95,95,95,95,95,95],"card_choices":[{"not_picked":["Dual Wield","Fire Breathing"],"picked":"Cleave","floor":1.0},{"not_picked":["Sword Boomerang","Clothesline"],"picked":"Battle Trance","floor":3.0},{"not_picked":["Armaments","Anger","Intimidate"],"picked":"SKIP","floor":5.0},{"not_picked":["Perfected Strike","Warcry"],"picked":"Thunderclap","floor":8.0},{"not_picked":["Clash","Twin Strike"],"picked":"Spot Weakness","floor":10.0},{"not_picked":["Shrug It Off","Havoc"],"picked":"Headbutt","floor":11.0},{"not_picked":["Headbutt","Clothesline"],"picked":"Inflame","floor":12.0},{"not_picked":["Body Slam","Offering","Anger"],"picked":"SKIP","floor":14.0},{"not_picked":["Exhume","Juggernaut"],"picked":"Reaper","floor":16.0},{"not_picked":["Evolve","Cleave"],"picked":"Twin Strike","floor":18},{"not_picked":["Thunderclap","Searing Blow"],"picked":"Heavy Blade","floor":19},{"not_picked":["Dropkick","Wild Strike"],"picked":"Metallicize+1","floor":22},{"not_picked":["Reckless Charge+1","Entrench+1","Armaments"],"picked":"SKIP","floor":24},{"not_picked":["Fire Breathing","Uppercut"],"picked":"Thunderclap","floor":25},{"not_picked":["Immolate","Bludgeon"],"picked":"Offering","floor":33},{"not_picked":["Searing Blow+1","Flex"],"picked":"Iron Wave+1","floor":35},{"not_picked":["Body Slam","Wild Strike+1","Second Wind+1"],"picked":"SKIP","floor":37},{"not_picked":["Headbutt","Sword Boomerang"],"picked":"Twin Strike+1","floor":38},{"not_picked":["Carnage","Offering"],"picked":"Heavy Blade","floor":39}],"player_experience":1591137,"relics_obtained":[{"floor":9.0,"key":"Ornamental Fan"},{"floor":10.0,"key":"PreservedInsect"},{"floor":25,"key":"Omamori"},{"floor":26,"key":"Regal Pillow"},{"floor":43,"key":"Bird Faced Urn"},{"floor":46,"key":"Pantograph"}],"event_choices":[{"damage_healed":0.0,"max_hp_gain":0.0,"max_hp_loss":0.0,"gold_gain":175.0,"event_name":"Liars Game","player_choice":"AGREE","floor":2.0,"gold_loss":0.0,"damage_taken":0.0,"cards_obtained":["Doubt"]},{"cards_removed":["Strike_R"],"damage_healed":0.0,"max_hp_gain":0.0,"max_hp_loss":0.0,"gold_gain":0.0,"event_name":"Purifier","player_choice":"Purged","floor":7.0,"gold_loss":0.0,"damage_taken":0.0},{"damage_healed":0,"gold_gain":0,"player_choice":"Ignored","damage_taken":0,"max_hp_gain":0,"max_hp_loss":0,"event_name":"N\u0027loth","floor":21,"gold_loss":0},{"damage_healed":0,"gold_gain":0,"player_choice":"Ignored","damage_taken":0,"max_hp_gain":0,"max_hp_loss":0,"event_name":"Vampires","floor":30,"gold_loss":0},{"cards_removed":["Strike_R"],"damage_healed":0,"gold_gain":0,"player_choice":"Gave Gold","damage_taken":0,"max_hp_gain":0,"max_hp_loss":0,"event_name":"Beggar","floor":31,"gold_loss":75},{"cards_removed":["Reaper"],"damage_healed":4,"gold_gain":0,"player_choice":"Offered Rare","damage_taken":0,"max_hp_gain":10,"max_hp_loss":0,"event_name":"Bonfire Elementals","floor":36,"gold_loss":0},{"damage_healed":0,"gold_gain":100,"player_choice":"Pray","damage_taken":0,"max_hp_gain":0,"max_hp_loss":0,"event_name":"Golden Shrine","floor":41,"gold_loss":0},{"damage_healed":0,"gold_gain":0,"player_choice":"Took Portal","damage_taken":0,"max_hp_gain":0,"max_hp_loss":0,"event_name":"SecretPortal","floor":48,"gold_loss":0}],"is_beta":false,"boss_relics":[{"not_picked":["Busted Crown","Runic Pyramid"],"picked":"Fusion Hammer"},{"not_picked":["Empty Cage","Runic Cube"],"picked":"Black Blood"}],"items_purged_floors":[4,20,27,29,45],"is_endless":false,"potions_floor_spawned":[1,3,5,12,24,25,35,39],"ascension_level":0}