{"gold_per_floor":[119,194,212,212,190,190,219,219,219,251,27,38,55,70,70,147,147,157,173,186,197,211,211,243,243,243,260,277,277,34,47,47,123,123,134,25,37,49,49,49,69,103,152,152,4,17,17,17,17,17],"floor_reached":51,"playtime":3379,"items_purged":[],"score":1284,"play_id":"5372f978-1f26-46df-a541-fc1907ce3ac0","local_time":"20190712201300","is_ascension_mode":true,"campfire_choices":[{"floor":6.0,"key":"REST"},{"data":"Tools of the Trade","floor":8.0,"key":"SMITH"},{"floor":15.0,"key":"REST"},{"floor":23.0,"key":"REST"},{"data":"Adrenaline","floor":29.0,"key":"SMITH"},{"data":"Calculated Gamble","floor":32.0,"key":"SMITH"},{"floor":40.0,"key":"REST"},{"floor":44.0,"key":"REST"},{"data":"Enlightenment","floor":47.0,"key":"SMITH"},{"data":"Acrobatics","floor":49.0,"key":"SMITH"}],"neow_cost":"NONE","seed_source_timestamp":0,"circlet_count":0,"master_deck":["AscendersBane","Strike_G","Strike_G","Strike_G","Strike_G","Strike_G","Defend_G","Defend_G","Defend_G","Defend_G","Survivor","Neutralize","Underhanded Strike","Acrobatics","Underhanded Strike","Tools of the Trade+1","Riddle With Holes+1","Escape Plan","Underhanded Strike+1","Concentrate","Sucker Punch+1","Adrenaline+1","Tactician+1","Finisher+1","Calculated Gamble+1","Concentrate","Flying Knee+1","Underhanded Strike+1","Acrobatics+1","Backflip+1","Dagger Throw+1","Sucker Punch+1","All Out Attack+1","Unload+1","Escape Plan+1","Backflip+1","Enlightenment+1","Finisher+1","Leg Sweep","Heel Hook+1","All Out Attack+1","Prepared","Deflect+1"],"special_seed":0,"relics":["Ring of the Snake","NeowsBlessing","Gambling Chip","Blue Candle","Molten Egg 2","Vajra","Eternal Feather","Snake Skull","Frozen Egg 2","Omamori","White Beast Statue","Unceasing Top","War Paint"],"potions_floor_usage":[50],"damage_taken":[{"damage":0.0,"enemies":"2 Louse","floor":1.0,"turns":1.0},{"damage":0.0,"enemies":"Cultist","floor":3.0,"turns":1.0},{"damage":0.0,"enemies":"Lagavulin","floor":7.0,"turns":1.0},{"damage":24.0,"enemies":"3 Sentries","floor":10.0,"turns":9.0},{"damage":0.0,"enemies":"Small Slimes","floor":12.0,"turns":2.0},{"damage":0.0,"enemies":"Gremlin Gang","floor":13.0,"turns":3.0},{"damage":3.0,"enemies":"Lots of Slimes","floor":14.0,"turns":3.0},{"damage":32.0,"enemies":"The Guardian","floor":16.0,"turns":11.0},{"damage":9.0,"enemies":"2 Thieves","floor":18.0,"turns":3.0},{"damage":1.0,"enemies":"3 Byrds","floor":19.0,"turns":6.0},{"damage":5.0,"enemies":"Sentry and Sphere","floor":20.0,"turns":4.0},{"damage":6.0,"enemies":"Cultist and Chosen","floor":21.0,"turns":5.0},{"damage":12.0,"enemies":"Centurion and Healer","floor":22.0,"turns":7.0},{"damage":0.0,"enemies":"Gremlin Leader","floor":24.0,"turns":6.0},{"damage":2.0,"enemies":"3 Cultists","floor":27.0,"turns":5.0},{"damage":1.0,"enemies":"Chosen and Byrds","floor":28.0,"turns":6.0},{"damage":0.0,"enemies":"Cultist and Chosen","floor":31.0,"turns":2.0},{"damage":28.0,"enemies":"Champ","floor":33.0,"turns":5.0},{"damage":0.0,"enemies":"Orb Walker","floor":35.0,"turns":2.0},{"damage":18.0,"enemies":"3 Darklings","floor":37.0,"turns":2.0},{"damage":12.0,"enemies":"Maw","floor":38.0,"turns":6.0},{"damage":0.0,"enemies":"Jaw Worm Horde","floor":41.0,"turns":2.0},{"damage":70.0,"enemies":"Nemesis","floor":42.0,"turns":5.0},{"damage":17.0,"enemies":"4 Shapes","floor":46.0,"turns":7.0},{"damage":64,"enemies":"Donu and Deca","floor":50,"turns":8}],"seed_played":"1995311414191628340","potions_obtained":[{"floor":1.0,"key":"Poison Potion"},{"floor":4.0,"key":"Fire Potion"},{"floor":12.0,"key":"SpeedPotion"},{"floor":16.0,"key":"PowerPotion"},{"floor":18.0,"key":"GhostInAJar"},{"floor":27.0,"key":"SpeedPotion"},{"floor":28.0,"key":"FearPotion"},{"floor":31.0,"key":"SteroidPotion"},{"floor":35.0,"key":"Explosive Potion"},{"floor":37.0,"key":"FairyPotion"},{"floor":38.0,"key":"SkillPotion"},{"floor":42.0,"key":"PowerPotion"},{"floor":46.0,"key":"Strength Potion"}],"is_trial":false,"path_per_floor":["M","?","M","?","$","R","E","R","T","E","$","M","M","M","R","B",null,"M","M","M","M","M","R","E","?","T","M","M","R","$","M","R","B",null,"M","$","M","M","?","R","M","E","T","R","$","M","R","$","R","B",null],"character_chosen":"THE_SILENT","items_purchased":["Underhanded Strike","Vajra","Escape Plan","Omamori","PowerPotion","Sucker Punch+1","Backflip","Enlightenment","Prepared","Fruit Juice"],"campfire_rested":5,"item_purchase_floors":[5,11,11,30,30,30,36,36,45,45],"current_hp_per_floor":[59,53,53,53,53,66,66,66,66,42,42,42,42,39,58,26,56,47,46,41,35,23,57,57,57,57,55,54,66,66,66,66,38,59,59,59,41,29,29,66,66,6,6,49,54,37,61,61,71,7],"gold":17,"neow_bonus":"THREE_ENEMY_KILL","is_prod":false,"is_daily":false,"chose_seed":false,"campfire_upgraded":5,"win_rate":0,"timestamp":1562951580,"path_taken":["M","?","?","?","$","R","E","R","T","E","$","M","M","?","R","BOSS","M","?","M","?","M","R","E","?","T","M","M","R","$","M","R","BOSS","M","$","M","M","?","R","M","E","T","R","$","M","R","?","R","BOSS"],"build_version":"2019-07-05","purchased_purges":0,"victory":true,"max_hp_per_floor":[66,66,66,66,66,66,66,66,66,66,66,66,66,66,66,66,66,66,66,66,66,66,66,66,66,66,66,66,66,66,66,66,66,66,66,66,66,66,66,66,66,66,66,66,71,71,71,71,71,71],"card_choices":[{"not_picked":["Setup","PiercingWail"],"picked":"Underhanded Strike","floor":1.0},{"not_picked":["Bane","Prepared"],"picked":"Acrobatics","floor":3.0},{"not_picked":["PiercingWail","Heel Hook"],"picked":"Tools of the Trade","floor":7.0},{"not_picked":["Blur","Infinite Blades"],"picked":"Riddle With Holes","floor":10.0},{"not_picked":["Dodge and Roll","Dash+1"],"picked":"Underhanded Strike+1","floor":12.0},{"not_picked":["Flying Knee+1","PiercingWail"],"picked":"Concentrate","floor":13.0},{"not_picked":["PiercingWail","Dodge and Roll"],"picked":"Sucker Punch+1","floor":14.0},{"not_picked":["Grand Finale+1","Die Die Die+1"],"picked":"Adrenaline","floor":16.0},{"not_picked":["Deadly Poison","Eviscerate+1"],"picked":"Tactician","floor":18.0},{"not_picked":["Dash+1","Infinite Blades"],"picked":"Finisher+1","floor":19.0},{"not_picked":["Quick Slash+1","Caltrops"],"picked":"Calculated Gamble","floor":20.0},{"not_picked":["Bane+1","Outmaneuver"],"picked":"Concentrate","floor":21.0},{"not_picked":["Deflect","Accuracy"],"picked":"Flying Knee+1","floor":22.0},{"not_picked":["Deflect","Distraction"],"picked":"Underhanded Strike+1","floor":24.0},{"not_picked":["Concentrate","Prepared"],"picked":"Backflip+1","floor":27.0},{"not_picked":["Slice+1","Deadly Poison"],"picked":"Dagger Throw+1","floor":28.0},{"not_picked":["Catalyst+1","Flechettes+1"],"picked":"All Out Attack+1","floor":31.0},{"not_picked":["Glass Knife+1","Envenom+1"],"picked":"Unload+1","floor":33.0},{"not_picked":["Skewer+1","Footwork+1"],"picked":"Escape Plan+1","floor":35.0},{"not_picked":["Choke+1","Skewer+1"],"picked":"Finisher+1","floor":37.0},{"not_picked":["Cloak And Dagger","Dodge and Roll"],"picked":"Leg Sweep","floor":38.0},{"not_picked":["Cloak And Dagger","Skewer+1"],"picked":"Heel Hook+1","floor":41.0},{"not_picked":["Wraith Form v2+1","Dodge and Roll"],"picked":"All Out Attack+1","floor":42.0},{"not_picked":["Poisoned Stab+1","Catalyst"],"picked":"Deflect+1","floor":46.0}],"player_experience":1616585,"relics_obtained":[{"floor":7.0,"key":"Gambling Chip"},{"floor":9.0,"key":"Blue Candle"},{"floor":10.0,"key":"Molten Egg 2"},{"floor":24.0,"key":"Snake Skull"},{"floor":26.0,"key":"Frozen Egg 2"},{"floor":42.0,"key":"Unceasing Top"},{"floor":43.0,"key":"War Paint"}],"event_choices":[{"damage_healed":0.0,"max_hp_gain":0.0,"max_hp_loss":0.0,"gold_gain":75.0,"event_name":"FaceTrader","player_choice":"Touch","floor":2.0,"gold_loss":0.0,"damage_taken":6.0},{"damage_healed":0.0,"max_hp_gain":0.0,"max_hp_loss":0.0,"gold_gain":0.0,"event_name":"Lab","player_choice":"Got Potions","floor":4.0,"gold_loss":0.0,"damage_taken":0.0},{"damage_healed":0.0,"max_hp_gain":0.0,"max_hp_loss":0.0,"gold_gain":0.0,"event_name":"The Library","player_choice":"Read","floor":25.0,"gold_loss":0.0,"damage_taken":0.0,"cards_obtained":["Acrobatics"]},{"cards_removed":["Defend_G"],"damage_healed":0.0,"max_hp_gain":0.0,"max_hp_loss":0.0,"gold_gain":0.0,"event_name":"Falling","player_choice":"Removed Skill","floor":39.0,"gold_loss":0.0,"damage_taken":0.0}],"is_beta":false,"boss_relics":[{"not_picked":["Cursed Key","Astrolabe"],"picked":"Eternal Feather"},{"not_picked":["Empty Cage","WristBlade"],"picked":"White Beast Statue"}],"items_purged_floors":[],"is_endless":false,"potions_floor_spawned":[1,12,16,18,19,22,27,28,31,35,37,38,41,42,46],"ascension_level":14}