{"gold_per_floor":[112,37,48,58,76,109,109,137,137,137,137,137,137,155,155,155],"floor_reached":16,"playtime":415,"items_purged":[],"score":240,"play_id":"33fe382e-e987-48ba-8aa4-256ad2a5d8bc","local_time":"20190726193057","is_ascension_mode":true,"campfire_choices":[{"floor":7,"key":"REST"},{"floor":10,"key":"REST"},{"data":"Noxious Fumes","floor":15,"key":"SMITH"}],"neow_cost":"NONE","seed_source_timestamp":619507638771000,"circlet_count":0,"master_deck":["AscendersBane","Strike_G","Strike_G","Strike_G","Defend_G","Defend_G","Defend_G","Defend_G","Defend_G","Survivor","Neutralize","PiercingWail","Dagger Spray","Crippling Poison","Noxious Fumes+1","After Image","Cloak And Dagger"],"relics":["White Beast Statue","Mercury Hourglass","Bronze Scales","Bag of Preparation","Golden Idol"],"potions_floor_usage":[4,5,6,6,8,12,16],"damage_taken":[{"damage":7,"enemies":"Small Slimes","floor":1,"turns":5},{"damage":2,"enemies":"2 Louse","floor":3,"turns":3},{"damage":0,"enemies":"Jaw Worm","floor":4,"turns":6},{"damage":17,"enemies":"Large Slime","floor":5,"turns":8},{"damage":16,"enemies":"Gremlin Nob","floor":6,"turns":4},{"damage":22,"enemies":"Lagavulin","floor":8,"turns":10},{"damage":0,"enemies":"Gremlin Nob","floor":12,"turns":1},{"damage":0,"enemies":"2 Fungi Beasts","floor":14,"turns":3},{"damage":37,"enemies":"Slime Boss","floor":16,"turns":10}],"seed_played":"-4115027991625075481","potions_obtained":[{"floor":1,"key":"Block Potion"},{"floor":3,"key":"Ancient Potion"},{"floor":4,"key":"Strength Potion"},{"floor":5,"key":"Fire Potion"},{"floor":6,"key":"EssenceOfSteel"},{"floor":8,"key":"SmokeBomb"},{"floor":14,"key":"Energy Potion"}],"is_trial":false,"path_per_floor":["M","?","M","M","M","E","R","E","T","R","?","E","?","M","R","B"],"character_chosen":"THE_SILENT","items_purchased":[],"campfire_rested":2,"item_purchase_floors":[],"current_hp_per_floor":[52,52,50,50,33,17,36,14,14,33,26,26,26,26,26,0],"gold":155,"neow_bonus":"BOSS_RELIC","is_prod":false,"is_daily":false,"chose_seed":false,"campfire_upgraded":1,"win_rate":0,"timestamp":1564137057,"path_taken":["M","?","M","M","M","E","R","E","T","R","?","E","?","M","R","BOSS"],"build_version":"2019-07-17","purchased_purges":0,"victory":false,"max_hp_per_floor":[66,66,66,66,66,66,66,66,66,66,66,66,60,60,60,60],"card_choices":[{"not_picked":["Backflip","Deflect"],"picked":"PiercingWail","floor":1},{"not_picked":["Outmaneuver","Dodge and Roll"],"picked":"Dagger Spray","floor":3},{"not_picked":["Infinite Blades","Acrobatics"],"picked":"Crippling Poison","floor":4},{"not_picked":["Concentrate","Dagger Spray","Prepared"],"picked":"SKIP","floor":5},{"not_picked":["Underhanded Strike","Heel Hook"],"picked":"Noxious Fumes","floor":6},{"not_picked":["Quick Slash","Slice"],"picked":"After Image","floor":8},{"not_picked":["Acrobatics","Slice"],"picked":"Cloak And Dagger","floor":14}],"player_experience":1229587,"relics_obtained":[{"floor":6,"key":"Mercury Hourglass"},{"floor":8,"key":"Bronze Scales"},{"floor":9,"key":"Bag of Preparation"}],"event_choices":[{"cards_removed":["Strike_G"],"damage_healed":0,"gold_gain":0,"player_choice":"Card Removal","damage_taken":0,"max_hp_gain":0,"max_hp_loss":0,"event_name":"The Cleric","floor":2,"gold_loss":75},{"cards_removed":["Strike_G"],"damage_healed":0,"gold_gain":0,"player_choice":"Card Removal","damage_taken":7,"max_hp_gain":0,"max_hp_loss":0,"event_name":"Golden Wing","floor":11,"gold_loss":0},{"damage_healed":0,"gold_gain":0,"player_choice":"Lose Max HP","damage_taken":0,"relics_obtained":["Golden Idol"],"max_hp_gain":0,"max_hp_loss":6,"event_name":"Golden Idol","floor":13,"gold_loss":0}],"is_beta":false,"boss_relics":[],"items_purged_floors":[],"is_endless":false,"potions_floor_spawned":[1,3,4,5,6,8,12,14],"killed_by":"Slime Boss","ascension_level":20}