{"gold_per_floor":[118,132,132,156,156,156,189,189,189,232,48,61,61,7,7,7],"floor_reached":16,"playtime":276,"items_purged":[],"score":216,"play_id":"9549be46-f9d2-495f-b5eb-4348f661b9ee","local_time":"20190620162318","is_ascension_mode":true,"campfire_choices":[{"data":"Inflame","floor":6,"key":"SMITH"},{"floor":8,"key":"REST"},{"data":"Strike_R","floor":13,"key":"PURGE"},{"data":"Strike_R","floor":15,"key":"PURGE"}],"neow_cost":"NONE","seed_source_timestamp":68692391954100,"circlet_count":0,"master_deck":["AscendersBane","Strike_R","Strike_R","Defend_R","Defend_R","Defend_R","Defend_R","Bash","Inflame+1","Spot Weakness","Barricade","Body Slam","Evolve"],"relics":["Burning Blood","NeowsBlessing","Golden Idol","Magic Flower","Peace Pipe","Oddly Smooth Stone"],"potions_floor_usage":[10,12,12,16],"damage_taken":[{"damage":0,"enemies":"Cultist","floor":1,"turns":1},{"damage":0,"enemies":"2 Louse","floor":2,"turns":1},{"damage":0,"enemies":"Jaw Worm","floor":4,"turns":1},{"damage":30,"enemies":"Lagavulin","floor":7,"turns":6},{"damage":45,"enemies":"Gremlin Nob","floor":10,"turns":5},{"damage":2,"enemies":"Lots of Slimes","floor":12,"turns":2},{"damage":18,"enemies":"The Guardian","floor":16,"turns":2}],"seed_played":"-955833760550681723","potions_obtained":[{"floor":2,"key":"PowerPotion"},{"floor":4,"key":"Ancient Potion"},{"floor":10,"key":"SteroidPotion"}],"is_trial":false,"path_per_floor":["M","M","?","M","?","R","E","R","T","E","$","M","R","$","R","B"],"character_chosen":"IRONCLAD","items_purchased":["Oddly Smooth Stone","Body Slam","Block Potion"],"campfire_rested":1,"item_purchase_floors":[11,11,14],"current_hp_per_floor":[74,75,49,55,48,48,24,46,46,10,10,17,17,17,17,0],"gold":7,"neow_bonus":"THREE_ENEMY_KILL","is_prod":false,"is_daily":false,"chose_seed":false,"campfire_upgraded":1,"win_rate":0,"timestamp":1561015398,"path_taken":["M","?","?","M","?","R","E","R","T","E","$","M","R","?","R","BOSS"],"build_version":"2019-01-23","purchased_purges":0,"victory":false,"max_hp_per_floor":[75,75,75,75,75,75,75,75,75,75,75,75,75,75,75,75],"card_choices":[{"not_picked":["Armaments","Burning Pact","Rage"],"picked":"SKIP","floor":1},{"not_picked":["Power Through","Armaments"],"picked":"Inflame","floor":2},{"not_picked":["Flex","Pummel"],"picked":"Spot Weakness","floor":4},{"not_picked":["Battle Trance","Combust"],"picked":"Barricade","floor":7},{"not_picked":["Flex","Hemokinesis","Corruption"],"picked":"SKIP","floor":10},{"not_picked":["Infernal Blade","Shockwave"],"picked":"Evolve","floor":12}],"player_experience":707037,"relics_obtained":[{"floor":7,"key":"Magic Flower"},{"floor":10,"key":"Peace Pipe"}],"event_choices":[{"damage_healed":0,"gold_gain":0,"player_choice":"Take Damage","damage_taken":26,"relics_obtained":["Golden Idol"],"max_hp_gain":0,"max_hp_loss":0,"event_name":"Golden Idol","floor":3,"gold_loss":0},{"cards_removed":["Strike_R"],"damage_healed":0,"gold_gain":0,"player_choice":"Card Removal","damage_taken":7,"max_hp_gain":0,"max_hp_loss":0,"event_name":"Golden Wing","floor":5,"gold_loss":0}],"is_beta":false,"boss_relics":[],"items_purged_floors":[],"is_endless":false,"potions_floor_spawned":[2,4,10],"killed_by":"The Guardian","ascension_level":20}