{"gold_per_floor":[111,125,125,200,211,211,231,231,255,255],"floor_reached":10,"playtime":199,"items_purged":[],"score":116,"play_id":"e07c3f26-38ce-4292-8780-666d6c20c835","local_time":"20190730150624","is_ascension_mode":true,"campfire_choices":[{"floor":6,"key":"REST"},{"data":"Rip and Tear","floor":8,"key":"SMITH"}],"neow_cost":"NONE","seed_source_timestamp":949455247693500,"circlet_count":0,"master_deck":["AscendersBane","Strike_B","Strike_B","Strike_B","Strike_B","Defend_B","Defend_B","Defend_B","Defend_B","Zap","Dualcast","Turbo","Rip and Tear+1"],"relics":["Cracked Core","Pen Nib","Ancient Tea Set"],"potions_floor_usage":[7],"damage_taken":[{"damage":3,"enemies":"Small Slimes","floor":1,"turns":3},{"damage":7,"enemies":"Jaw Worm","floor":2,"turns":3},{"damage":1,"enemies":"Cultist","floor":5,"turns":3},{"damage":0,"enemies":"3 Louse","floor":7,"turns":1},{"damage":32,"enemies":"Gremlin Nob","floor":10,"turns":4}],"seed_played":"-8783158426695381195","potions_obtained":[{"floor":1,"key":"EssenceOfSteel"},{"floor":5,"key":"Explosive Potion"}],"is_trial":false,"path_per_floor":["M","M","?","?","M","R","M","R","T","E"],"character_chosen":"DEFECT","items_purchased":[],"campfire_rested":1,"item_purchase_floors":[],"current_hp_per_floor":[61,54,28,17,16,37,37,37,37,5],"gold":255,"neow_bonus":"RANDOM_COMMON_RELIC","is_prod":false,"is_daily":false,"chose_seed":false,"campfire_upgraded":1,"win_rate":0,"timestamp":1564466784,"path_taken":["M","M","?","?","M","R","M","R","T","E"],"build_version":"2019-07-17","purchased_purges":0,"victory":false,"max_hp_per_floor":[71,71,71,71,71,71,71,71,71,71],"card_choices":[{"not_picked":["Redo","Static Discharge"],"picked":"Turbo","floor":1},{"not_picked":["Barrage","Turbo","Heatsinks"],"picked":"SKIP","floor":2},{"not_picked":["Chaos","Turbo"],"picked":"Rip and Tear","floor":5},{"not_picked":["Recycle","Blizzard","Barrage"],"picked":"SKIP","floor":7}],"player_experience":1291499,"relics_obtained":[],"event_choices":[{"damage_healed":0,"gold_gain":0,"player_choice":"Success","damage_taken":26,"relics_obtained":["Ancient Tea Set"],"max_hp_gain":0,"max_hp_loss":0,"event_name":"Scrap Ooze","floor":3,"gold_loss":0},{"damage_healed":0,"gold_gain":75,"player_choice":"Gather Gold","damage_taken":11,"max_hp_gain":0,"max_hp_loss":0,"event_name":"World of Goop","floor":4,"gold_loss":0}],"is_beta":false,"boss_relics":[],"items_purged_floors":[],"is_endless":false,"potions_floor_spawned":[1,5],"killed_by":"Gremlin Nob","ascension_level":20}