{"gold_per_floor":[13,13,29,29,129,163,163,173,198,212,238,260,286,315,327,413,425,448,460,489,516,277,277,291,326,351,351,366,366,466,478,478,549,549,567,567,842,859,879,934,934,948,948,948,963,992,653,653,653,653],"floor_reached":50,"playtime":2722,"items_purged":["Strike_B","Normality"],"score":1272,"play_id":"119c622e-dbdc-47c1-81b7-d8cc68a78e11","local_time":"20190711180126","is_ascension_mode":true,"campfire_choices":[{"data":"Darkness","floor":7.0,"key":"SMITH"},{"floor":15.0,"key":"REST"},{"floor":23.0,"key":"REST"},{"data":"Consume","floor":29.0,"key":"SMITH"},{"floor":32.0,"key":"REST"},{"floor":41.0,"key":"REST"},{"data":"Blizzard","floor":44,"key":"SMITH"},{"floor":49,"key":"RECALL"}],"neow_cost":"NO_GOLD","seed_source_timestamp":7985545689600,"circlet_count":0,"master_deck":["AscendersBane","Strike_B","Strike_B","Defend_B","Defend_B","Defend_B","Defend_B","Zap","Dualcast","Core Surge","Glacier","Darkness+1","Genetic Algorithm","Glacier","Cold Snap","Cold Snap","Turbo","Biased Cognition","Static Discharge+1","Blizzard+1","Consume+1","Ghostly","Ghostly","Ghostly","Coolheaded","Hologram","Electrodynamics","Capacitor","Turbo+1","White Noise+1","Loop","Fission+1","Coolheaded+1","Capacitor","PanicButton+1"],"special_seed":0,"relics":["Cracked Core","Centennial Puzzle","Happy Flower","MawBank","Cursed Key","Membership Card","Sundial","Omamori","Girya","Kunai","Inserter","Tiny Chest","Vajra","Toxic Egg 2"],"potions_floor_usage":[46],"damage_taken":[{"damage":1.0,"enemies":"Cultist","floor":1.0,"turns":4.0},{"damage":0.0,"enemies":"2 Louse","floor":3.0,"turns":3.0},{"damage":25.0,"enemies":"Lagavulin","floor":6.0,"turns":6.0},{"damage":5.0,"enemies":"Small Slimes","floor":8.0,"turns":4.0},{"damage":15.0,"enemies":"Exordium Wildlife","floor":10.0,"turns":6.0},{"damage":6.0,"enemies":"3 Sentries","floor":11.0,"turns":10.0},{"damage":0.0,"enemies":"Looter","floor":12.0,"turns":3.0},{"damage":0.0,"enemies":"Blue Slaver","floor":13.0,"turns":4.0},{"damage":1.0,"enemies":"Gremlin Gang","floor":14.0,"turns":6.0},{"damage":20.0,"enemies":"Slime Boss","floor":16.0,"turns":7.0},{"damage":17.0,"enemies":"Chosen","floor":18.0,"turns":6.0},{"damage":10.0,"enemies":"3 Byrds","floor":20.0,"turns":5.0},{"damage":0.0,"enemies":"Snake Plant","floor":21.0,"turns":5.0},{"damage":10.0,"enemies":"3 Cultists","floor":24.0,"turns":6.0},{"damage":12.0,"enemies":"Slavers","floor":25.0,"turns":7.0},{"damage":4.0,"enemies":"Centurion and Healer","floor":28.0,"turns":11.0},{"damage":3.0,"enemies":"Colosseum Slavers","floor":30.0,"turns":5.0},{"damage":5.0,"enemies":"Colosseum Nobs","floor":30.0,"turns":4.0},{"damage":10.0,"enemies":"Cultist and Chosen","floor":31.0,"turns":10.0},{"damage":0.0,"enemies":"Automaton","floor":33.0,"turns":16.0},{"damage":0.0,"enemies":"3 Shapes","floor":35.0,"turns":9.0},{"damage":7.0,"enemies":"3 Darklings","floor":38.0,"turns":5.0},{"damage":0.0,"enemies":"Spire Growth","floor":39.0,"turns":9.0},{"damage":12.0,"enemies":"Reptomancer","floor":40.0,"turns":6.0},{"damage":4,"enemies":"Transient","floor":42,"turns":6},{"damage":7,"enemies":"Sphere and 2 Shapes","floor":45,"turns":7},{"damage":9,"enemies":"Giant Head","floor":46,"turns":12},{"damage":17,"enemies":"Awakened One","floor":50,"turns":1}],"seed_played":"-1593897612886638515","potions_obtained":[{"floor":2.0,"key":"Explosive Potion"},{"floor":2.0,"key":"SpeedPotion"},{"floor":3.0,"key":"Strength Potion"},{"floor":10.0,"key":"Fire Potion"},{"floor":11.0,"key":"Fire Potion"},{"floor":14.0,"key":"Weak Potion"},{"floor":20.0,"key":"SkillPotion"},{"floor":30.0,"key":"Dexterity Potion"},{"floor":33.0,"key":"Strength Potion"},{"floor":35.0,"key":"FearPotion"},{"floor":42,"key":"FearPotion"},{"floor":45,"key":"EssenceOfSteel"},{"floor":46,"key":"LiquidBronze"}],"is_trial":false,"path_per_floor":["M","?","M","?","?","E","R","M","T","M","E","M","M","M","R","B",null,"M","$","M","M","$","R","M","E","T","?","M","R","?","M","R","B",null,"M","?","?","M","M","E","R","M","T","R","M","E","$","?","R","B"],"character_chosen":"DEFECT","items_purchased":["Membership Card","Toxic Egg 2","Fission+1","Coolheaded+1","Capacitor"],"campfire_rested":4,"item_purchase_floors":[22,47,47,47,47],"current_hp_per_floor":[63,63,63,56,56,31,31,26,26,11,5,5,5,4,25,5,55,38,38,28,28,28,49,39,27,27,27,23,23,15,5,15,15,30,30,30,30,23,23,11,21,17,17,17,10,1,1,1,1,0],"gold":653,"neow_bonus":"THREE_RARE_CARDS","is_prod":false,"is_daily":false,"chose_seed":false,"campfire_upgraded":3,"win_rate":0,"timestamp":1562835686,"path_taken":["M","?","?","?","?","E","R","M","T","M","E","M","M","M","R","BOSS","M","?","M","M","$","R","M","E","T","?","M","R","?","M","R","BOSS","M","?","?","?","M","E","R","M","T","R","M","E","$","?","R","BOSS"],"build_version":"2019-07-05","purchased_purges":2,"victory":false,"max_hp_per_floor":[71,71,71,71,71,71,71,71,71,71,71,71,71,71,71,71,71,71,71,71,71,71,71,71,71,71,35,35,35,35,35,35,35,35,35,35,35,35,35,35,35,35,35,35,35,35,35,35,35,35],"card_choices":[{"not_picked":["Fission","Thunder Strike"],"picked":"Core Surge","floor":0.0},{"not_picked":["Gash","Chill"],"picked":"Glacier","floor":1.0},{"not_picked":["Chaos","Melter"],"picked":"Darkness","floor":3.0},{"not_picked":["Darkness","Turbo"],"picked":"Genetic Algorithm","floor":6.0},{"not_picked":["Compile Driver","Blizzard"],"picked":"Glacier","floor":8.0},{"not_picked":["Compile Driver","Streamline"],"picked":"Cold Snap","floor":10.0},{"not_picked":["Doom and Gloom","Rebound"],"picked":"Cold Snap","floor":11.0},{"not_picked":["Darkness","Hologram","Sweeping Beam"],"picked":"SKIP","floor":12.0},{"not_picked":["Beam Cell","Conserve Battery"],"picked":"Turbo","floor":13.0},{"not_picked":["Gash","Steam Power","Auto Shields"],"picked":"SKIP","floor":14.0},{"not_picked":["All For One","Rainbow"],"picked":"Biased Cognition","floor":16.0},{"not_picked":["Double Energy","Compile Driver","Go for the Eyes"],"picked":"SKIP","floor":18.0},{"not_picked":["Ball Lightning","Turbo"],"picked":"Static Discharge+1","floor":20.0},{"not_picked":["Melter","Go for the Eyes","Cold Snap"],"picked":"SKIP","floor":21.0},{"not_picked":["Sweeping Beam","Conserve Battery+1"],"picked":"Blizzard","floor":24.0},{"not_picked":["Streamline+1","Steam"],"picked":"Consume","floor":25.0},{"not_picked":["Streamline","Sweeping Beam+1"],"picked":"Coolheaded","floor":28.0},{"not_picked":["Hyperbeam","Redo"],"picked":"Hologram","floor":31.0},{"not_picked":["All For One","Reboot"],"picked":"Electrodynamics","floor":33.0},{"not_picked":["Fusion","Hologram"],"picked":"Capacitor","floor":35.0},{"not_picked":["Gash+1","Rebound"],"picked":"Turbo+1","floor":38.0},{"not_picked":["Genetic Algorithm+1","Gash","Rebound+1"],"picked":"SKIP","floor":39.0},{"not_picked":["Go for the Eyes+1","Machine Learning","Gash+1"],"picked":"SKIP","floor":40.0},{"not_picked":["Go for the Eyes+1","Machine Learning","Gash+1"],"picked":"SKIP","floor":40.0},{"not_picked":["Ball Lightning","Steam Power+1","Lockon"],"picked":"SKIP","floor":42},{"not_picked":["Turbo","Force Field"],"picked":"White Noise+1","floor":45},{"not_picked":["Self Repair","Steam"],"picked":"Loop","floor":46},{"not_picked":["Good Instincts+1","Swift Strike"],"picked":"PanicButton+1","floor":48}],"player_experience":976090,"relics_obtained":[{"floor":6.0,"key":"Centennial Puzzle"},{"floor":9.0,"key":"Happy Flower"},{"floor":11.0,"key":"MawBank"},{"floor":25.0,"key":"Sundial"},{"floor":26.0,"key":"Omamori"},{"floor":30.0,"key":"Girya"},{"floor":30.0,"key":"Kunai"},{"floor":40.0,"key":"Tiny Chest"},{"floor":46,"key":"Vajra"}],"event_choices":[{"damage_healed":0.0,"max_hp_gain":0.0,"max_hp_loss":0.0,"gold_gain":0.0,"event_name":"Lab","player_choice":"Got Potions","floor":2.0,"gold_loss":0.0,"damage_taken":0.0},{"cards_removed":["Strike_B"],"damage_healed":0.0,"max_hp_gain":0.0,"max_hp_loss":0.0,"gold_gain":0.0,"event_name":"Golden Wing","player_choice":"Card Removal","floor":4.0,"gold_loss":0.0,"damage_taken":7.0},{"damage_healed":0.0,"max_hp_gain":0.0,"max_hp_loss":0.0,"gold_gain":100.0,"event_name":"Wheel of Change","player_choice":"Gold","floor":5.0,"gold_loss":0.0,"damage_taken":0.0},{"damage_healed":0.0,"max_hp_gain":0.0,"max_hp_loss":36.0,"gold_gain":0.0,"event_name":"Ghosts","player_choice":"Became a Ghost","floor":27.0,"gold_loss":0.0,"damage_taken":0.0,"cards_obtained":["Ghostly","Ghostly","Ghostly"]},{"damage_healed":0.0,"max_hp_gain":0.0,"max_hp_loss":0.0,"gold_gain":0.0,"event_name":"Colosseum","player_choice":"Fight","floor":30.0,"gold_loss":0.0,"damage_taken":0.0},{"damage_healed":0.0,"max_hp_gain":0.0,"max_hp_loss":0.0,"gold_gain":0.0,"event_name":"Colosseum","player_choice":"Fought Nobs","floor":30.0,"gold_loss":0.0,"damage_taken":0.0},{"damage_healed":0.0,"max_hp_gain":0.0,"max_hp_loss":0.0,"gold_gain":0.0,"event_name":"Tomb of Lord Red Mask","player_choice":"Ignored","floor":36.0,"gold_loss":0.0,"damage_taken":0.0},{"damage_healed":0.0,"max_hp_gain":0.0,"max_hp_loss":0.0,"gold_gain":275.0,"event_name":"Golden Shrine","player_choice":"Desecrate","floor":37.0,"gold_loss":0.0,"damage_taken":0.0,"cards_obtained":["Regret"]},{"damage_healed":0,"gold_gain":0,"player_choice":"Memory 1","damage_taken":0,"max_hp_gain":0,"max_hp_loss":0,"event_name":"SensoryStone","floor":48,"gold_loss":0}],"is_beta":false,"boss_relics":[{"not_picked":["Nuclear Battery","FrozenCore"],"picked":"Cursed Key"},{"not_picked":["Coffee Dripper","Orrery"],"picked":"Inserter"}],"items_purged_floors":[22,47],"is_endless":false,"potions_floor_spawned":[3,8,10,11,14,20,30,30,31,33,35,42,45,46],"killed_by":"Awakened One","ascension_level":20}