{"gold_per_floor":[119,119,119,136,31,57,73,103,103,120,153,167,167,180,180,255,255,272,303,313,340,31,31,60,78,132,132,132,132,147,181,181,254,254,267,489,503,503,513,548,564,564,636,670,670,520,550,561,561,561,561,561,561,16,48,48],"floor_reached":57,"playtime":2381,"items_purged":["Pain","Strike_B","Defend_B"],"score":3350,"play_id":"d41cca6f-81c0-409c-a72e-0a0f531c0246","local_time":"20190611200808","is_ascension_mode":true,"campfire_choices":[{"data":"Defragment","floor":15,"key":"SMITH"},{"data":"Biased Cognition","floor":23,"key":"SMITH"},{"data":"Coolheaded","floor":27,"key":"SMITH"},{"data":"Buffer","floor":29,"key":"SMITH"},{"data":"Capacitor","floor":32,"key":"SMITH"},{"data":"Recycle","floor":42,"key":"SMITH"},{"floor":45,"key":"RECALL"},{"data":"Echo Form","floor":49,"key":"SMITH"},{"data":"Skim","floor":53,"key":"SMITH"}],"neow_cost":"NONE","seed_source_timestamp":279916674786200,"circlet_count":0,"master_deck":["AscendersBane","Defend_B","Defend_B","Defend_B","Zap","Dualcast","Biased Cognition+1","Ball Lightning","Coolheaded+1","Buffer+1","Capacitor+1","Capacitor","Defragment+1","Electrodynamics","Core Surge","Undo+1","Turbo","Buffer","Glacier","Melter","Recycle+1","Skim+1","Echo Form+1","Cold Snap","Hologram","Blizzard","Parasite","Echo Form+1","Violence"],"relics":["FrozenCore","NeowsBlessing","WarpedTongs","Meat on the Bone","Torii","Mango","Emotion Chip","Runic Dome","Red Mask","Potion Belt","ClockworkSouvenir","Blue Candle","Tiny Chest","FossilizedHelix","Vajra","Pear","Oddly Smooth Stone","DollysMirror","Lantern"],"potions_floor_usage":[10,11,18,19,19,24,56,56,56,56,56,56,56,56],"damage_taken":[{"damage":0,"enemies":"2 Louse","floor":1,"turns":1},{"damage":0,"enemies":"Small Slimes","floor":4,"turns":1},{"damage":0,"enemies":"Gremlin Nob","floor":6,"turns":1},{"damage":0,"enemies":"Cultist","floor":7,"turns":2},{"damage":8,"enemies":"Lagavulin","floor":8,"turns":8},{"damage":0,"enemies":"Lots of Slimes","floor":10,"turns":2},{"damage":21,"enemies":"3 Sentries","floor":11,"turns":5},{"damage":1,"enemies":"Looter","floor":12,"turns":4},{"damage":0,"enemies":"Blue Slaver","floor":14,"turns":3},{"damage":0,"enemies":"Slime Boss","floor":16,"turns":4},{"damage":12,"enemies":"3 Byrds","floor":18,"turns":2},{"damage":1,"enemies":"Masked Bandits","floor":19,"turns":2},{"damage":10,"enemies":"Chosen","floor":20,"turns":4},{"damage":2,"enemies":"Slavers","floor":24,"turns":2},{"damage":1,"enemies":"Sentry and Sphere","floor":25,"turns":6},{"damage":0,"enemies":"Centurion and Healer","floor":30,"turns":3},{"damage":14,"enemies":"Gremlin Leader","floor":31,"turns":5},{"damage":0,"enemies":"Champ","floor":33,"turns":11},{"damage":0,"enemies":"3 Shapes","floor":35,"turns":3},{"damage":9,"enemies":"3 Darklings","floor":37,"turns":4},{"damage":0,"enemies":"Maw","floor":39,"turns":8},{"damage":0,"enemies":"Nemesis","floor":40,"turns":9},{"damage":0,"enemies":"Spire Growth","floor":41,"turns":7},{"damage":25,"enemies":"Reptomancer","floor":44,"turns":5},{"damage":0,"enemies":"Nemesis","floor":47,"turns":7},{"damage":0,"enemies":"Writhing Mass","floor":48,"turns":6},{"damage":0,"enemies":"Time Eater","floor":50,"turns":25},{"damage":10,"enemies":"Awakened One","floor":51,"turns":16},{"damage":13,"enemies":"Shield and Spear","floor":55,"turns":9},{"damage":44,"enemies":"The Heart","floor":56,"turns":12}],"seed_played":"261837210615500378","potions_obtained":[{"floor":4,"key":"Explosive Potion"},{"floor":7,"key":"AttackPotion"},{"floor":10,"key":"LiquidBronze"},{"floor":11,"key":"Ancient Potion"},{"floor":16,"key":"SkillPotion"},{"floor":18,"key":"GamblersBrew"},{"floor":19,"key":"AttackPotion"},{"floor":25,"key":"FearPotion"},{"floor":31,"key":"Strength Potion"},{"floor":41,"key":"LiquidBronze"},{"floor":44,"key":"LiquidBronze"},{"floor":47,"key":"Energy Potion"}],"is_trial":false,"path_per_floor":["M","?","?","M","$","E","M","E","T","M","E","M","?","M","R","B",null,"M","?","M","T","$","R","E","M","T","R","?","R","M","E","R","B",null,"M","?","M","?","M","E","M","R","T","E","R","$","E","M","R","B","B",null,"R","$","E","B",null],"character_chosen":"DEFECT","items_purchased":["Ball Lightning","ClockworkSouvenir","EntropicBrew","Blizzard","DollysMirror","Violence"],"campfire_rested":0,"item_purchase_floors":[5,22,46,46,54,54],"current_hp_per_floor":[64,64,64,64,64,64,64,56,70,70,49,48,48,48,48,48,76,64,63,53,53,53,53,51,50,50,50,50,50,50,48,48,48,76,76,76,67,67,67,67,67,67,67,52,52,52,52,52,52,52,54,82,82,82,69,52],"gold":48,"neow_bonus":"THREE_ENEMY_KILL","is_prod":false,"is_daily":false,"chose_seed":false,"campfire_upgraded":8,"win_rate":0,"timestamp":1560251288,"path_taken":["M","?","?","?","?","E","?","E","T","M","E","M","?","M","R","BOSS","M","?","M","?","?","R","E","?","T","R","?","R","M","E","R","BOSS","M","?","M","?","M","E","M","R","T","E","R","$","E","M","R","BOSS","BOSS","R","$","E","BOSS"],"build_version":"2019-01-23","purchased_purges":3,"victory":true,"max_hp_per_floor":[71,71,71,71,71,71,71,71,85,85,85,85,85,85,85,85,85,85,85,85,85,85,85,85,85,85,85,85,85,85,85,85,85,85,85,85,85,81,81,81,81,81,81,91,91,91,91,91,91,91,91,91,91,91,91,91],"card_choices":[{"not_picked":["Hologram","Tempest","Barrage"],"picked":"SKIP","floor":1},{"not_picked":["Compile Driver","Steam","Hello World"],"picked":"SKIP","floor":4},{"not_picked":["Rebound","Steam Power"],"picked":"Coolheaded","floor":6},{"not_picked":["Go for the Eyes","Consume"],"picked":"Buffer","floor":7},{"not_picked":["Stack","Sunder"],"picked":"Capacitor","floor":8},{"not_picked":["Auto Shields","Beam Cell"],"picked":"Capacitor","floor":10},{"not_picked":["Genetic Algorithm","Barrage"],"picked":"Defragment","floor":11},{"not_picked":["Rip and Tear","Genetic Algorithm","Beam Cell"],"picked":"SKIP","floor":12},{"not_picked":["Conserve Battery","Tempest"],"picked":"Electrodynamics","floor":14},{"not_picked":["Reboot","Meteor Strike"],"picked":"Core Surge","floor":16},{"not_picked":["Compile Driver","Conserve Battery"],"picked":"Undo+1","floor":18},{"not_picked":["Force Field","Ball Lightning"],"picked":"Turbo","floor":20},{"not_picked":["Fusion","Stack+1"],"picked":"Buffer","floor":24},{"not_picked":["Reprogram","Gash"],"picked":"Glacier","floor":25},{"not_picked":["Tempest","Gash"],"picked":"Skim","floor":30},{"not_picked":["Fusion","Skim","Steam"],"picked":"SKIP","floor":31},{"not_picked":["Buffer","Reboot"],"picked":"Echo Form","floor":33},{"not_picked":["Rebound","Steam Power"],"picked":"Cold Snap","floor":35},{"not_picked":["FTL","Rebound"],"picked":"Hologram","floor":37},{"not_picked":["Sweeping Beam","Turbo","Barrage"],"picked":"SKIP","floor":39},{"not_picked":["Hologram","Steam Power+1","Doom and Gloom+1"],"picked":"SKIP","floor":40},{"not_picked":["Aggregate+1","Compile Driver","Barrage"],"picked":"SKIP","floor":41},{"not_picked":["Auto Shields","Force Field","Cold Snap"],"picked":"SKIP","floor":44},{"not_picked":["Gash","Barrage","Auto Shields+1"],"picked":"SKIP","floor":47},{"not_picked":["Thunder Strike","Melter+1","Compile Driver"],"picked":"SKIP","floor":48},{"not_picked":["Barrage","Hologram","Heatsinks"],"picked":"SKIP","floor":55}],"player_experience":581636,"relics_obtained":[{"floor":6,"key":"Meat on the Bone"},{"floor":8,"key":"Torii"},{"floor":9,"key":"Mango"},{"floor":11,"key":"Emotion Chip"},{"floor":19,"key":"Red Mask"},{"floor":21,"key":"Potion Belt"},{"floor":24,"key":"Blue Candle"},{"floor":26,"key":"Tiny Chest"},{"floor":31,"key":"FossilizedHelix"},{"floor":40,"key":"Vajra"},{"floor":44,"key":"Pear"},{"floor":47,"key":"Oddly Smooth Stone"},{"floor":55,"key":"Lantern"}],"event_choices":[{"damage_healed":0,"gold_gain":0,"cards_transformed":["Strike_B"],"player_choice":"Change","damage_taken":0,"max_hp_gain":0,"max_hp_loss":0,"event_name":"Living Wall","floor":2,"gold_loss":0,"cards_obtained":["Biased Cognition"]},{"damage_healed":0,"gold_gain":0,"player_choice":"Rummage","damage_taken":0,"relics_obtained":["WarpedTongs"],"max_hp_gain":0,"max_hp_loss":0,"event_name":"Accursed Blacksmith","floor":3,"gold_loss":0,"cards_obtained":["Pain"]},{"damage_healed":0,"gold_gain":0,"player_choice":"Ignored","damage_taken":0,"max_hp_gain":0,"max_hp_loss":0,"event_name":"Liars Game","floor":13,"gold_loss":0},{"damage_healed":0,"gold_gain":0,"player_choice":"Fought Bandits","damage_taken":0,"max_hp_gain":0,"max_hp_loss":0,"event_name":"Masked Bandits","floor":19,"gold_loss":0},{"damage_healed":0,"gold_gain":0,"cards_transformed":["Strike_B","Strike_B"],"player_choice":"Became Test Subject","damage_taken":0,"max_hp_gain":0,"max_hp_loss":0,"event_name":"Drug Dealer","floor":28,"gold_loss":0,"cards_obtained":["Melter","Recycle"]},{"damage_healed":0,"gold_gain":222,"player_choice":"Wore Mask","damage_taken":0,"max_hp_gain":0,"max_hp_loss":0,"event_name":"Tomb of Lord Red Mask","floor":36,"gold_loss":0},{"damage_healed":0,"gold_gain":0,"player_choice":"Max HP","damage_taken":0,"max_hp_gain":0,"max_hp_loss":4,"event_name":"Winding Halls","floor":38,"gold_loss":0}],"is_beta":false,"boss_relics":[{"not_picked":["Nuclear Battery","Busted Crown"],"picked":"Runic Dome"},{"not_picked":["White Beast Statue","Runic Pyramid"],"picked":"FrozenCore"}],"items_purged_floors":[5,22,54],"is_endless":false,"potions_floor_spawned":[4,7,8,10,11,14,16,18,19,25,31,41,44,47],"ascension_level":20}