{"gold_per_floor":[118,118,193,209,57,85,85,85,85,85,97,109,137,137,137,214,214,229,229,229,241,241,241,241],"floor_reached":24,"playtime":507,"items_purged":["Strike_B"],"score":454,"play_id":"19b8aa12-9721-43a8-906c-c4441923e89e","local_time":"20190725095809","is_ascension_mode":true,"campfire_choices":[{"data":"Defragment","floor":15,"key":"SMITH"},{"floor":23,"key":"REST"}],"neow_cost":"NONE","seed_source_timestamp":498645073868700,"circlet_count":0,"master_deck":["AscendersBane","Defend_B","Defend_B","Defend_B","Zap","Dualcast","Barrage","BootSequence","Capacitor","Defragment+1","Machine Learning","Self Repair","Creative AI","Force Field+1","Ball Lightning+1","Cold Snap+1","Necronomicurse","Recycle","Echo Form"],"relics":["Cracked Core","NeowsBlessing","Emotion Chip","Bag of Marbles","Bag of Preparation","Astrolabe","Necronomicon","Anchor"],"potions_floor_usage":[13,16,16,16,16],"damage_taken":[{"damage":0,"enemies":"Small Slimes","floor":1,"turns":1},{"damage":0,"enemies":"2 Louse","floor":4,"turns":1},{"damage":0,"enemies":"3 Sentries","floor":6,"turns":2},{"damage":0,"enemies":"Cultist","floor":11,"turns":3},{"damage":0,"enemies":"3 Louse","floor":12,"turns":2},{"damage":29,"enemies":"Gremlin Nob","floor":13,"turns":4},{"damage":7,"enemies":"The Guardian","floor":16,"turns":8},{"damage":11,"enemies":"Shell Parasite","floor":18,"turns":4},{"damage":13,"enemies":"3 Byrds","floor":21,"turns":4},{"damage":50,"enemies":"Slavers","floor":24,"turns":4}],"seed_played":"-8867547090445637169","potions_obtained":[{"floor":1,"key":"AttackPotion"},{"floor":4,"key":"EntropicBrew"},{"floor":13,"key":"AttackPotion"},{"floor":18,"key":"Fire Potion"},{"floor":21,"key":"SpeedPotion"}],"is_trial":false,"path_per_floor":["M","?","?","M","$","E","?","?","T","$","M","M","E","?","R","B",null,"M","?","?","M","?","R","E"],"character_chosen":"DEFECT","items_purchased":["Defragment"],"campfire_rested":1,"item_purchase_floors":[5],"current_hp_per_floor":[64,64,53,53,53,53,35,71,71,71,71,71,42,47,47,47,69,65,44,44,38,38,60,10],"gold":241,"neow_bonus":"THREE_ENEMY_KILL","is_prod":false,"is_daily":false,"chose_seed":false,"campfire_upgraded":1,"win_rate":0,"timestamp":1564016289,"path_taken":["M","?","?","M","$","E","?","?","T","$","?","M","E","?","R","BOSS","M","?","?","?","?","R","E"],"build_version":"2019-07-17","purchased_purges":1,"victory":false,"max_hp_per_floor":[71,71,71,71,71,71,71,71,71,71,71,71,71,76,76,76,76,76,76,76,76,76,76,76],"card_choices":[{"not_picked":["Steam","Turbo"],"picked":"Barrage","floor":1},{"not_picked":["Ball Lightning","Redo"],"picked":"Capacitor","floor":4},{"not_picked":["Rebound","Compile Driver","Beam Cell"],"picked":"SKIP","floor":6},{"not_picked":["Storm","Sweeping Beam","Barrage"],"picked":"SKIP","floor":11},{"not_picked":["Chaos","BootSequence"],"picked":"Machine Learning","floor":12},{"not_picked":["Ball Lightning","Fusion"],"picked":"Self Repair","floor":13},{"not_picked":["Thunder Strike","Seek"],"picked":"Creative AI","floor":16},{"not_picked":["Sweeping Beam","Reinforced Body","Steam Power"],"picked":"SKIP","floor":18},{"not_picked":["Redo","Leap"],"picked":"Recycle","floor":21}],"player_experience":1195023,"relics_obtained":[{"floor":6,"key":"Emotion Chip"},{"floor":13,"key":"Bag of Preparation"},{"floor":19,"key":"Necronomicon"}],"event_choices":[{"damage_healed":0,"gold_gain":0,"cards_transformed":["Strike_B"],"player_choice":"Change","damage_taken":0,"max_hp_gain":0,"max_hp_loss":0,"event_name":"Living Wall","floor":2,"gold_loss":0,"cards_obtained":["BootSequence"]},{"damage_healed":0,"gold_gain":75,"player_choice":"Gather Gold","damage_taken":11,"max_hp_gain":0,"max_hp_loss":0,"event_name":"World of Goop","floor":3,"gold_loss":0},{"damage_healed":0,"gold_gain":0,"player_choice":"Success","damage_taken":18,"relics_obtained":["Bag of Marbles"],"max_hp_gain":0,"max_hp_loss":0,"event_name":"Scrap Ooze","floor":7,"gold_loss":0},{"damage_healed":36,"gold_gain":0,"player_choice":"Full Heal","damage_taken":0,"max_hp_gain":0,"max_hp_loss":0,"event_name":"Wheel of Change","floor":8,"gold_loss":0},{"damage_healed":0,"gold_gain":0,"player_choice":"Donut","damage_taken":0,"max_hp_gain":5,"max_hp_loss":0,"event_name":"Big Fish","floor":14,"gold_loss":0},{"damage_healed":0,"gold_gain":0,"player_choice":"Obtained Book","damage_taken":21,"max_hp_gain":0,"max_hp_loss":0,"event_name":"Cursed Tome","floor":19,"gold_loss":0},{"damage_healed":0,"gold_gain":0,"player_choice":"Gave Potion","damage_taken":0,"relics_obtained":["Anchor"],"max_hp_gain":0,"max_hp_loss":0,"event_name":"WeMeetAgain","floor":20,"gold_loss":0},{"damage_healed":0,"gold_gain":0,"player_choice":"Read","damage_taken":0,"max_hp_gain":0,"max_hp_loss":0,"event_name":"The Library","floor":22,"gold_loss":0,"cards_obtained":["Echo Form"]}],"is_beta":false,"boss_relics":[{"not_picked":["Empty Cage","Eternal Feather"],"picked":"Astrolabe"}],"items_purged_floors":[5],"is_endless":false,"potions_floor_spawned":[1,4,13,18,21],"killed_by":"Slavers","ascension_level":20}