{"gold_per_floor":[20,20,20,34,34,34,62,79,79,96,7,27,27,27,27,103,103,119,119,130,146,146,146,177,196,196,196,227,245,259,284,284,356,356,366,366,366,641,238,238,258,291,345,356,381,394,394,409,409,409,409,409,409,24,58,58],"floor_reached":57,"playtime":2683,"items_purged":["Regret","Defend_B"],"score":2744,"play_id":"687fd356-eb08-4e0f-990e-21b9ae444ca3","local_time":"20190706190058","is_ascension_mode":true,"campfire_choices":[{"data":"Zap","floor":6.0,"key":"SMITH"},{"data":"Chill","floor":13.0,"key":"SMITH"},{"data":"Genetic Algorithm","floor":15.0,"key":"SMITH"},{"floor":23.0,"key":"REST"},{"floor":27.0,"key":"REST"},{"floor":32.0,"key":"REST"},{"floor":40.0,"key":"RECALL"},{"floor":47.0,"key":"REST"},{"floor":49.0,"key":"REST"},{"floor":53.0,"key":"REST"}],"neow_cost":"NO_GOLD","seed_source_timestamp":640023500477000,"circlet_count":0,"master_deck":["AscendersBane","Strike_B","Defend_B+1","Defend_B","Defend_B","Zap+1","Dualcast","Echo Form","Electrodynamics","Chill+1","Glacier","Genetic Algorithm+1","Biased Cognition","Ball Lightning","Static Discharge","Blizzard","Consume+1","Loop","Hologram","Blizzard+1","Creative AI","Turbo","Glacier","Hologram+1","Chill","Defragment","Self Repair","Reboot","Coolheaded","BootSequence","Core Surge"],"special_seed":0,"relics":["Cracked Core","Dead Branch","Kunai","Mummified Hand","Fusion Hammer","Pocketwatch","The Courier","Smiling Mask","Art of War","Orrery","Potion Belt","Bronze Scales","War Paint","Bag of Preparation","DataDisk","Lantern"],"potions_floor_usage":[56],"damage_taken":[{"damage":0.0,"enemies":"2 Louse","floor":1.0,"turns":2.0},{"damage":0.0,"enemies":"Cultist","floor":4.0,"turns":3.0},{"damage":35.0,"enemies":"3 Sentries","floor":7.0,"turns":4.0},{"damage":3.0,"enemies":"Small Slimes","floor":8.0,"turns":3.0},{"damage":1.0,"enemies":"Blue Slaver","floor":10.0,"turns":3.0},{"damage":4.0,"enemies":"Exordium Thugs","floor":12.0,"turns":3.0},{"damage":8.0,"enemies":"The Guardian","floor":16.0,"turns":10.0},{"damage":0.0,"enemies":"3 Byrds","floor":18.0,"turns":1.0},{"damage":4.0,"enemies":"Shell Parasite","floor":20.0,"turns":4.0},{"damage":8.0,"enemies":"Snecko","floor":21.0,"turns":5.0},{"damage":34.0,"enemies":"Book of Stabbing","floor":24.0,"turns":3.0},{"damage":1.0,"enemies":"Snake Plant","floor":25.0,"turns":5.0},{"damage":20.0,"enemies":"Slavers","floor":28.0,"turns":3.0},{"damage":3.0,"enemies":"Centurion and Healer","floor":29.0,"turns":4.0},{"damage":2.0,"enemies":"3 Cultists","floor":30.0,"turns":3.0},{"damage":14.0,"enemies":"Gremlin Leader","floor":31.0,"turns":5.0},{"damage":12.0,"enemies":"Automaton","floor":33.0,"turns":9.0},{"damage":0.0,"enemies":"Orb Walker","floor":35.0,"turns":3.0},{"damage":0.0,"enemies":"3 Shapes","floor":41.0,"turns":3.0},{"damage":7.0,"enemies":"Reptomancer","floor":42.0,"turns":6.0},{"damage":10.0,"enemies":"Jaw Worm Horde","floor":44.0,"turns":5.0},{"damage":18.0,"enemies":"Giant Head","floor":45.0,"turns":8.0},{"damage":20.0,"enemies":"Writhing Mass","floor":46.0,"turns":6.0},{"damage":32.0,"enemies":"Spire Growth","floor":48.0,"turns":5.0},{"damage":12.0,"enemies":"Time Eater","floor":50.0,"turns":12.0},{"damage":25.0,"enemies":"Awakened One","floor":51.0,"turns":18.0},{"damage":53.0,"enemies":"Shield and Spear","floor":55.0,"turns":9.0},{"damage":64,"enemies":"The Heart","floor":56,"turns":11}],"seed_played":"4579465488306484305","potions_obtained":[{"floor":10.0,"key":"SkillPotion"},{"floor":16.0,"key":"SpeedPotion"},{"floor":18.0,"key":"Explosive Potion"},{"floor":29.0,"key":"Block Potion"},{"floor":31.0,"key":"AttackPotion"},{"floor":42.0,"key":"FocusPotion"},{"floor":44.0,"key":"GamblersBrew"},{"floor":45.0,"key":"Weak Potion"},{"floor":55.0,"key":"Energy Potion"}],"is_trial":false,"path_per_floor":["M","?","$","M","?","R","E","M","T","M","$","M","R","$","R","B",null,"M","?","M","M","?","R","E","M","T","R","E","M","M","E","R","B",null,"M","?","?","?","$","R","M","E","T","M","E","M","R","M","R","B","B",null,"R","$","E","B",null],"character_chosen":"DEFECT","items_purchased":["Glacier","Chill","FocusPotion","Defragment","Potion Belt","Self Repair","Bag of Preparation","DataDisk","FairyPotion"],"campfire_rested":6,"item_purchase_floors":[11,39,39,39,39,39,54,54,54],"current_hp_per_floor":[64,64,64,64,64,64,29,26,26,25,25,21,21,21,21,13,57,57,57,53,45,45,66,32,31,31,52,32,29,27,13,34,22,59,59,59,59,59,59,59,66,66,66,63,52,39,59,27,47,49,31,58,67,67,21,8],"gold":58,"neow_bonus":"ONE_RARE_RELIC","is_prod":false,"is_daily":false,"chose_seed":false,"campfire_upgraded":3,"win_rate":0,"timestamp":1562407258,"path_taken":["M","?","?","M","?","R","E","M","T","?","$","?","R","$","R","BOSS","M","?","M","M","?","R","E","M","T","R","E","?","M","E","R","BOSS","M","?","?","?","$","R","M","E","T","M","E","?","R","M","R","BOSS","BOSS","R","$","E","BOSS"],"build_version":"2019-07-05","purchased_purges":2,"victory":true,"max_hp_per_floor":[71,71,71,71,71,71,71,71,71,71,71,71,71,71,71,71,71,71,71,71,71,71,71,71,71,71,71,71,71,71,71,71,71,71,71,71,67,67,67,67,67,67,67,67,67,67,67,67,67,67,67,67,67,67,67,67],"card_choices":[{"not_picked":["Redo","Rebound","Leap"],"picked":"SKIP","floor":1.0},{"not_picked":["Conserve Battery","Steam","Reprogram"],"picked":"SKIP","floor":4.0},{"not_picked":["Conserve Battery","Gash"],"picked":"Electrodynamics","floor":7.0},{"not_picked":["Heatsinks","Recycle"],"picked":"Chill","floor":8.0},{"not_picked":["Conserve Battery","Stack","Rebound"],"picked":"SKIP","floor":10.0},{"not_picked":["Storm","Go for the Eyes"],"picked":"Genetic Algorithm","floor":12.0},{"not_picked":["Core Surge","Hyperbeam"],"picked":"Biased Cognition","floor":16.0},{"not_picked":["Rebound","Gash"],"picked":"Ball Lightning","floor":18.0},{"not_picked":["Redo","Steam","Streamline"],"picked":"SKIP","floor":20.0},{"not_picked":["Hologram","Compile Driver"],"picked":"Static Discharge","floor":21.0},{"not_picked":["Aggregate","Turbo"],"picked":"Blizzard","floor":24.0},{"not_picked":["Ball Lightning","Steam","Auto Shields"],"picked":"SKIP","floor":25.0},{"not_picked":["Steam","Cold Snap"],"picked":"Consume+1","floor":28.0},{"not_picked":["Meteor Strike","Sunder"],"picked":"Loop","floor":29.0},{"not_picked":["Rip and Tear","Steam+1"],"picked":"Hologram","floor":30.0},{"not_picked":["Rebound","Redo"],"picked":"Blizzard+1","floor":31.0},{"not_picked":["Buffer","Hyperbeam"],"picked":"Creative AI","floor":33.0},{"not_picked":["Doom and Gloom","Storm"],"picked":"Turbo","floor":34.0},{"not_picked":["Rebound","Coolheaded"],"picked":"Glacier","floor":34.0},{"not_picked":["Biased Cognition","Cold Snap+1"],"picked":"Hologram","floor":34.0},{"not_picked":["Streamline","Leap","Compile Driver"],"picked":"SKIP","floor":35.0},{"not_picked":["Redo","Sweeping Beam+1"],"picked":"Reboot","floor":41.0},{"not_picked":["Beam Cell","Rebound+1"],"picked":"Coolheaded","floor":42.0},{"not_picked":["Conserve Battery","Storm+1"],"picked":"BootSequence","floor":44.0},{"not_picked":["Go for the Eyes","FTL","Barrage"],"picked":"SKIP","floor":45.0},{"not_picked":["Gash","Static Discharge","Go for the Eyes"],"picked":"SKIP","floor":46.0},{"not_picked":["Redo","Steam+1","Gash"],"picked":"SKIP","floor":48.0},{"not_picked":["Rip and Tear","Recycle+1"],"picked":"Core Surge","floor":55.0}],"player_experience":934292,"relics_obtained":[{"floor":7.0,"key":"Kunai"},{"floor":9.0,"key":"Mummified Hand"},{"floor":24.0,"key":"Pocketwatch"},{"floor":26.0,"key":"The Courier"},{"floor":28.0,"key":"Smiling Mask"},{"floor":31.0,"key":"Art of War"},{"floor":42.0,"key":"Bronze Scales"},{"floor":45.0,"key":"War Paint"},{"floor":55.0,"key":"Lantern"}],"event_choices":[{"cards_removed":["Strike_B"],"damage_healed":0.0,"max_hp_gain":0.0,"max_hp_loss":0.0,"gold_gain":0.0,"event_name":"Purifier","player_choice":"Purged","floor":2.0,"gold_loss":0.0,"damage_taken":0.0},{"damage_healed":0.0,"max_hp_gain":0.0,"max_hp_loss":0.0,"gold_gain":0.0,"event_name":"Match and Keep!","player_choice":"1 cards matched","floor":5.0,"gold_loss":0.0,"damage_taken":0.0,"cards_obtained":["Echo Form"]},{"damage_healed":0.0,"max_hp_gain":0.0,"max_hp_loss":0.0,"gold_gain":0.0,"event_name":"The Mausoleum","player_choice":"Ignored","floor":19.0,"gold_loss":0.0,"damage_taken":0.0},{"cards_removed":["Strike_B"],"damage_healed":0.0,"max_hp_gain":0.0,"max_hp_loss":0.0,"gold_gain":0.0,"event_name":"Wheel of Change","player_choice":"Card Removal","floor":22.0,"gold_loss":0.0,"damage_taken":0.0},{"cards_removed":["Strike_B"],"damage_healed":0.0,"max_hp_gain":0.0,"max_hp_loss":0.0,"gold_gain":0.0,"event_name":"Falling","player_choice":"Removed Attack","floor":36.0,"gold_loss":0.0,"damage_taken":0.0},{"damage_healed":0.0,"max_hp_gain":0.0,"max_hp_loss":4.0,"gold_gain":0.0,"event_name":"Winding Halls","player_choice":"Max HP","floor":37.0,"gold_loss":0.0,"damage_taken":0.0},{"damage_healed":0.0,"max_hp_gain":0.0,"max_hp_loss":0.0,"gold_gain":275.0,"event_name":"Golden Shrine","player_choice":"Desecrate","floor":38.0,"gold_loss":0.0,"damage_taken":0.0,"cards_obtained":["Regret"]}],"is_beta":false,"boss_relics":[{"not_picked":["Busted Crown","Calling Bell"],"picked":"Fusion Hammer"},{"not_picked":["FrozenCore","Velvet Choker"],"picked":"Orrery"}],"items_purged_floors":[39,54],"is_endless":false,"potions_floor_spawned":[10,16,18,21,29,31,42,44,45,55],"ascension_level":20}