{"gold_per_floor":[20,20,30,42,62,62,90,90,90,110,110,143,143,143,143,236,236,252,252,160,178,178,178,196,196,221,221,233,233,233,258,258,258],"floor_reached":33,"playtime":1867,"items_purged":[],"score":581,"play_id":"97119da3-4333-41c7-98e2-a83d3c9abb90","local_time":"20190723190143","is_ascension_mode":true,"campfire_choices":[{"data":"Masterful Stab","floor":6.0,"key":"SMITH"},{"floor":8.0,"key":"REST"},{"data":"Noxious Fumes","floor":11.0,"key":"SMITH"},{"data":"Burst","floor":15.0,"key":"SMITH"},{"floor":23.0,"key":"REST"},{"floor":29.0,"key":"REST"},{"floor":32.0,"key":"REST"}],"neow_cost":"NO_GOLD","seed_source_timestamp":347107196001711,"circlet_count":0,"master_deck":["AscendersBane","Strike_G","Strike_G","Strike_G","Strike_G","Strike_G","Defend_G","Defend_G","Defend_G","Defend_G","Survivor","Neutralize","Prepared","Flying Knee","Flying Knee","Escape Plan","Masterful Stab+1","Noxious Fumes+1","Acrobatics","Burst+1","Corpse Explosion","Quick Slash","Enlightenment","Poisoned Stab","After Image","Crippling Poison"],"special_seed":0,"relics":["Ring of the Snake","FossilizedHelix","Omamori","Question Card","StoneCalendar","Bloody Idol","Busted Crown","CultistMask","Enchiridion","Vajra","Calipers"],"potions_floor_usage":[33],"damage_taken":[{"damage":0.0,"enemies":"Small Slimes","floor":1.0,"turns":4.0},{"damage":0.0,"enemies":"Cultist","floor":3.0,"turns":4.0},{"damage":0.0,"enemies":"Jaw Worm","floor":4.0,"turns":4.0},{"damage":0.0,"enemies":"3 Louse","floor":5.0,"turns":4.0},{"damage":10.0,"enemies":"3 Sentries","floor":7.0,"turns":9.0},{"damage":0.0,"enemies":"Exordium Thugs","floor":10.0,"turns":4.0},{"damage":0.0,"enemies":"Lagavulin","floor":12.0,"turns":5.0},{"damage":9.0,"enemies":"The Guardian","floor":16.0,"turns":12.0},{"damage":7.0,"enemies":"2 Thieves","floor":18.0,"turns":3.0},{"damage":10.0,"enemies":"Shell Parasite","floor":21.0,"turns":7.0},{"damage":4.0,"enemies":"Snake Plant","floor":24.0,"turns":4.0},{"damage":6.0,"enemies":"Chosen and Byrds","floor":28.0,"turns":4.0},{"damage":30.0,"enemies":"Gremlin Leader","floor":31.0,"turns":6.0},{"damage":64,"enemies":"Automaton","floor":33,"turns":10}],"seed_played":"-536554555118784974","potions_obtained":[{"floor":1.0,"key":"SpeedPotion"},{"floor":7.0,"key":"Strength Potion"},{"floor":10.0,"key":"SpeedPotion"},{"floor":16.0,"key":"Dexterity Potion"},{"floor":24.0,"key":"Weak Potion"},{"floor":28.0,"key":"Energy Potion"},{"floor":31.0,"key":"FearPotion"}],"is_trial":false,"path_per_floor":["M","?","M","M","M","R","E","R","T","M","R","E","?","?","R","B",null,"M","?","$","M","?","R","M","?","T","?","M","R","?","E","R","B"],"character_chosen":"THE_SILENT","items_purchased":["Enlightenment"],"campfire_rested":4,"item_purchase_floors":[20],"current_hp_per_floor":[59,59,59,59,59,59,49,66,66,66,66,66,66,66,66,57,64,57,57,57,47,47,66,66,45,50,50,49,66,66,41,60,0],"gold":258,"neow_bonus":"ONE_RARE_RELIC","is_prod":false,"is_daily":false,"chose_seed":false,"campfire_upgraded":3,"win_rate":0,"timestamp":1563897703,"path_taken":["M","?","M","M","M","R","E","R","T","?","R","E","?","?","R","BOSS","M","?","$","?","?","R","M","?","T","?","?","R","?","E","R","BOSS"],"build_version":"2019-07-17","purchased_purges":0,"victory":false,"max_hp_per_floor":[66,66,66,66,66,66,66,66,66,66,66,66,66,66,66,66,66,66,66,66,66,66,66,66,66,66,66,66,66,66,66,66,66],"card_choices":[{"not_picked":["Dash","Skewer"],"picked":"Prepared","floor":1.0},{"not_picked":["Cloak And Dagger","Poisoned Stab"],"picked":"Flying Knee","floor":3.0},{"not_picked":["Cloak And Dagger","Blur"],"picked":"Escape Plan","floor":4.0},{"not_picked":["Dagger Spray","Leg Sweep"],"picked":"Masterful Stab","floor":5.0},{"not_picked":["Slice","Storm of Steel"],"picked":"Noxious Fumes","floor":7.0},{"not_picked":["Backflip","Accuracy","Footwork"],"picked":"Acrobatics","floor":10.0},{"not_picked":["Deadly Poison","Flying Knee","Finisher"],"picked":"Concentrate","floor":12.0},{"not_picked":["Night Terror","Die Die Die","After Image"],"picked":"Corpse Explosion","floor":16.0},{"not_picked":["Riddle With Holes"],"picked":"Quick Slash","floor":18.0},{"not_picked":["Dagger Throw+1"],"picked":"Poisoned Stab","floor":21.0},{"not_picked":["Deflect","PiercingWail"],"picked":"SKIP","floor":24.0},{"not_picked":["Flying Knee"],"picked":"Crippling Poison","floor":28.0},{"not_picked":["Choke","Eviscerate"],"picked":"SKIP","floor":31.0}],"player_experience":1636691,"relics_obtained":[{"floor":7.0,"key":"Omamori"},{"floor":9.0,"key":"Question Card"},{"floor":12.0,"key":"StoneCalendar"},{"floor":25.0,"key":"Enchiridion"},{"floor":26.0,"key":"Vajra"},{"floor":31.0,"key":"Calipers"}],"event_choices":[{"damage_healed":0.0,"max_hp_gain":0.0,"max_hp_loss":0.0,"gold_gain":0.0,"cards_transformed":["Defend_G"],"event_name":"Transmorgrifier","player_choice":"Transformed","floor":2.0,"gold_loss":0.0,"damage_taken":0.0,"cards_obtained":["Flying Knee"]},{"damage_healed":0.0,"max_hp_gain":0.0,"max_hp_loss":0.0,"gold_gain":0.0,"event_name":"Golden Idol","player_choice":"Take Wound","floor":13.0,"gold_loss":0.0,"damage_taken":0.0,"relics_obtained":["Golden Idol"],"cards_obtained":["Injury"]},{"damage_healed":0.0,"max_hp_gain":0.0,"max_hp_loss":0.0,"gold_gain":0.0,"event_name":"Match and Keep!","player_choice":"1 cards matched","floor":14.0,"gold_loss":0.0,"damage_taken":0.0,"cards_obtained":["Burst"]},{"damage_healed":0.0,"max_hp_gain":0.0,"max_hp_loss":0.0,"gold_gain":0.0,"event_name":"FaceTrader","player_choice":"Trade","floor":19.0,"gold_loss":0.0,"damage_taken":0.0,"relics_obtained":["CultistMask"]},{"damage_healed":0.0,"max_hp_gain":0.0,"max_hp_loss":0.0,"gold_gain":0.0,"event_name":"Forgotten Altar","player_choice":"Gave Idol","floor":22.0,"relics_lost":["Golden Idol"],"gold_loss":0.0,"damage_taken":0.0,"relics_obtained":["Bloody Idol"]},{"damage_healed":0.0,"max_hp_gain":0.0,"max_hp_loss":0.0,"gold_gain":0.0,"event_name":"Cursed Tome","player_choice":"Obtained Book","floor":25.0,"gold_loss":0.0,"damage_taken":21.0},{"damage_healed":0.0,"max_hp_gain":0.0,"max_hp_loss":0.0,"gold_gain":0.0,"cards_transformed":["Concentrate"],"event_name":"Transmorgrifier","player_choice":"Transformed","floor":27.0,"gold_loss":0.0,"damage_taken":0.0,"cards_obtained":["After Image"]},{"damage_healed":0.0,"max_hp_gain":0.0,"max_hp_loss":0.0,"gold_gain":0.0,"event_name":"Vampires","player_choice":"Ignored","floor":30.0,"gold_loss":0.0,"damage_taken":0.0}],"is_beta":false,"boss_relics":[{"not_picked":["Eternal Feather","Black Star"],"picked":"Busted Crown"}],"items_purged_floors":[],"is_endless":false,"potions_floor_spawned":[1,7,10,16,24,28,31],"killed_by":"Automaton","ascension_level":16}