{"gold_per_floor":[112,112,122,140,215,215,63,63,142,142,142],"floor_reached":11,"playtime":93,"items_purged":["Strike_G"],"score":122,"play_id":"302b2255-f2bb-42d7-810c-7458cc457fd9","local_time":"20190722193318","is_ascension_mode":true,"campfire_choices":[{"data":"Skewer","floor":6,"key":"SMITH"},{"floor":8,"key":"REST"}],"neow_cost":"NONE","seed_source_timestamp":274367665497199,"circlet_count":0,"master_deck":["AscendersBane","Strike_G","Strike_G","Strike_G","Strike_G","Defend_G","Defend_G","Defend_G","Defend_G","Defend_G","Survivor","Neutralize","Skewer+1","Dagger Spray","Noxious Fumes","Noxious Fumes","Decay"],"relics":["Ring of the Snake","NeowsBlessing","Dream Catcher","Tiny Chest"],"potions_floor_usage":[],"damage_taken":[{"damage":0,"enemies":"2 Louse","floor":1,"turns":1},{"damage":0,"enemies":"Jaw Worm","floor":3,"turns":1},{"damage":0,"enemies":"Small Slimes","floor":4,"turns":1},{"damage":0,"enemies":"Exordium Thugs","floor":11,"turns":1}],"seed_played":"-8444990485956557115","potions_obtained":[{"floor":1,"key":"GhostInAJar"},{"floor":4,"key":"Swift Potion"}],"is_trial":false,"path_per_floor":["M","?","M","M","?","R","$","R","T","?","M"],"character_chosen":"THE_SILENT","items_purchased":["Noxious Fumes"],"campfire_rested":1,"item_purchase_floors":[7],"current_hp_per_floor":[59,24,24,24,13,13,13,32,32,32,32],"gold":142,"neow_bonus":"THREE_ENEMY_KILL","is_prod":false,"is_daily":false,"chose_seed":false,"campfire_upgraded":1,"win_rate":0,"timestamp":1563791598,"path_taken":["M","?","M","M","?","R","$","R","T","?","?"],"build_version":"2019-07-17","purchased_purges":1,"victory":false,"max_hp_per_floor":[66,66,66,66,66,66,66,66,66,66,66],"card_choices":[{"not_picked":["Prepared","Setup"],"picked":"Skewer","floor":1},{"not_picked":["Deadly Poison","Reflex"],"picked":"Dagger Spray","floor":3},{"not_picked":["Slice","Sucker Punch","Infinite Blades"],"picked":"SKIP","floor":4},{"not_picked":["Blade Dance","Cloak And Dagger"],"picked":"Noxious Fumes","floor":8}],"player_experience":1138588,"relics_obtained":[{"floor":9,"key":"Tiny Chest"}],"event_choices":[{"damage_healed":0,"gold_gain":0,"player_choice":"Success","damage_taken":35,"relics_obtained":["Dream Catcher"],"max_hp_gain":0,"max_hp_loss":0,"event_name":"Scrap Ooze","floor":2,"gold_loss":0},{"damage_healed":0,"gold_gain":75,"player_choice":"Gather Gold","damage_taken":11,"max_hp_gain":0,"max_hp_loss":0,"event_name":"World of Goop","floor":5,"gold_loss":0},{"damage_healed":0,"gold_gain":0,"player_choice":"Cursed","damage_taken":0,"max_hp_gain":0,"max_hp_loss":0,"event_name":"Wheel of Change","floor":10,"gold_loss":0,"cards_obtained":["Decay"]}],"is_beta":false,"boss_relics":[],"items_purged_floors":[7],"is_endless":false,"potions_floor_spawned":[1,4],"killed_by":"Exordium Thugs","ascension_level":20}