{"gold_per_floor":[115,115,40,56,131,131,162,162,162,193,204,215,215,248,248,322,322,342,362,372,390,197,231,231,260,260,7,26,40,40,56,56,130,130,143,1142,1161,607,607,634,645,672,672,699,699,699,711,745,745,745,745,745,745,115,146,146],"floor_reached":57,"playtime":2037,"items_purged":["Strike_R","Normality","Strike_R"],"score":3635,"play_id":"e89f8228-3412-41ca-a589-428da7a217ab","local_time":"20190725092320","is_ascension_mode":true,"campfire_choices":[{"data":"Armaments","floor":6,"key":"SMITH"},{"data":"Bash","floor":8,"key":"SMITH"},{"data":"Carnage","floor":13,"key":"SMITH"},{"data":"Carnage","floor":15,"key":"SMITH"},{"data":"Offering","floor":24,"key":"SMITH"},{"data":"Feel No Pain","floor":32,"key":"SMITH"},{"floor":45,"key":"RECALL"},{"data":"Armaments","floor":49,"key":"SMITH"},{"data":"Offering","floor":53,"key":"SMITH"}],"neow_cost":"NONE","seed_source_timestamp":495017739168700,"circlet_count":0,"master_deck":["AscendersBane","Strike_R+1","Strike_R","Defend_R","Defend_R","Defend_R","Defend_R","Bash+1","Armaments+1","Shrug It Off","Carnage+1","Carnage+1","Cleave+1","Offering+1","Impervious","Corruption","Shrug It Off","Entrench","Evolve","Feel No Pain+1","Limit Break","Impervious","Armaments+1","Offering+1","Sentinel+1","Power Through","Corruption+1"],"relics":["Burning Blood","NeowsBlessing","Calipers","Gremlin Horn","Mercury Hourglass","Bag of Preparation","Lantern","Runic Dome","The Courier","Bird Faced Urn","Anchor","Dead Branch","Snecko Eye","PreservedInsect","Ancient Tea Set","Self Forming Clay","Du-Vu Doll","Frozen Egg 2","Pocketwatch","Blue Candle","Bronze Scales","Champion Belt","Art of War","Whetstone"],"potions_floor_usage":[14,23,25,56],"damage_taken":[{"damage":0,"enemies":"Small Slimes","floor":1,"turns":1},{"damage":0,"enemies":"Jaw Worm","floor":4,"turns":1},{"damage":0,"enemies":"Gremlin Nob","floor":7,"turns":1},{"damage":47,"enemies":"3 Sentries","floor":10,"turns":15},{"damage":0,"enemies":"Cultist","floor":11,"turns":2},{"damage":0,"enemies":"Gremlin Gang","floor":12,"turns":3},{"damage":25,"enemies":"Lagavulin","floor":14,"turns":5},{"damage":33,"enemies":"Slime Boss","floor":16,"turns":5},{"damage":0,"enemies":"Spheric Guardian","floor":18,"turns":1},{"damage":6,"enemies":"Shell Parasite","floor":19,"turns":3},{"damage":0,"enemies":"Snecko","floor":20,"turns":3},{"damage":20,"enemies":"Cultist and Chosen","floor":21,"turns":4},{"damage":10,"enemies":"Book of Stabbing","floor":23,"turns":4},{"damage":16,"enemies":"Slavers","floor":25,"turns":3},{"damage":7,"enemies":"Sentry and Sphere","floor":28,"turns":4},{"damage":3,"enemies":"Snecko","floor":29,"turns":6},{"damage":7,"enemies":"Centurion and Healer","floor":31,"turns":2},{"damage":6,"enemies":"Champ","floor":33,"turns":7},{"damage":7,"enemies":"Orb Walker","floor":35,"turns":3},{"damage":0,"enemies":"3 Shapes","floor":37,"turns":1},{"damage":0,"enemies":"Reptomancer","floor":40,"turns":2},{"damage":6,"enemies":"3 Darklings","floor":41,"turns":3},{"damage":6,"enemies":"Giant Head","floor":42,"turns":1},{"damage":6,"enemies":"Reptomancer","floor":44,"turns":2},{"damage":0,"enemies":"4 Shapes","floor":47,"turns":4},{"damage":8,"enemies":"Nemesis","floor":48,"turns":5},{"damage":12,"enemies":"Donu and Deca","floor":50,"turns":5},{"damage":40,"enemies":"Awakened One","floor":51,"turns":7},{"damage":16,"enemies":"Shield and Spear","floor":55,"turns":2},{"damage":35,"enemies":"The Heart","floor":56,"turns":7}],"seed_played":"-5095312892213293248","potions_obtained":[{"floor":7,"key":"FairyPotion"},{"floor":10,"key":"BloodPotion"},{"floor":19,"key":"Poison Potion"},{"floor":21,"key":"Swift Potion"},{"floor":23,"key":"PowerPotion"},{"floor":28,"key":"AttackPotion"},{"floor":35,"key":"BloodPotion"}],"is_trial":false,"path_per_floor":["M","?","?","M","?","R","E","R","T","E","M","M","R","E","R","B",null,"M","M","M","M","$","E","R","E","T","$","M","M","?","M","R","B",null,"M","?","M","$","?","E","M","E","T","E","R","?","M","E","R","B","B",null,"R","$","E","B",null],"character_chosen":"IRONCLAD","items_purchased":["Entrench","Evolve","Dead Branch","PreservedInsect","Ancient Tea Set","Self Forming Clay","Bronze Scales","Champion Belt","Art of War"],"campfire_rested":0,"item_purchase_floors":[22,22,27,38,38,38,54,54,54],"current_hp_per_floor":[74,69,69,75,64,64,70,70,70,29,35,41,41,40,40,13,60,66,66,72,58,58,54,54,44,44,44,55,66,45,60,60,78,80,80,80,80,80,80,80,80,80,80,80,80,76,76,76,76,76,62,73,73,73,76,76],"gold":146,"neow_bonus":"THREE_ENEMY_KILL","is_prod":false,"is_daily":false,"chose_seed":false,"campfire_upgraded":8,"win_rate":0,"timestamp":1564014200,"path_taken":["M","?","?","M","?","R","E","R","T","E","M","?","R","E","R","BOSS","M","M","?","?","$","E","R","E","T","$","M","?","?","M","R","BOSS","M","?","M","$","?","E","?","E","T","E","R","?","M","E","R","BOSS","BOSS","R","$","E","BOSS"],"build_version":"2019-07-17","purchased_purges":3,"victory":true,"max_hp_per_floor":[75,75,75,75,75,75,75,75,75,75,75,75,75,75,75,75,75,75,75,75,75,75,75,75,75,75,75,75,75,80,80,80,80,80,80,80,80,80,80,80,80,80,80,80,80,76,76,76,76,76,76,76,76,76,76,76],"card_choices":[{"not_picked":["True Grit","Ghostly Armor"],"picked":"Armaments","floor":1},{"not_picked":["Body Slam","Warcry"],"picked":"Shrug It Off","floor":4},{"not_picked":["Searing Blow","Warcry","True Grit"],"picked":"SKIP","floor":7},{"not_picked":["Ghostly Armor","Hemokinesis"],"picked":"Carnage","floor":10},{"not_picked":["Thunderclap","Flame Barrier"],"picked":"Carnage","floor":11},{"not_picked":["Sentinel","Intimidate"],"picked":"Cleave","floor":12},{"not_picked":["Havoc","Flame Barrier"],"picked":"Offering","floor":14},{"not_picked":["Double Tap","Barricade"],"picked":"Impervious","floor":16},{"not_picked":["Iron Wave","Armaments","Havoc"],"picked":"SKIP","floor":18},{"not_picked":["Cleave","Sentinel"],"picked":"Corruption","floor":19},{"not_picked":["Anger","Heavy Blade","Berserk"],"picked":"SKIP","floor":20},{"not_picked":["Armaments","Clash"],"picked":"Shrug It Off","floor":21},{"not_picked":["Rampage","Headbutt+1","Flex"],"picked":"SKIP","floor":23},{"not_picked":["Heavy Blade","Reaper"],"picked":"Feel No Pain","floor":25},{"not_picked":["True Grit","Twin Strike","Anger+1"],"picked":"SKIP","floor":28},{"not_picked":["True Grit","Twin Strike","Anger+1"],"picked":"SKIP","floor":28},{"not_picked":["Second Wind","Perfected Strike","Pommel Strike"],"picked":"SKIP","floor":29},{"not_picked":["Limit Break","Heavy Blade","Rage"],"picked":"SKIP","floor":31},{"not_picked":["Heavy Blade","Rage"],"picked":"Limit Break","floor":31},{"not_picked":["Barricade","Limit Break"],"picked":"Impervious","floor":33},{"not_picked":["Flex+1","Rage+1"],"picked":"Armaments","floor":35},{"not_picked":["Bloodletting","Perfected Strike+1","Second Wind"],"picked":"SKIP","floor":37},{"not_picked":["Rampage","Disarm+1"],"picked":"Offering","floor":40},{"not_picked":["Armaments+1","Heavy Blade"],"picked":"Sentinel+1","floor":41},{"not_picked":["Thunderclap+1","Havoc","Infernal Blade"],"picked":"SKIP","floor":42},{"not_picked":["True Grit","Flex"],"picked":"Power Through","floor":44},{"not_picked":["Anger","Combust+1","Twin Strike"],"picked":"SKIP","floor":47},{"not_picked":["Pommel Strike","Dark Embrace+1"],"picked":"Corruption+1","floor":48},{"not_picked":["Havoc","Sever Soul+1","Fire Breathing+1"],"picked":"SKIP","floor":55}],"player_experience":1191491,"relics_obtained":[{"floor":7,"key":"Gremlin Horn"},{"floor":9,"key":"Mercury Hourglass"},{"floor":10,"key":"Bag of Preparation"},{"floor":14,"key":"Lantern"},{"floor":23,"key":"The Courier"},{"floor":25,"key":"Bird Faced Urn"},{"floor":26,"key":"Anchor"},{"floor":40,"key":"Du-Vu Doll"},{"floor":42,"key":"Frozen Egg 2"},{"floor":44,"key":"Pocketwatch"},{"floor":48,"key":"Blue Candle"},{"floor":55,"key":"Whetstone"}],"event_choices":[{"damage_healed":0,"gold_gain":0,"player_choice":"Success","damage_taken":5,"relics_obtained":["Calipers"],"max_hp_gain":0,"max_hp_loss":0,"event_name":"Scrap Ooze","floor":2,"gold_loss":0},{"cards_removed":["Strike_R"],"damage_healed":0,"gold_gain":0,"player_choice":"Card Removal","damage_taken":0,"max_hp_gain":0,"max_hp_loss":0,"event_name":"The Cleric","floor":3,"gold_loss":75},{"damage_healed":0,"gold_gain":75,"player_choice":"Gather Gold","damage_taken":11,"max_hp_gain":0,"max_hp_loss":0,"event_name":"World of Goop","floor":5,"gold_loss":0},{"damage_healed":0,"gold_gain":0,"player_choice":"Shed Blood","damage_taken":26,"max_hp_gain":5,"max_hp_loss":0,"event_name":"Forgotten Altar","floor":30,"gold_loss":0},{"damage_healed":0,"gold_gain":999,"player_choice":"Gold","damage_taken":0,"max_hp_gain":0,"max_hp_loss":0,"event_name":"MindBloom","floor":36,"gold_loss":0,"cards_obtained":["Normality","Normality"]},{"cards_removed":["Normality"],"damage_healed":0,"gold_gain":0,"player_choice":"Removed Curses","damage_taken":0,"max_hp_gain":0,"max_hp_loss":0,"event_name":"Fountain of Cleansing","floor":39,"gold_loss":0},{"damage_healed":0,"gold_gain":0,"player_choice":"Max HP","damage_taken":0,"max_hp_gain":0,"max_hp_loss":4,"event_name":"Winding Halls","floor":46,"gold_loss":0}],"is_beta":false,"boss_relics":[{"not_picked":["Lizard Tail","White Beast Statue"],"picked":"Runic Dome"},{"not_picked":["Calling Bell","Philosopher\u0027s Stone"],"picked":"Snecko Eye"}],"items_purged_floors":[22,38,54],"is_endless":false,"potions_floor_spawned":[7,10,12,19,20,21,23,28,35,40,42,48],"ascension_level":20}