{"gold_per_floor":[112,112,129,88,106,106,106,106,132,132,132,132,173,197,197,296,296,309,347,13,13,26,26,42,42],"floor_reached":25,"playtime":1116,"items_purged":[],"score":368,"play_id":"abe2cc64-a0ae-4c20-8489-bbb8dd19f99c","local_time":"20190724195044","is_ascension_mode":true,"campfire_choices":[{"data":"Noxious Fumes","floor":6,"key":"SMITH"},{"data":"Distraction","floor":8,"key":"SMITH"},{"floor":12,"key":"REST"},{"floor":15,"key":"REST"},{"floor":23,"key":"REST"}],"neow_cost":"NONE","seed_source_timestamp":437472725294363,"circlet_count":0,"master_deck":["AscendersBane","Strike_G","Strike_G","Strike_G","Strike_G","Defend_G","Defend_G","Defend_G","Defend_G","Defend_G","Survivor","Neutralize","Noxious Fumes+1","Expertise","Flying Knee","Distraction+1","PiercingWail","Parasite","Flying Knee","Glass Knife","Unload","Distraction","Quick Slash+1","Calculated Gamble","PiercingWail"],"relics":["Ring of the Snake","NeowsBlessing","Snake Skull","Golden Idol","Tough Bandages","Fusion Hammer","Red Mask","Tingsha"],"potions_floor_usage":[16,18,19,25],"damage_taken":[{"damage":0,"enemies":"Jaw Worm","floor":1,"turns":1},{"damage":0,"enemies":"Cultist","floor":3,"turns":1},{"damage":0,"enemies":"2 Louse","floor":5,"turns":1},{"damage":37,"enemies":"Gremlin Nob","floor":13,"turns":5},{"damage":0,"enemies":"2 Fungi Beasts","floor":14,"turns":3},{"damage":20,"enemies":"The Guardian","floor":16,"turns":11},{"damage":15,"enemies":"3 Byrds","floor":18,"turns":4},{"damage":8,"enemies":"Masked Bandits","floor":19,"turns":4},{"damage":9,"enemies":"Shell Parasite","floor":22,"turns":4},{"damage":9,"enemies":"Snake Plant","floor":24,"turns":5},{"damage":53,"enemies":"Slavers","floor":25,"turns":4}],"seed_played":"7075946961880049077","potions_obtained":[{"floor":1,"key":"Strength Potion"},{"floor":5,"key":"Explosive Potion"},{"floor":16,"key":"SteroidPotion"},{"floor":22,"key":"SpeedPotion"}],"is_trial":false,"path_per_floor":["M","?","M","$","M","R","$","R","T","?","?","R","E","M","R","B",null,"M","?","$","?","M","R","M","E"],"character_chosen":"THE_SILENT","items_purchased":["Distraction","Tingsha"],"campfire_rested":3,"item_purchase_floors":[4,20],"current_hp_per_floor":[59,59,59,59,59,59,59,59,59,36,52,66,29,29,48,28,57,42,34,34,47,38,57,48,0],"gold":42,"neow_bonus":"THREE_ENEMY_KILL","is_prod":false,"is_daily":false,"chose_seed":false,"campfire_upgraded":2,"win_rate":0,"timestamp":1563987044,"path_taken":["M","?","M","$","?","R","$","R","T","?","?","R","E","M","R","BOSS","M","?","$","?","M","R","M","E"],"build_version":"2019-07-17","purchased_purges":0,"victory":false,"max_hp_per_floor":[66,66,66,66,66,66,66,66,66,66,66,66,66,66,66,66,66,66,66,66,66,66,66,66,66],"card_choices":[{"not_picked":["Footwork","Endless Agony"],"picked":"Noxious Fumes","floor":1},{"not_picked":["Accuracy","Endless Agony"],"picked":"Flying Knee","floor":3},{"not_picked":["Deflect","Expertise"],"picked":"PiercingWail","floor":5},{"not_picked":["Finisher","Terror"],"picked":"Flying Knee","floor":13},{"not_picked":["Slice","Reflex"],"picked":"Glass Knife","floor":14},{"not_picked":["Glass Knife","A Thousand Cuts"],"picked":"Unload","floor":16},{"not_picked":["Eviscerate","Blade Dance+1"],"picked":"Distraction","floor":18},{"not_picked":["Dagger Spray","PiercingWail"],"picked":"Quick Slash+1","floor":19},{"not_picked":["Riddle With Holes","Distraction"],"picked":"Calculated Gamble","floor":22},{"not_picked":["Dodge and Roll","Outmaneuver+1"],"picked":"PiercingWail","floor":24}],"player_experience":1648273,"relics_obtained":[{"floor":9,"key":"Snake Skull"},{"floor":13,"key":"Tough Bandages"},{"floor":19,"key":"Red Mask"}],"event_choices":[{"damage_healed":0,"gold_gain":0,"cards_transformed":["Strike_G"],"player_choice":"Transformed","damage_taken":0,"max_hp_gain":0,"max_hp_loss":0,"event_name":"Transmorgrifier","floor":2,"gold_loss":0,"cards_obtained":["Expertise"]},{"damage_healed":0,"gold_gain":0,"player_choice":"Take Damage","damage_taken":23,"relics_obtained":["Golden Idol"],"max_hp_gain":0,"max_hp_loss":0,"event_name":"Golden Idol","floor":10,"gold_loss":0},{"damage_healed":16,"gold_gain":0,"player_choice":"Healed and dodged fight","damage_taken":0,"max_hp_gain":0,"max_hp_loss":0,"event_name":"Mushrooms","floor":11,"gold_loss":0,"cards_obtained":["Parasite"]},{"damage_healed":0,"gold_gain":0,"player_choice":"Fought Bandits","damage_taken":0,"max_hp_gain":0,"max_hp_loss":0,"event_name":"Masked Bandits","floor":19,"gold_loss":0},{"damage_healed":13,"gold_gain":0,"player_choice":"Heal","damage_taken":0,"max_hp_gain":0,"max_hp_loss":0,"event_name":"The Library","floor":21,"gold_loss":0}],"is_beta":false,"boss_relics":[{"not_picked":["Snecko Eye","Astrolabe"],"picked":"Fusion Hammer"}],"items_purged_floors":[],"is_endless":false,"potions_floor_spawned":[1,5,16,22],"killed_by":"Slavers","ascension_level":17}