{"gold_per_floor":[117,136,311,311,326,326,352,387,460,382,382,25,125,136,136,136],"floor_reached":16,"playtime":615,"items_purged":[],"score":157,"play_id":"da2091e6-dcba-4d6b-8a55-fbacf9d7ed10","local_time":"20190616123744","is_ascension_mode":true,"campfire_choices":[{"data":"All Out Attack","floor":6.0,"key":"SMITH"},{"floor":15.0,"key":"REST"}],"neow_cost":"NONE","seed_source_timestamp":236654729821984,"circlet_count":0,"master_deck":["Defend_G","Defend_G","Defend_G","Defend_G","Defend_G","Strike_G","Strike_G","Strike_G","Strike_G","Strike_G","Survivor","Neutralize","All Out Attack+1","Underhanded Strike","Doubt","Backstab","Backflip","Tactician+1","Setup","Chrysalis","Dramatic Entrance","Heel Hook"],"special_seed":0,"relics":["Ring of the Snake","NeowsBlessing","WingedGreaves","Bronze Scales","Sundial"],"potions_floor_usage":[16,16,16],"damage_taken":[{"damage":0.0,"enemies":"Jaw Worm","floor":1.0,"turns":1.0},{"damage":0.0,"enemies":"2 Louse","floor":2.0,"turns":1.0},{"damage":0.0,"enemies":"Cultist","floor":5.0,"turns":1.0},{"damage":10.0,"enemies":"3 Sentries","floor":7.0,"turns":6.0},{"damage":16.0,"enemies":"Gremlin Nob","floor":8.0,"turns":4.0},{"damage":1.0,"enemies":"2 Fungi Beasts","floor":14.0,"turns":2.0},{"damage":42,"enemies":"The Guardian","floor":16,"turns":12}],"seed_played":"-4462516537725668274","potions_obtained":[{"floor":5.0,"key":"Fire Potion"},{"floor":7.0,"key":"Explosive Potion"},{"floor":14.0,"key":"GhostInAJar"}],"is_trial":false,"path_per_floor":["M","M","?","?","M","R","E","E","T","$","?","$","?","M","R","B"],"character_chosen":"THE_SILENT","items_purchased":["Setup","Chrysalis","Dramatic Entrance","PowerPotion","Block Potion"],"campfire_rested":1,"item_purchase_floors":[10,12,12,12,12],"current_hp_per_floor":[63,63,63,63,63,63,53,37,37,37,37,37,37,36,57,15],"gold":136,"neow_bonus":"THREE_ENEMY_KILL","is_prod":false,"is_daily":false,"chose_seed":false,"campfire_upgraded":1,"win_rate":0,"timestamp":1560677864,"path_taken":["M","M","?","?","M","R","E","E","T","$","?","$","?","?","R","BOSS"],"build_version":"2019-01-23","purchased_purges":0,"victory":false,"max_hp_per_floor":[70,70,70,70,70,70,70,70,70,70,70,70,70,70,70,70],"card_choices":[{"not_picked":["Slice","Leg Sweep"],"picked":"All Out Attack","floor":1.0},{"not_picked":["Outmaneuver","Quick Slash"],"picked":"Underhanded Strike","floor":2.0},{"not_picked":["Escape Plan","Masterful Stab"],"picked":"Backstab","floor":5.0},{"not_picked":["Bouncing Flask","Flying Knee"],"picked":"Backflip","floor":7.0},{"not_picked":["Heel Hook","Acrobatics"],"picked":"Tactician","floor":8.0},{"not_picked":["Corpse Explosion","Dagger Spray"],"picked":"Heel Hook","floor":14.0}],"player_experience":1536870,"relics_obtained":[{"floor":7.0,"key":"WingedGreaves"},{"floor":8.0,"key":"Bronze Scales"},{"floor":9.0,"key":"Sundial"}],"event_choices":[{"damage_healed":0.0,"max_hp_gain":0.0,"max_hp_loss":0.0,"gold_gain":175.0,"event_name":"Liars Game","player_choice":"AGREE","floor":3.0,"gold_loss":0.0,"damage_taken":0.0,"cards_obtained":["Doubt"]},{"damage_healed":0.0,"max_hp_gain":0.0,"max_hp_loss":0.0,"gold_gain":0.0,"event_name":"Shining Light","player_choice":"Ignored","floor":4.0,"gold_loss":0.0,"damage_taken":0.0},{"damage_healed":0.0,"max_hp_gain":0.0,"max_hp_loss":0.0,"gold_gain":0.0,"event_name":"Living Wall","player_choice":"Grow","floor":11.0,"gold_loss":0.0,"damage_taken":0.0,"cards_upgraded":["Tactician"]},{"damage_healed":0.0,"max_hp_gain":0.0,"max_hp_loss":0.0,"gold_gain":100.0,"event_name":"Golden Shrine","player_choice":"Pray","floor":13.0,"gold_loss":0.0,"damage_taken":0.0}],"is_beta":false,"boss_relics":[],"items_purged_floors":[],"is_endless":false,"potions_floor_spawned":[5,7,14],"killed_by":"The Guardian","ascension_level":9}