{"gold_per_floor":[115,132,147,147,16,16,47,47,70,70,98,98,25,25,25,123,123,109,119,119,130,130],"floor_reached":22,"playtime":1239,"items_purged":[],"score":240,"play_id":"346cf268-2c36-4c5f-ba11-5cf227fbc902","local_time":"20180705011146","is_ascension_mode":true,"campfire_choices":[{"data":"Crippling Poison","floor":6,"key":"SMITH"},{"data":"Blur","floor":8,"key":"SMITH"},{"data":"Survivor","floor":10,"key":"SMITH"},{"floor":15,"key":"REST"}],"neow_cost":"","seed_source_timestamp":19490871849359,"circlet_count":0,"master_deck":["Defend_G","Defend_G","Defend_G","Defend_G","Defend_G","Strike_G","Strike_G","Survivor+1","Neutralize","Crippling Poison+1","Heel Hook","Poisoned Stab+1","Regret","Deadly Poison","Poisoned Stab","Riddle With Holes","Blur+1","Footwork","Decay","Burst","Outmaneuver+1","Expertise+1","Underhanded Strike+1","PiercingWail+1","Riddle With Holes","Dodge and Roll"],"relics":["Ring of the Snake","Potion Belt","Happy Flower","Boot","Juzu Bracelet","Astrolabe"],"potions_floor_usage":[7,7,16,22],"damage_taken":[{"damage":1,"enemies":"Jaw Worm","floor":1,"turns":5},{"damage":0,"enemies":"Cultist","floor":2,"turns":4},{"damage":2,"enemies":"Small Slimes","floor":3,"turns":4},{"damage":27,"enemies":"Lagavulin","floor":7,"turns":5},{"damage":26,"enemies":"Gremlin Nob","floor":11,"turns":4},{"damage":40,"enemies":"Slime Boss","floor":16,"turns":12},{"damage":8,"enemies":"2 Thieves","floor":18,"turns":4},{"damage":2,"enemies":"3 Byrds","floor":19,"turns":4},{"damage":39,"enemies":"Sentry and Sphere","floor":21,"turns":5},{"damage":0,"enemies":"Centurion and Healer","floor":22,"turns":1}],"seed_played":"689922197759847157","potions_obtained":[{"floor":2,"key":"AttackPotion"},{"floor":3,"key":"AttackPotion"},{"floor":7,"key":"Regen Potion"},{"floor":19,"key":"SteroidPotion"}],"is_trial":false,"path_per_floor":["M","M","M","?","$","R","E","R","T","R","E","?","$","?","R","B",null,"M","M","?","M"],"character_chosen":"THE_SILENT","items_purchased":["Deadly Poison","Poisoned Stab","Riddle With Holes","Footwork"],"campfire_rested":1,"item_purchase_floors":[5,5,5,13],"current_hp_per_floor":[69,69,67,67,67,67,40,40,40,40,14,14,14,14,35,10,55,47,45,45,6,6],"gold":130,"neow_bonus":"","is_prod":false,"is_daily":false,"chose_seed":false,"campfire_upgraded":3,"win_rate":0,"timestamp":1530745906,"path_taken":["M","M","M","?","?","R","E","R","T","R","E","?","$","?","R","BOSS","M","M","?","M","M"],"build_version":"2018-06-28","purchased_purges":0,"victory":false,"max_hp_per_floor":[70,70,70,70,70,70,70,70,70,70,70,70,70,70,70,70,70,70,70,70,70,70],"card_choices":[{"not_picked":["Slice","PiercingWail"],"picked":"Crippling Poison","floor":1},{"not_picked":["Eviscerate","Sucker Punch"],"picked":"Heel Hook","floor":2},{"not_picked":["Finisher","Slice"],"picked":"Poisoned Stab","floor":3},{"not_picked":["Infinite Blades","Deadly Poison"],"picked":"Blur","floor":7},{"not_picked":["Venomology","After Image"],"picked":"Burst","floor":16},{"not_picked":["Flying Knee","Deadly Poison"],"picked":"PiercingWail+1","floor":18},{"not_picked":["Dash","Flying Knee+1","Deflect+1"],"picked":"SKIP","floor":19},{"not_picked":["Caltrops","Quick Slash+1"],"picked":"Dodge and Roll","floor":21}],"player_experience":660276,"relics_obtained":[{"floor":7,"key":"Happy Flower"},{"floor":9,"key":"Boot"},{"floor":11,"key":"Juzu Bracelet"}],"event_choices":[{"event_name":"Big Fish","player_choice":"Box","floor":4,"damage_taken":0},{"event_name":"Living Wall","player_choice":"Grow","floor":12,"damage_taken":0},{"event_name":"Wheel of Change","player_choice":"Curse","floor":14,"damage_taken":0},{"event_name":"The Library","player_choice":"Read","floor":20,"damage_taken":0}],"boss_relics":[{"not_picked":["White Beast Statue","Fusion Hammer"],"picked":"Astrolabe"}],"items_purged_floors":[],"is_endless":false,"potions_floor_spawned":[2,3,7,19],"killed_by":"Centurion and Healer","ascension_level":5}