{"gold_per_floor":[116,135,135,149,199,231,231,231,231,71,71,71,97,110,110,110],"floor_reached":16,"playtime":380,"items_purged":[],"score":266,"play_id":"4af1283f-5acd-47ff-8e99-68132faa8c76","local_time":"20190615001956","is_ascension_mode":true,"campfire_choices":[{"data":"Consume","floor":7,"key":"SMITH"},{"floor":12,"key":"REST"},{"floor":15,"key":"REST"}],"neow_cost":"NONE","seed_source_timestamp":35275218567500,"circlet_count":0,"master_deck":["AscendersBane","Strike_B","Defend_B","Defend_B","Defend_B","Zap","Dualcast","Streamline","Consume+1","Rainbow","FTL","Defragment","Defragment","Gash"],"relics":["Empty Cage","Oddly Smooth Stone","Shuriken","Kunai","Du-Vu Doll"],"potions_floor_usage":[13,16],"damage_taken":[{"damage":4,"enemies":"Small Slimes","floor":1,"turns":3},{"damage":1,"enemies":"Cultist","floor":2,"turns":3},{"damage":3,"enemies":"2 Louse","floor":4,"turns":2},{"damage":22,"enemies":"Lagavulin","floor":6,"turns":7},{"damage":25,"enemies":"3 Sentries","floor":13,"turns":11},{"damage":19,"enemies":"Looter","floor":14,"turns":4},{"damage":28,"enemies":"Hexaghost","floor":16,"turns":7}],"seed_played":"-7020272911391960217","potions_obtained":[{"floor":1,"key":"Energy Potion"},{"floor":4,"key":"Energy Potion"}],"is_trial":false,"path_per_floor":["M","M","?","M","T","E","R","?","T","$","?","R","E","M","R","B"],"character_chosen":"DEFECT","items_purchased":["FTL","Defragment"],"campfire_rested":2,"item_purchase_floors":[10,10],"current_hp_per_floor":[60,59,59,56,56,34,34,27,27,27,27,48,23,4,25,0],"gold":110,"neow_bonus":"BOSS_RELIC","is_prod":false,"is_daily":false,"chose_seed":false,"campfire_upgraded":1,"win_rate":0,"timestamp":1560525596,"path_taken":["M","M","?","?","?","E","R","?","T","$","?","R","E","M","R","BOSS"],"build_version":"2019-01-23","purchased_purges":0,"victory":false,"max_hp_per_floor":[71,71,71,71,71,71,71,71,71,71,71,71,71,71,71,71],"card_choices":[{"not_picked":["Aggregate","Lockon"],"picked":"Streamline","floor":1},{"not_picked":["Go for the Eyes","Redo"],"picked":"Consume","floor":2},{"not_picked":["Steam","Streamline","Lockon"],"picked":"SKIP","floor":4},{"not_picked":["Melter","Storm"],"picked":"Rainbow","floor":6},{"not_picked":["Sweeping Beam","Go for the Eyes"],"picked":"Defragment","floor":13},{"not_picked":["Steam","Compile Driver"],"picked":"Gash","floor":14}],"player_experience":661934,"relics_obtained":[{"floor":5,"key":"Oddly Smooth Stone"},{"floor":6,"key":"Shuriken"},{"floor":9,"key":"Kunai"},{"floor":13,"key":"Du-Vu Doll"}],"event_choices":[{"cards_removed":["Strike_B"],"damage_healed":0,"gold_gain":0,"player_choice":"Purged","damage_taken":0,"max_hp_gain":0,"max_hp_loss":0,"event_name":"Purifier","floor":3,"gold_loss":0},{"cards_removed":["Strike_B"],"damage_healed":0,"gold_gain":0,"player_choice":"Card Removal","damage_taken":7,"max_hp_gain":0,"max_hp_loss":0,"event_name":"Golden Wing","floor":8,"gold_loss":0},{"damage_healed":0,"gold_gain":0,"player_choice":"Ignored","damage_taken":0,"max_hp_gain":0,"max_hp_loss":0,"event_name":"Liars Game","floor":11,"gold_loss":0}],"is_beta":false,"boss_relics":[],"items_purged_floors":[],"is_endless":false,"potions_floor_spawned":[1,4],"killed_by":"Hexaghost","ascension_level":20}