{"gold_per_floor":[368,518,20,35,62,62,90,101,101,101,121,136,150,185,185,264,264,241,241,91,102,119,119],"floor_reached":23,"playtime":1844,"items_purged":["Doubt","Shame"],"score":396,"play_id":"6347183f-610a-4c76-9db2-69ddc1de9da5","local_time":"20190523120549","is_ascension_mode":true,"campfire_choices":[{"data":"Noxious Fumes","floor":6,"key":"SMITH"},{"floor":10,"key":"REST"},{"data":"Well Laid Plans","floor":15,"key":"SMITH"}],"neow_cost":"CURSE","seed_source_timestamp":58788402430784,"circlet_count":0,"master_deck":["AscendersBane","Defend_G+1","Defend_G","Defend_G+1","Defend_G","Defend_G","Strike_G","Strike_G","Strike_G","Strike_G","Strike_G","Survivor","Neutralize","Injury","Backstab","Noxious Fumes+1","Sucker Punch","Escape Plan","Dagger Spray","Crippling Poison","Well Laid Plans+1","Burst","Dodge and Roll","Cloak And Dagger","Footwork","Bane+1"],"special_seed":0,"relics":["Ring of the Snake","Pocketwatch","War Paint","Vajra","Darkstone Periapt","Peace Pipe","Sozu","Regal Pillow"],"potions_floor_usage":[14,14,16],"damage_taken":[{"damage":1,"enemies":"Jaw Worm","floor":1,"turns":5},{"damage":0,"enemies":"Cultist","floor":4,"turns":3},{"damage":35,"enemies":"Gremlin Nob","floor":7,"turns":5},{"damage":0,"enemies":"Small Slimes","floor":8,"turns":3},{"damage":0,"enemies":"Looter","floor":11,"turns":2},{"damage":0,"enemies":"3 Louse","floor":12,"turns":1},{"damage":0,"enemies":"Lots of Slimes","floor":13,"turns":2},{"damage":1,"enemies":"Lagavulin","floor":14,"turns":7},{"damage":27,"enemies":"Hexaghost","floor":16,"turns":11},{"damage":12,"enemies":"2 Thieves","floor":18,"turns":4},{"damage":7,"enemies":"Spheric Guardian","floor":21,"turns":6},{"damage":4,"enemies":"Centurion and Healer","floor":22,"turns":8},{"damage":32,"enemies":"Slavers","floor":23,"turns":3}],"seed_played":"-8669037810546697601","potions_obtained":[{"floor":11,"key":"EssenceOfSteel"},{"floor":12,"key":"Poison Potion"},{"floor":14,"key":"FearPotion"}],"is_trial":false,"path_per_floor":["M","?","$","M","T","R","E","M","T","R","M","M","M","E","R","B",null,"M","?","$","M","M","E"],"character_chosen":"THE_SILENT","items_purchased":["Pocketwatch","Noxious Fumes","Cloak And Dagger"],"campfire_rested":1,"item_purchase_floors":[3,3,20],"current_hp_per_floor":[58,58,58,58,58,58,23,23,23,42,42,42,42,41,41,14,53,41,47,47,40,36,4],"gold":119,"neow_bonus":"TWO_FIFTY_GOLD","is_prod":false,"is_daily":false,"chose_seed":false,"campfire_upgraded":2,"win_rate":0,"timestamp":1558605949,"path_taken":["M","?","$","M","?","R","E","M","T","R","?","M","M","E","R","BOSS","M","?","$","M","M","E"],"build_version":"2019-01-23","purchased_purges":2,"victory":false,"max_hp_per_floor":[66,66,66,66,66,66,66,66,66,66,66,66,66,66,66,66,66,66,72,72,72,72,72],"card_choices":[{"not_picked":["Calculated Gamble","Dash"],"picked":"Backstab","floor":1},{"not_picked":["Dagger Throw","Predator"],"picked":"Sucker Punch","floor":4},{"not_picked":["Dagger Throw","Calculated Gamble"],"picked":"Escape Plan","floor":7},{"not_picked":["Deadly Poison","Bane"],"picked":"Dagger Spray","floor":8},{"not_picked":["Deflect","Slice"],"picked":"Crippling Poison","floor":11},{"not_picked":["Blade Dance","Adrenaline"],"picked":"Well Laid Plans","floor":14},{"not_picked":["Phantasmal Killer","Adrenaline"],"picked":"Burst","floor":16},{"not_picked":["Bane","Blade Dance"],"picked":"Dodge and Roll","floor":18},{"not_picked":["Flying Knee","Dash+1"],"picked":"Footwork","floor":21},{"not_picked":["Slice","Reflex"],"picked":"Bane+1","floor":22}],"player_experience":946232,"relics_obtained":[{"floor":5,"key":"War Paint"},{"floor":7,"key":"Vajra"},{"floor":9,"key":"Darkstone Periapt"},{"floor":14,"key":"Peace Pipe"}],"event_choices":[{"damage_healed":0,"gold_gain":150,"player_choice":"AGREE","damage_taken":0,"max_hp_gain":0,"max_hp_loss":0,"event_name":"Liars Game","floor":2,"gold_loss":0,"cards_obtained":["Doubt"]},{"damage_healed":0,"gold_gain":0,"player_choice":"Stole Relic","damage_taken":0,"relics_obtained":["Regal Pillow"],"max_hp_gain":0,"max_hp_loss":0,"event_name":"Addict","floor":19,"gold_loss":0,"cards_obtained":["Shame"]}],"is_beta":false,"boss_relics":[{"not_picked":["Fusion Hammer","Runic Dome"],"picked":"Sozu"}],"items_purged_floors":[3,20],"is_endless":false,"potions_floor_spawned":[11,12,14,18,21,22],"killed_by":"Slavers","ascension_level":19}