{"gold_per_floor":[13,13,13,34,58,58,101,101,178,214,179,179,218,242,242,338,338,351,374,23,23,23,23,23,23,23,23,56,66,83,93,93,168,168,186,198,249,1248,906,970,397,424,447,447,463,475,200,200,200,200,200,200,200,20,48,48],"floor_reached":56,"playtime":2131,"items_purged":["Normality","Strike_B"],"score":2107,"play_id":"5e9f246b-558c-45ed-b230-0fd5e6a40e7a","local_time":"20190703201307","is_ascension_mode":true,"campfire_choices":[{"data":"Buffer","floor":6.0,"key":"SMITH"},{"data":"Sunder","floor":8.0,"key":"SMITH"},{"data":"Darkness","floor":15.0,"key":"SMITH"},{"data":"Defragment","floor":23.0,"key":"SMITH"},{"data":"Biased Cognition","floor":25.0,"key":"SMITH"},{"data":"Heatsinks","floor":27.0,"key":"SMITH"},{"floor":32.0,"key":"REST"},{"floor":44.0,"key":"RECALL"},{"data":"Blizzard","floor":49.0,"key":"SMITH"},{"floor":53.0,"key":"REST"}],"neow_cost":"NO_GOLD","seed_source_timestamp":386154415629200,"circlet_count":0,"master_deck":["AscendersBane","Defend_B","Defend_B+1","Defend_B","Defend_B","Zap","Dualcast","Buffer+1","Chill","Streamline+1","Sunder+1","Darkness+1","Cold Snap","Biased Cognition+1","Defragment+1","Heatsinks+1","FTL","White Noise+1","Force Field+1","Meteor Strike","Hologram+1","Electrodynamics","Recycle+1","Discovery+1","White Noise+1","Panacea+1","Blizzard+1","Capacitor+1","Echo Form","Consume+1"],"special_seed":0,"relics":["Cracked Core","Bloody Idol","Omamori","Singing Bowl","Happy Flower","Letter Opener","Philosopher\u0027s Stone","Toxic Egg 2","Necronomicon","Sozu","Girya","Blood Vial","Tiny Chest","Lantern","Frozen Eye","Pen Nib","Juzu Bracelet","Cables","Calipers","Bag of Preparation"],"potions_floor_usage":[55],"damage_taken":[{"damage":4.0,"enemies":"Small Slimes","floor":1.0,"turns":4.0},{"damage":7.0,"enemies":"2 Louse","floor":4.0,"turns":3.0},{"damage":0.0,"enemies":"Jaw Worm","floor":5.0,"turns":4.0},{"damage":26.0,"enemies":"3 Sentries","floor":7.0,"turns":10.0},{"damage":0.0,"enemies":"Gremlin Nob","floor":10.0,"turns":4.0},{"damage":1.0,"enemies":"3 Sentries","floor":13.0,"turns":7.0},{"damage":0.0,"enemies":"3 Louse","floor":14.0,"turns":3.0},{"damage":0.0,"enemies":"Slime Boss","floor":16.0,"turns":7.0},{"damage":0.0,"enemies":"3 Byrds","floor":18.0,"turns":3.0},{"damage":0.0,"enemies":"Chosen","floor":19.0,"turns":4.0},{"damage":19.0,"enemies":"Book of Stabbing","floor":28.0,"turns":5.0},{"damage":7.0,"enemies":"Snecko","floor":29.0,"turns":4.0},{"damage":4.0,"enemies":"Cultist and Chosen","floor":30.0,"turns":5.0},{"damage":0.0,"enemies":"Sentry and Sphere","floor":31.0,"turns":3.0},{"damage":5.0,"enemies":"Automaton","floor":33.0,"turns":7.0},{"damage":2.0,"enemies":"Orb Walker","floor":35.0,"turns":2.0},{"damage":0.0,"enemies":"3 Shapes","floor":36.0,"turns":2.0},{"damage":24.0,"enemies":"2 Orb Walkers","floor":37.0,"turns":3.0},{"damage":33.0,"enemies":"Nemesis","floor":40.0,"turns":5.0},{"damage":6.0,"enemies":"Giant Head","floor":42.0,"turns":7.0},{"damage":0.0,"enemies":"Sphere and 2 Shapes","floor":45.0,"turns":3.0},{"damage":28.0,"enemies":"Maw","floor":46.0,"turns":4.0},{"damage":0.0,"enemies":"Donu and Deca","floor":50.0,"turns":6.0},{"damage":36.0,"enemies":"Time Eater","floor":51.0,"turns":7.0},{"damage":45,"enemies":"Shield and Spear","floor":55,"turns":8},{"damage":43,"enemies":"The Heart","floor":56,"turns":3}],"seed_played":"6589313488187973289","potions_obtained":[{"floor":5.0,"key":"Swift Potion"},{"floor":7.0,"key":"SpeedPotion"},{"floor":13.0,"key":"AttackPotion"},{"floor":18.0,"key":"Ancient Potion"},{"floor":19.0,"key":"SpeedPotion"},{"floor":30.0,"key":"Energy Potion"}],"is_trial":false,"path_per_floor":["M","?","?","M","M","R","E","R","T","E","?","?","E","M","R","B",null,"M","M","$","?","?","R","?","R","T","R","E","M","M","M","R","B",null,"M","M","?","?","$","E","$","E","T","R","M","M","$","T","R","B","B",null,"R","$","E","B"],"character_chosen":"DEFECT","items_purchased":["Toxic Egg 2","Defragment","Discovery+1","Blood Vial","Lantern","Panacea+1","Frozen Eye","Cables","Echo Form"],"campfire_rested":2,"item_purchase_floors":[20,20,39,39,41,41,41,47,54],"current_hp_per_floor":[60,60,60,53,53,53,27,27,27,29,45,25,26,26,26,26,58,60,62,62,62,62,62,41,41,41,41,27,25,26,31,52,52,67,72,76,57,62,62,41,41,42,47,47,54,35,35,35,35,37,3,59,78,78,38,0],"gold":48,"neow_bonus":"THREE_RARE_CARDS","is_prod":false,"is_daily":false,"chose_seed":false,"campfire_upgraded":7,"win_rate":0,"timestamp":1562152387,"path_taken":["M","?","?","M","M","R","E","R","T","E","?","?","E","M","R","BOSS","M","M","$","?","?","R","?","R","T","R","E","M","M","M","R","BOSS","M","M","?","?","$","E","$","E","T","R","M","M","$","?","R","BOSS","BOSS","R","$","E","BOSS"],"build_version":"2019-07-01","purchased_purges":2,"victory":false,"max_hp_per_floor":[71,64,64,64,64,64,64,64,64,66,66,66,68,68,68,68,68,70,72,72,72,72,72,72,72,72,72,72,72,72,72,72,72,72,74,76,76,76,76,76,76,76,76,76,76,78,78,78,78,78,78,78,78,78,78,78],"card_choices":[{"not_picked":["Rainbow","All For One"],"picked":"Buffer","floor":0.0},{"not_picked":["Streamline","Barrage"],"picked":"Chill","floor":1.0},{"not_picked":["Genetic Algorithm","Barrage"],"picked":"Sunder","floor":4.0},{"not_picked":["Leap","Genetic Algorithm"],"picked":"Darkness","floor":5.0},{"not_picked":["Ball Lightning","Rebound","Storm"],"picked":"SKIP","floor":7.0},{"not_picked":["BootSequence","Steam Power","Heatsinks"],"picked":"Singing Bowl","floor":10.0},{"not_picked":["Stack","Go for the Eyes","BootSequence"],"picked":"Singing Bowl","floor":13.0},{"not_picked":["Go for the Eyes","Chill"],"picked":"Cold Snap","floor":14.0},{"not_picked":["Buffer","All For One"],"picked":"Biased Cognition","floor":16.0},{"not_picked":["Hello World","Steam","Doom and Gloom"],"picked":"Singing Bowl","floor":18.0},{"not_picked":["Barrage","Ball Lightning","Sunder+1"],"picked":"Singing Bowl","floor":19.0},{"not_picked":["Compile Driver","Leap+1"],"picked":"White Noise+1","floor":28.0},{"not_picked":["Gash","Ball Lightning"],"picked":"Force Field+1","floor":29.0},{"not_picked":["Steam+1","Turbo+1"],"picked":"Meteor Strike","floor":30.0},{"not_picked":["Stack+1","Rebound"],"picked":"Hologram+1","floor":31.0},{"not_picked":["Reboot+1","Seek+1"],"picked":"Electrodynamics","floor":33.0},{"not_picked":["Beam Cell","Conserve Battery+1","Compile Driver"],"picked":"Singing Bowl","floor":35.0},{"not_picked":["Redo+1","Beam Cell","Melter+1"],"picked":"Singing Bowl","floor":36.0},{"not_picked":["Self Repair+1","Redo+1"],"picked":"Recycle+1","floor":37.0},{"not_picked":["Beam Cell+1","Stack+1"],"picked":"White Noise+1","floor":40.0},{"not_picked":["Reinforced Body+1","Barrage+1"],"picked":"Blizzard","floor":42.0},{"not_picked":["Glacier+1","Stack+1"],"picked":"Capacitor+1","floor":45.0},{"not_picked":["Beam Cell","Hologram+1","All For One"],"picked":"Singing Bowl","floor":46.0},{"not_picked":["Redo+1","Self Repair"],"picked":"Consume+1","floor":55}],"player_experience":914623,"relics_obtained":[{"floor":7.0,"key":"Omamori"},{"floor":9.0,"key":"Singing Bowl"},{"floor":10.0,"key":"Happy Flower"},{"floor":13.0,"key":"Letter Opener"},{"floor":24.0,"key":"Necronomicon"},{"floor":37.0,"key":"Girya"},{"floor":40.0,"key":"Tiny Chest"},{"floor":42.0,"key":"Pen Nib"},{"floor":43.0,"key":"Juzu Bracelet"},{"floor":48.0,"key":"Calipers"},{"floor":55,"key":"Bag of Preparation"}],"event_choices":[{"damage_healed":0.0,"max_hp_gain":0.0,"max_hp_loss":7.0,"gold_gain":0.0,"event_name":"Golden Idol","player_choice":"Lose Max HP","floor":2.0,"gold_loss":0.0,"damage_taken":0.0,"relics_obtained":["Golden Idol"]},{"damage_healed":0.0,"max_hp_gain":0.0,"max_hp_loss":0.0,"gold_gain":0.0,"cards_transformed":["Strike_B"],"event_name":"Living Wall","player_choice":"Change","floor":3.0,"gold_loss":0.0,"damage_taken":0.0,"cards_obtained":["Streamline"]},{"damage_healed":16.0,"max_hp_gain":0.0,"max_hp_loss":0.0,"gold_gain":0.0,"event_name":"The Cleric","player_choice":"Healed","floor":11.0,"gold_loss":35.0,"damage_taken":0.0},{"damage_healed":0.0,"max_hp_gain":0.0,"max_hp_loss":0.0,"gold_gain":0.0,"event_name":"Shining Light","player_choice":"Entered Light","floor":12.0,"gold_loss":0.0,"damage_taken":20.0,"cards_upgraded":["Defend_B","Streamline"]},{"damage_healed":0.0,"max_hp_gain":0.0,"max_hp_loss":0.0,"gold_gain":0.0,"event_name":"Forgotten Altar","player_choice":"Gave Idol","floor":21.0,"relics_lost":["Golden Idol"],"gold_loss":0.0,"damage_taken":0.0,"relics_obtained":["Bloody Idol"]},{"damage_healed":0.0,"max_hp_gain":0.0,"max_hp_loss":0.0,"gold_gain":0.0,"cards_transformed":["Strike_B","Strike_B"],"event_name":"Drug Dealer","player_choice":"Became Test Subject","floor":22.0,"gold_loss":0.0,"damage_taken":0.0,"cards_obtained":["Heatsinks","FTL"]},{"damage_healed":0.0,"max_hp_gain":0.0,"max_hp_loss":0.0,"gold_gain":0.0,"event_name":"Cursed Tome","player_choice":"Obtained Book","floor":24.0,"gold_loss":0.0,"damage_taken":21.0},{"damage_healed":0.0,"max_hp_gain":0.0,"max_hp_loss":0.0,"gold_gain":0.0,"event_name":"Mysterious Sphere","player_choice":"Fight","floor":37.0,"gold_loss":0.0,"damage_taken":0.0},{"damage_healed":0.0,"max_hp_gain":0.0,"max_hp_loss":0.0,"gold_gain":999.0,"event_name":"MindBloom","player_choice":"Gold","floor":38.0,"gold_loss":0.0,"damage_taken":0.0,"cards_obtained":["Normality","Normality"]}],"is_beta":false,"boss_relics":[{"not_picked":["White Beast Statue","Runic Pyramid"],"picked":"Philosopher\u0027s Stone"},{"not_picked":["Lizard Tail","FrozenCore"],"picked":"Sozu"}],"items_purged_floors":[39,41],"is_endless":false,"potions_floor_spawned":[5,7,13,16,18,19,30,37,45,46],"killed_by":"The Heart","ascension_level":20}